4008 6170
340 409 379 469 98
844 400 1176 463 THEOLOGICORUM
1197 349 1428 461 DCGMATUM.

379 553 445 614 Vll.
468 552 590 615 Etenim
614 551 712 612 Deum
733 550 904 630 cujusmodi
918 550 953 610 111
969 568 1002 611 se
1014 556 1059 611 est
1073 550 1112 610 li-
1165 550 1371 611 miscemusac
1381 549 1484 609 minus
1494 548 1657 626 sincerum,
1670 550 1862 632 proindeque
1870 548 1936 609 alie

339 648 434 728 quido
455 665 637 728 cognoscere
656 665 720 707 non
736 663 908 726 possumus,
935 663 971 704 11
989 644 1113 705 nonnisi
1165 660 1243 704 num
1254 642 1294 703 ab
1319 642 1386 722 ipso
1398 660 1434 702 ac
1450 644 1661 722 peregrinum.
1688 644 1838 705 Homines
1853 643 1935 703 enim

339 742 446 804 1111111
457 761 496 805 ex
507 740 599 802 rebus
614 744 782 819 utcumque
802 739 1010 818 coniecturam
1030 737 1113 798 illius
1166 738 1339 800 cunalibus
1358 734 1497 798 sensibus
1515 737 1624 815 dediti,
1638 737 1681 799 ait
1698 736 1884 816 Fulgentius
1896 738 1934 808 ³,s

339 837 485 916 capimus,
503 834 552 895 vel
564 838 599 894 ut
617 833 730 893 Paulus
745 832 893 912 loquitur,
917 836 1114 891 attrectamus
1166 831 1259 891 etiam
1273 831 1376 911 ipsum
1387 831 1487 890 Deum
1499 848 1564 890 non
1583 836 1712 910 possunt
1732 829 1791 890 nisi
1806 826 1937 889 carnali·

338 947 422 1005 eum,
445 947 517 989 cum
535 946 575 988 ne
587 926 690 1005 angeli
715 926 841 1005 quidem
861 930 892 984 et
906 924 1041 1003 corporis
1059 943 1113 984 11-
1166 930 1214 984 ter
1227 923 1371 1003 cogitare.
1393 921 1482 982 Tales
1492 926 1597 984 autem
1617 923 1693 983 dum
1706 923 1741 982 in
1754 921 1822 982 luto
1837 920 1936 981 nuruis

338 1028 439 1103 pcrtes
451 1020 626 1083 substantiae
637 1020 702 1080 sine
716 1020 822 1079 formis
833 1024 864 1079 11
880 1018 987 1097 figuris
1003 1036 1114 1098 corpo·
1167 1016 1285 1076 animas
1301 1015 1440 1089 volvunt,
1466 1016 1572 1075 creatis
1592 1012 1860 1095 phantasmatibus
1884 1012 1939 1072 sais

337 1114 397 1174 reis
407 1113 538 1193 intelligi
557 1133 575 1174 a
592 1114 681 1174 nobis
704 1118 829 1193 queant,
847 1116 883 1172 ut
900 1111 1062 1190 Dionysius
1079 1112 1113 1172 in
1167 1116 1197 1170 et
1209 1110 1327 1189 gravmi
1342 1109 1478 1190 pondere
1492 1110 1643 1185 vanitatis,
1660 1115 1776 1189 quanta
1791 1108 1894 1187 magis
1909 1108 1938 1167 iu

221 1205 226 1214 '
335 1208 437 1288 primo
458 1208 555 1287 capite
577 1205 613 1267 de
634 1204 754 1268 Caelcsti
775 1201 943 1265 hierarchia
957 1203 1114 1282 eleganter
1166 1203 1772 1283 illarumrerumoogitationeversantur‚
1787 1220 1861 1282 quae
1877 1220 1940 1262 cor·

336 1300 374 1362 iis
393 1301 494 1362 verbis
508 1301 637 1381 asserh:
663 1322 677 1355 1
703 1296 893 1378 Impossibile
907 1301 952 1356 est
966 1296 1112 1357 humanas
1166 1298 1267 1377 porcis
1300 1296 1396 1357 oculis
1425 1314 1605 1377 corpoream
1634 1299 1782 1378 ingerunt
1810 1296 1936 1369 molem,

336 1395 434 1456 menti
448 1396 487 1455 ad
500 1394 586 1454 illam
609 1393 738 1453 materia
756 1396 911 1452 carentem
924 1389 1112 1451 hierarchia·
1164 1391 1369 1451 tantominus
1395 1394 1524 1470 possunt
1545 1390 1584 1451 ad
1607 1388 1843 1469 intelligendam
1867 1407 1940 1449 con·

335 1508 408 1550 rum
423 1488 593 1551 eoelestium
606 1487 810 1548 imitationem
826 1491 857 1545 ct
876 1483 1111 1563 contemplatio·
1164 1485 1307 1546 scendere
1328 1485 1483 1546 deitatem.
1502 1509 1516 1542 ν
1535 1485 1614 1546 liinc
1627 1485 1783 1565 eleganter
1801 1485 1940 1546 Clemens

336 1602 409 1644 nem
421 1598 589 1662 assurgere,
612 1581 671 1641 nisi
695 1579 830 1640 materiae
859 1576 990 1657 propriis
1009 1577 1112 1637 notlo-
1164 1576 1389 1639 Alexandrlnus
1416 1573 1496 1638 libro
1516 1578 1743 1640 vsoomaeum
1769 1578 1940 1658 duplicium

336 1675 428 1736 nibus
453 1682 557 1736 utatur
582 1693 651 1753 quau
676 1691 745 1734 cam
782 1671 863 1732 11111
894 1689 990 1730 mauu
1018 1670 1111 1731 dedu·
1164 1671 1382 1749 mysteriorum
1390 1670 1515 1747 Cereris,
1532 1672 1845 1751 qucehtheuiserant,
1858 1672 1940 1732 simi·

337 1776 465 1831 canta.»
1164 1763 1293 1824 litudine
1322 1782 1389 1825 rem
1414 1770 1512 1826 totam
1541 1766 1681 1845 explicat.
1722 1767 1801 1827 Nam
1837 1767 1937 1847 prima

375 1864 557 1942 Quanquam
584 1860 659 1941 quid
684 1865 738 1919 aut
764 1862 874 1934 Deum,
904 1864 958 1919 aut
985 1856 1112 1935 angelos
1164 1863 1253 1918 erant
1276 1858 1408 1932 minora,
1443 1877 1530 1938 quae,
1560 1858 1713 1942 καθαρτικὰ,
1738 1859 1937 1934 dicebantur,
1967 1876 1990 1916 n

335 1954 565 2017 commemoro?
581 1956 659 2015 Nam
669 1951 1035 2033 necaeterarumquidem
1047 1949 1112 2010 ulla
1163 1952 1197 2015 in
1230 1951 1343 2031 quibus
1375 1957 1465 2012 certae
1500 1954 1699 2032 purgationes
1726 1959 1756 2013 et
1790 1953 1941 2032 expiatio·

334 2068 439 2110 rerum
451 2055 506 2123 est,
523 2067 617 2128 quam
631 2047 715 2108 nude
730 2066 765 2108 ac
788 2048 904 2106 sincere
923 2045 1034 2105 mentis
1047 2044 1111 2105 acie
1164 2063 1219 2104 nes
1232 2044 1469 2120 adhibebantur,
1490 2044 1602 2124 quibus
1617 2045 1656 2106 ad
1674 2046 1809 2106 secunda
1828 2050 1863 2106 et
1879 2062 1941 2106 ma-

335 2142 538 2223 contemplari
553 2141 714 2222 possimus.
734 2163 748 2197 «
769 2140 875 2200 Omnis
889 2140 974 2200 enim
987 2134 1108 2215 ueritas,
1160 2138 1230 2217 jora
1241 2138 1424 2218 capessenda
1444 2157 1507 2199 sese
1526 2140 1757 2219 comparabant,
1776 2139 1812 2200 in
1830 2140 1941 2223 quibas

236 2228 239 2232 ⁴
334 2238 496 2316 omnisque
515 2236 604 2313 ratio,
631 2240 667 2294 ut
689 2235 733 2296 ait
760 2234 926 2314 Gregorius
948 2234 1111 2294 Nazianze-
1164 2231 1325 2309 ἐποπτεύειν,
1346 2232 1377 2293 id
1402 2238 1457 2308 cst,
1488 2233 1633 2314 inspicere
1652 2253 1801 2295 meorum
1815 2234 1938 2311 1111111,

335 2350 393 2392 nus
409 2330 437 2408 ¹,
464 2331 673 2409 conjecturam
690 2334 720 2389 ct
744 2327 1038 2408 contemplationem
1053 2326 1112 2388 ha·
1164 2326 1355 2387 dicebantur.
1371 2327 1415 2388 hc
1429 2327 1490 2388 duo
1505 2328 1562 2388 ista
1577 2324 1716 2389 Clemens
1730 2330 1769 2389 ad
1783 2329 1940 2408 duplicem

333 2424 386 2485 bet
400 2420 622 2503 perdifficilem,
639 2440 674 2482 11
688 2440 745 2481 nos
757 2420 854 2481 relati
867 2438 962 2500 parvo
976 2419 1111 2498 quodmu
1164 2420 1308 2481 1111111111
1320 2420 1375 2482 Dei
1390 2422 1609 2500 cognitionem.
1627 2444 1641 2477 ι
1664 2420 1803 2497 Modum,
1825 2423 1939 2503 inquit,

331 2520 538 2580 instrumento
549 2535 596 2577 res
610 2534 737 2595 magnas
751 2514 870 2575 efficere
882 2512 1039 2589 molimur,
1051 2512 1113 2574 hu·
1164 2512 1254 2573 illum
1269 2514 1412 2594 expiandi
1423 2510 1610 2575 confessione
1622 2515 1786 2594 capiemus,
1801 2523 1943 2577 contem·

334 2632 435 2675 manaa
458 2608 600 2673 videlicet
623 2609 779 2689 sapientiae
802 2608 981 2688 adjumento
1006 2624 1111 2667 rerum
1164 2606 1270 2687 plaudi
1283 2614 1391 2669 autem
1406 2613 1437 2669 et
1452 2608 1634 2688 inspiciendi
1649 2608 1848 2685 resolutione,
1870 2629 1941 2690 pro·

334 2706 543 2787 cognitionem
562 2707 761 2782 aucupantes,
775 2702 971 2781 atqueineas
982 2718 1030 2760 res
1042 2718 1112 2779 quae
1164 2700 1337 2781 gradientes
1364 2701 1403 2762 ad
1427 2703 1560 2781 primam
1580 2702 1740 2763 notionem
1772 2721 1829 2781 per
1858 2722 1941 2764 reso-

333 2798 538 2879 iutelligentia
557 2796 731 2877 capiuntur,
759 2794 899 2854 animum
918 2792 1112 2853 intendentes
1164 2794 1326 2871 lationem,
1340 2797 1383 2857 ita
1397 2801 1432 2856 ut
1445 2814 1483 2857 ex
1497 2797 1534 2857 iis
1546 2814 1615 2876 quae
1638 2802 1711 2857 sunt
1727 2796 1773 2856 illi
1789 2796 1938 2875 subjecta,

333 2894 383 2955 vel
398 2911 470 2955 cum
492 2891 632 2955 sensibus
646 2889 696 2950 vel
706 2908 772 2949 non
783 2889 848 2947 sine
863 2887 1011 2963 sensibus
1041 2885 1112 2966 111ιί-
1164 2889 1313 2950 ducamus
1323 2889 1458 2965 initium,
1475 2908 1510 2951 11
1531 2889 1652 2970 corpori
1668 2889 1793 2969 quidem
1812 2896 1942 2951 natura-

333 2986 391 3047 bus
405 2985 542 3064 trudique
561 2985 715 3062 jactamur
743 2985 776 3041 11
798 2979 989 3054 oberramus,
1009 2996 1111 3057 neque
1163 2981 1208 3042 les
1215 2983 1413 3043 detrahamus
1427 2983 1599 3063 qualitates,
1612 2982 1788 3044 auferamus
1802 2983 1882 3043 item
1895 2984 1941 3043 di·

332 3079 417 3140 nuda
439 3083 543 3138 mente
563 3093 635 3136 cum
657 3072 747 3134 nudis
767 3071 859 3133 rebus
884 3071 998 3133 versari
1020 3064 1110 3131 etad
1164 3074 1354 3137 tilensionem
1382 3072 1607 3154 probrudltatis,
1626 3081 1696 3136 tum
1720 3074 1894 3135 latitudinis
1908 3092 1942 3137 ac

332 3172 493 3235 veritatem
518 3169 645 3249 propius
669 3166 811 3227 accedere
832 3164 984 3244 rebusque
1002 3180 1109 3243 perce-
1163 3174 1269 3248 postea
1281 3169 1492 3249 longitudinis.
1514 3168 1682 3230 Residnum
1694 3170 1777 3230 enim
1789 3174 1870 3231 tunn
1885 3172 1941 3231 erit

332 3263 393 3345 ptis
408 3268 439 3322 et
457 3259 685 3340 comprehensis
702 3262 840 3319 mentem
854 3256 1021 3316 informare
1037 3272 1110 3334 pos·
1163 3267 1326 3340 punctum,
1343 3278 1462 3339 monas,
1475 3268 1510 3323 nt
1524 3262 1568 3323 itn
1578 3260 1689 3337 dinam,
1703 3263 1796 3321 simin
1807 3262 1938 3323 nnhnnn.

334 3373 441 3416 sumus
454 3350 511 3414 ⁰.»
543 3354 649 3433 ltaque
677 3350 774 3410 fustra
814 3366 883 3409 «se
906 3352 1040 3428 torquet,
1067 3347 1109 3408 uit
1163 3354 1206 3414 De
1221 3354 1855 3435 qnasidctrabamuslllumipsumsitum,
1873 3374 1941 3417 mo·

334 3448 414 3509 Elias
430 3445 578 3507 Cretensis
589 3442 614 3521 ²,
642 3442 729 3503 atde
744 3441 836 3502 rebus
854 3430 936 3502 bisce
955 3440 1108 3520 corporeis
1162 3464 1217 3506 nas
1242 3442 1434 3527 intelligitur,
1457 3447 1665 3521 Quamobrem
1680 3447 1705 3507 si
1722 3447 1941 3509 abstrahamus

334 3544 467 3605 eluctata
482 3559 553 3601 cum
571 3539 661 3599 nudis
682 3536 743 3597 illis
761 3535 853 3597 rebus
873 3535 1060 3615 incorporeis
1078 3541 1109 3595 et
1162 3541 1267 3601 omnia
1278 3560 1348 3620 quas
1358 3541 1537 3622 corporibus
1550 3542 1668 3617 insunt,
1689 3542 1940 3622 necnoniisquu

333 3634 452 3696 naturis
476 3637 626 3693 versetur.
648 3632 729 3691 Nam
756 3647 878 3708 semper
900 3628 1016 3708 aliquid
1037 3646 1108 3688 sen·
1162 3634 1307 3694 dicunt-ur
1320 3635 1511 3715 incorporea,
1528 3641 1559 3696 11
1569 3636 1672 3696 nosin
1690 3635 1799 3696 Christi
1816 3638 1940 3715 magni-

334 3724 468 3789 slbilium
476 3741 755 3805 corporearumque
762 3741 909 3783 rerumse
920 3722 1104 3800 interjicit.»
1161 3728 1302 3788 tudinem
1315 3729 1511 3808 projiciamus
1524 3747 1545 3805 a,
1580 3735 1638 3791 ntn,
1663 3752 1677 3787 ς

334 3823 383 3885 Sic
396 3822 491 3902 igitur
504 3836 576 3880 cum
590 3834 646 3898 per
666 3834 832 3896 corporum
855 3834 891 3876 ac
904 3833 1010 3876 rerum
1022 3830 1107 3875 crea·
1201 3818 1281 3882 Vlll.
1299 3822 1379 3895 Quin
1392 3841 1432 3883 ex
1449 3823 1504 3884 Dei
1522 3822 1667 3903 operibus
1677 3844 1778 3905 neque
1803 3827 1860 3887 Dei
1884 3844 1944 3888 na·

332 3923 437 3977 tarum
450 3913 646 3992 interjectum
661 3912 760 3972 Deum
774 3910 986 3990 cognoscimus
999 3914 1054 3970 aut
1068 3909 1106 3967 de
1161 3920 1265 3976 turam
1275 3921 1307 3975 et
1320 3917 1482 3977 essentiam
1495 3917 1688 3997 investigare,
1708 3919 1761 3980 sed
1776 3924 1812 3979 nt
1839 3920 1943 3998 pluri.

333 4028 369 4070 eo
387 4007 504 4089 ahquid
522 4005 720 4086 explicamus,
737 4005 898 4083 impurum
916 4001 1033 4080 ahquid
1051 4000 1107 4061 ad·
1162 4026 1250 4069 mum
1278 4009 1461 4071 effectricem
1496 4010 1579 4071 illius
1611 4012 1676 4072 vim
1701 4020 1732 4074 11
1756 4015 1943 4093 sapientiam

332 4240 410 4293 στίαν.
424 4236 454 4290 Εί
465 4237 545 4290 τοίνυν
564 4235 589 4288 αί
608 4234 650 4307 μὲν
665 4234 804 4304 ἀποφάσεις,
826 4231 864 4285 ἐπὶ
886 4230 1107 4302 1111111111-
1161 4235 1344 4307 captiuitatem
1358 4235 1516 4308 πλανώμὲθα,
1531 4237 1626 4292 1111111
1640 4236 1882 4313 ἔχομενγομνῷτῷ
1902 4239 1943 4297 nt

332 4322 391 4391 θῑῗς,
411 4321 436 4373 αἱ
457 4318 483 4373 δὲ
501 4319 643 4388 mandatu
665 4317 812 4389 ἀνάρμοστοι
834 4320 864 4388 τῇ
890 4317 1030 4387 ιιροριότητι
1055 4319 1106 4368 τῶν
1161 4322 1262 4391 γνμνοίς
1276 4322 1328 4382 τοῖς
1341 4321 1479 4392 πράγμασιν
1499 4319 1684 4393 ἐντυγχάνοντες
1696 4324 1792 4395 μᾶλλόν
1806 4342 1829 4379 τι
1837 4328 1942 4397 apocal·

333 4404 487 4476 ἀπορρήτων,
500 4401 635 4473 οἰκειοτέρα
653 4402 747 4472 μᾶλλόν
763 4399 828 4453 ἐστίν
842 4398 881 4453 tu
895 4402 946 4452 τῶν
958 4397 1068 4469 ἀοράτων
1090 4396 1104 4465 ἡ
1161 4408 1239 4476 ναιτῇ
1254 4402 1365 4473 ἀληθεία,
1379 4404 1418 4457 καὶ
1431 4404 1473 4458 τὸν
1482 4409 1536 4459 νοῦν
1550 4406 1681 4461 τυποῦσθαι
1694 4410 1748 4470 ταῖς
1761 4409 1942 4481 καταλήψεσιν.

332 4490 373 4543 1ιά
385 4495 435 4545 τῶν
447 4488 570 4560 ἀνομοίων
585 4486 742 4541 ἇναπλάσεων
756 4484 910 4556 ἰκραντορίοι.
1197 4505 1210 4542 1
1224 4488 1308 4543 Clau.
1318 4492 1345 4544 5.
1358 4489 1456 4545 Strom.
1473 4489 1593 4563 Λάὅοιμιν
1602 4492 1625 4544 δ’
1640 4493 1668 4544 ἂν
1682 4492 1726 4547 τὸν
1736 4491 1780 4565 μὲν
1794 4492 1942 4567 καθαρτικὸν

368 4573 478 4629 anion.
497 4571 566 4625 Ἐπεί
578 4567 639 4642 μηδὲ
655 4570 754 4623 δυνατόν
774 4569 824 4623 ἔστι
849 4573 885 4641 τῷ
903 4568 1033 4638 καθ’ἠμῖις
1057 4560 1106 4632 νοῒ,
1162 4573 1252 4645 τρόπον
1272 4571 1403 4644 ὁμολογίᾳ·
1426 4573 1469 4627 ebs
1486 4572 1512 4627 bl
1532 4571 1661 4629 ἐποπτικὸν
1684 4575 1808 4643 ἄνοιλῦσει,
1830 4574 1872 4631 lul
1898 4579 1944 4647 τὴν

334 4657 394 4728 πρὸς
406 4657 450 4724 τὴν
468 4655 542 4708 ἀύλον
561 4653 653 4721 ἐκείνην
666 4653 809 4720 ἀναταθηναι
823 4658 872 4707 τῶν
885 4652 1002 4724 οὐρανίων
1023 4650 1107 4723 ἱεραρ-
1161 4656 1262 4728 πρώτην
1271 4657 1355 4724 νόησιν
1368 4662 1553 4731 προχωροῦντες
1566 4660 1598 4713 δι’
1611 4657 1760 4729 ἂναλῦσιωτ,
1775 4659 1863 4717 ἐκτῶν
1878 4663 1944 4718 bno·

333 4745 396 4812 χιῶν
411 4739 513 4811 μίμησίν
527 4739 613 4805 semul
627 4738 739 4809 θεωρίαν,
754 4735 775 4788 εί
789 4736 862 4808 μὴτῇ
876 4738 929 4789 κατ’
946 4734 1018 4789 ababa
1034 4733 1108 4804 ίνλαίᾳ
1161 4740 1277 4812 κειμένων
1296 4739 1362 4812 αὐτῷ
1376 4741 1419 4809 τὴν
1433 4740 1511 4814 ἀρχὴν
1525 4743 1675 4815 ποιούμενοι,
1694 4743 1824 4814 ἀφελόντες
1836 4744 1885 4815 μὲν
1898 4754 1944 4801 τοῦ

332 4824 484 4898 χιιροιγωγίᾳ
504 4826 634 4896 χρήσαιτο.
660 4821 727 4879 Vide
745 4820 901 4876 Maximum
924 4819 1000 4890 apud
1023 4819 1104 4874 loun.
1162 4825 1276 4895 σώματος
1290 4823 1331 4885 τὰς
1344 4825 1443 4897 ροσικάς
1462 4827 1603 4895 ποιότητας,
1628 4827 1781 4898 περιελόντες
1794 4826 1820 4879 δὲ
1833 4828 1882 4897 τὴν
1908 4831 1945 4893 είς

334 4908 472 4981 CypariSS.
488 4906 592 4962 decade
608 4910 673 4973 11.
696 4907 721 4960 4.
1162 4905 1190 4960 rb
1205 4906 1276 4978 βάθος
1289 4907 1423 4961 διάστασιν·
1439 4901 1493 4961 εἶτα
1504 4906 1548 4978 τὴν
1563 4907 1596 4971 είς
1610 4908 1639 4962 r'o
1651 4908 1751 4971 πλάτος·
1767 4909 1806 4962 nal
1819 4907 1860 4962 tat
1881 4915 1944 4966 τοό-

369 4992 483 5051 thtG·
499 4993 566 5051 le.
579 4992 650 5046 Πᾶσα
664 4988 706 5064 μὶν
721 4982 763 5045 οὖν
783 4987 893 5058 ἀλήθεια,
912 4990 952 5043 καὶ
973 4993 1019 5051 πᾶς
1032 4989 1106 5060 λόγος
1162 5010 1212 5053 τοις
1225 4989 1269 5059 τὴν
1289 4989 1322 5054 εἰς
1334 4991 1363 5045 ab
1375 4995 1462 5064 μῆκος,
1485 4992 1514 5046 τὸ
1534 4992 1581 5065 γὰρ
1596 4992 1739 5065 ὑπολειφθέν
1759 4992 1808 5048 ἔστι
1830 5001 1946 5069 σημεῖον

333 5077 553 5150 smannens,
567 5078 607 5130 καὶ
616 5075 793 5146 δυσθεώρητος,
803 5073 842 5126 acl
857 5067 910 5127 οἷον
921 5072 1019 5145 ὀργάνῳ
1027 5077 1106 5144 μικρῷ
1162 5072 1246 5145 μονὰς,
1266 5075 1300 5137 ὡς
1321 5071 1397 5129 εἰπεῖν
1422 5075 1486 5129 θέσιν
1506 5074 1608 5149 ἔχουσα,
1621 5071 1649 5149 ᾖς
1668 5074 1709 5129 lav
1723 5076 1877 5150 reptiliaque
1897 5083 1946 5151 τῂν

333 5160 427 5230 μεγάλα
441 5162 633 5231 ὃημιοοργοῦμτν
647 5162 677 5230 τῇ
692 5156 827 5229 ἀνθρωπίνῃ
843 5157 916 5228 σορίρ
936 5157 979 5223 τὴν
994 5161 1042 5210 τῶν
1063 5156 1105 5208 όν·
1161 5158 1224 5211 θέσιν
1236 5160 1328 5213 νοεῖται
1342 5160 1426 5231 μονάς·
1443 5156 1465 5213 εί
1474 5161 1554 5215 τοίνυν
1568 5160 1698 5231 ἀφελόντες
1704 5161 1791 5226 πάντα,
1799 5161 1844 5213 ὅσα
1857 5166 1946 5237 πρόσ-

332 5263 381 5297 των
394 5249 484 5315 γνῶσιν
497 5245 647 5315 θηρεύοντες,
661 5242 701 5294 καί
719 5248 772 5303 τοῖς
794 5244 891 5309 νοητοῖς
910 5243 1105 5314 προσθάλλοντες
1161 5262 1212 5296 εστι
1226 5245 1278 5305 τοῖς
1297 5244 1405 5316 σώμασι,
1418 5246 1458 5298 καὶ
1472 5248 1524 5308 τοῖς
1541 5246 1683 5319 λεγομένοις
1694 5244 1842 5317 ἀσωμάτοις,
1857 5242 1944 5321 dno}-

333 5325 454 5397 μετὰτῶν
468 5323 612 5395 αἰσθήσεων,
625 5327 641 5393 ἢ
654 5325 697 5378 οὐκ
710 5325 765 5378 ἀνευ
778 5324 923 5394 αἰσθήσεων,
937 5326 977 5397 ὑφ’
992 5321 1026 5379 ὧν
1036 5345 1105 5398 περι·
1162 5328 1269 5399 ῥίψωμεν
1282 5324 1379 5391 ἓαυτοὶις
1393 5327 1426 5391 είς
1439 5329 1468 5383 τὸ
1483 5329 1583 5401 μέγεθος
1596 5331 1713 5402 Χριστοῦ,
1737 5337 1789 5386 cle.

373 5525 382 5563 t
396 5523 456 5569 0111,
469 5520 595 5572 11111113,
612 5543 636 5553 -
648 5522 663 5568 2
674 5522 697 5563 ln
705 5520 776 5566 schot.
791 5521 820 5563 ad
829 5518 939 5567 Nasicas.
954 5527 1008 5568 orat.
1021 5532 1105 5573 xxxiv,
1117 5534 1178 5569 num.
1188 5521 1225 5570 13.
1236 5525 1283 5572 -3
1294 5525 1341 5570 Lib.
1351 5524 1432 5567 Contra
1444 5527 1511 5571 serm.
1525 5524 1598 5568 Fauor.
1610 5538 1630 5571 1,
1646 5535 1670 5570 r.
