4030 6204
316 280 375 339 ssa
821 250 1147 342 rrisonocrooson
1168 281 1386 343 ooonnron

317 448 407 523 ptum
434 447 480 505 est
506 442 540 503 in
566 441 647 502 libro
673 441 710 504 de
738 441 907 525 Sacrificio
932 443 1036 507 Abelis
1057 454 1087 507 et
1135 460 1230 504 mana
1247 449 1352 504 antam
1370 443 1477 505 anima
1498 445 1589 507 humi
1607 445 1724 525 jacens,
1749 454 1781 508 et
1803 448 1918 513 iuliae

318 534 435 598 Caini:
451 536 537 596 «Nos
557 535 693 596 maxima
715 554 753 596 ex
778 540 864 614 parte
892 536 999 598 affines
1021 555 1086 599 esse
1134 539 1259 596 terrena
1272 536 1336 596 rita
1358 536 1488 607 defossa,
1509 557 1547 599 eo
1560 540 1645 618 quod
1664 540 1829 620 perspicue
1846 562 1916 603 non

315 644 421 687 rerum
434 627 626 703 mortalium,
642 633 673 688 et
682 633 794 707 praeter
803 646 855 688 aas
864 629 943 689 nihil
952 630 1087 708 cogitare
1135 632 1234 706 potest
1247 627 1351 689 videre
1364 630 1703 709 quodquoerit,m1dtis
1715 632 1913 703 notionibus,

315 736 414 797 posse,
429 738 532 800 neque
545 720 686 800 proprios
699 719 826 781 morbos
843 721 960 799 egredi.
981 721 1042 783 Sed
1052 723 1086 783 in
1134 736 1170 780 ac
1182 719 1275 779 variis
1286 720 1397 797 modis,
1413 726 1445 782 et
1457 721 1659 784 multifariam
1669 723 1916 789 adincllabilem

314 810 365 887 id,
389 812 474 890 quod
495 811 625 873 mortale
652 817 708 887 cst,
738 812 859 889 subire,
889 813 1086 875 cochlearum
1134 808 1222 871 illam
1235 829 1268 872 se
1290 818 1436 873 naturam
1450 814 1595 888 intendit,
1618 833 1683 875 non
1696 819 1916 898 nnaqoapism

314 920 412 979 more,
427 923 463 979 ac
484 908 635 983 tanquam
647 904 716 965 illas
733 904 814 965 circa
835 906 1038 985 nosmetipsos
1051 907 1086 967 in
1134 901 1319 981 cogitatione
1333 906 1418 984 quod
1430 905 1647 967 absconditum
1660 914 1707 968 cst
1719 911 1832 970 venari
1844 917 1914 972 stu-

314 995 422 1057 orbem
445 997 620 1058 revolvit.»
642 998 723 1059 Hinc
744 997 796 1057 ille
813 998 980 1059 attritorum
998 1005 1086 1060 ortos
1134 992 1265 1056 deust.»
1285 997 1504 1071 Quamobrem,
1520 1016 1594 1059 cum
1611 1017 1680 1060 rem
1697 1002 1776 1062 adeo
1794 1003 1916 1083 simpli

315 1089 1086 1171 esterrnuutidemait,quosdnthropomorphitos
1134 1104 1203 1148 cem
1228 1107 1293 1150 una
1319 1094 1350 1150 et
1377 1090 1511 1171 simplici
1537 1091 1741 1172 intelligentia
1769 1094 1915 1156 humana

314 1187 442 1251 vocant,
468 1183 522 1261 qui
547 1183 723 1244 humanum
749 1202 860 1263 corpus
883 1202 920 1244 ac
945 1184 1087 1245 membre
1134 1195 1223 1241 mens
1243 1182 1406 1262 complecti
1423 1187 1568 1263 nequem,
1592 1184 1645 1245 sed
1665 1185 1811 1265 pluribus
1824 1187 1914 1249 illam

315 1275 378 1335 Deo
391 1274 581 1337 tribuebant.
1134 1272 1300 1350 partiatum
1316 1292 1381 1335 non
1399 1279 1500 1355 potest
1513 1293 1593 1353 eam,
1616 1282 1653 1338 ut
1673 1277 1707 1337 in
1730 1296 1765 1339 se
1778 1285 1837 1354 est,
1850 1280 1914 1340 ela-

354 1367 435 1428 Huic
447 1385 569 1429 annexa
586 1373 632 1428 est
652 1366 749 1428 altera
769 1367 869 1442 rstio;
885 1368 969 1447 quod
986 1370 1085 1429 lteum
1133 1381 1228 1444 reque
1242 1384 1435 1445 cognoscere.
1451 1368 1526 1440 Quae
1544 1369 1622 1429 ratio
1636 1369 1812 1448 plurimum
1826 1373 1913 1433 exiis

314 1460 442 1521 nonnisi
454 1479 493 1521 ex
506 1460 572 1539 ejus
585 1459 710 1527 effectis,
730 1479 767 1521 ac
783 1460 876 1521 rebus
888 1460 928 1521 ab
941 1460 996 1521 illo
1014 1478 1086 1522 con-
1133 1455 1210 1518 lucis
1228 1478 1263 1519 aa
1285 1458 1404 1520 roboris
1424 1460 1549 1539 occipit,
1573 1479 1644 1541 quise
1666 1462 1706 1523 de
1728 1464 1909 1533 metientibus,

314 1551 387 1613 ditis
408 1552 592 1632 neutiquam
614 1551 841 1630 cognoscimus,
870 1558 905 1613 ot
931 1552 1015 1614 idem
1032 1553 1084 1613 ille
1133 1549 1197 1610 sive
1213 1556 1339 1627 ἐπινοίαις,
1355 1570 1391 1612 sc
1412 1552 1451 1613 de
1473 1551 1529 1613 Dei
1548 1551 1742 1633 simplicitate
1757 1555 1793 1617 iu
1807 1558 1911 1637 primo

314 1644 480 1723 Gregorius
503 1646 711 1706 Nazianzenus
732 1644 889 1724 exponite
919 1645 1020 1719 Quare
1045 1645 1084 1705 li-
1133 1640 1212 1702 libro
1224 1641 1373 1704 diximus.

313 1734 441 1814 quidam
462 1742 494 1798 et
510 1738 681 1815 genuinam
694 1737 748 1798 Dei
760 1735 904 1798 notitiam
917 1736 1084 1799 informare
1174 1733 1226 1793 lx.
1248 1734 1340 1795 Aliud
1352 1740 1574 1814 argumentum
1588 1736 1828 1818 Chrysostomus
1835 1760 1910 1823 sup-

312 1828 487 1907 nequimus,
503 1829 557 1890 sed
572 1834 638 1891 tota
650 1836 696 1891 est
708 1836 881 1891 creatarum
893 1829 966 1891 faece
977 1847 1083 1891 rerum
1132 1825 1249 1906 peditat
1262 1827 1295 1887 in
1322 1828 1461 1889 oratione
1479 1845 1502 1889 ν
1519 1837 1624 1891 contra
1649 1831 1818 1905 Αοονεαοσ,
1855 1834 1910 1896 ubi

311 1918 477 2000 implicata.
496 1922 571 1996 Quae
590 1922 669 1983 ratio
688 1941 753 1983 non
774 1923 815 1983 ad
837 1922 918 1984 solos
940 1923 1084 1984 homines
1133 1917 1289 1978 Christum
1314 1919 1409 1980 refert
1434 1921 1519 2000 apud
1550 1922 1705 1984 loannem
1733 1923 1907 2001 moenum,

312 2013 456 2092 pertinet,
476 2032 586 2075 verum
609 2016 702 2076 etiam
725 2015 766 2077 ad
787 2016 938 2093 Angelos3
962 2016 1017 2095 qui
1035 2020 1082 2081 ta-
1132 2007 1201 2070 Νοκ
1219 2011 1293 2091 quia
1307 2010 1426 2073 Patrem
1439 2011 1517 2074 vidit
1536 2014 1702 2096 quisquam,
1727 2017 1791 2077 κίον’
1810 2018 1836 2079 is
1854 2019 1911 2100 qai

311 2105 403 2167 metsi
421 2106 594 2185 perfectius,
610 2125 705 2187 quam
727 2126 784 2168 nos
807 2109 906 2169 Deum
925 2127 963 2168 ex
977 2108 1083 2187 seipsis
1132 2110 1172 2161 est
1181 2121 1200 2164 a
1210 2101 1300 2178 Deo',
1319 2122 1444 2166 causam
1458 2105 1620 2182 indicasse,
1636 2126 1691 2168 cnr
1704 2109 1771 2189 ipse
1785 2111 1908 2173 Patrem

310 2197 576 2278 iutelligrmt,non
591 2207 696 2262 tamen
708 2205 762 2261 aut
775 2200 842 2262 sine
855 2200 1013 2272 crastinis,
1029 2206 1084 2262 aut
1131 2210 1164 2255 se
1183 2194 1317 2273 perfecte
1334 2215 1424 2258 nosse
1450 2197 1572 2272 dixerit,
1598 2199 1741 2262 videlicet
1762 2204 1849 2282 quod
1869 2204 1908 2264 ab

310 2295 427 2367 erasm,
442 2296 475 2353 et
495 2297 532 2352 ut
554 2297 600 2353 est
620 2292 655 2353 in
677 2311 743 2354 sese
760 2292 897 2373 capiunt.
918 2294 1084 2373 Propterea
1131 2286 1197 2366 ipsc
1212 2288 1274 2349 sit:
1295 2290 1444 2351 «Etenim
1466 2290 1638 2353 stibstuntia
1657 2293 1908 2358 excellentiorem

310 2383 349 2442 de
378 2384 442 2444 Deo
474 2384 672 2464 Empedocles
703 2386 747 2446 sic
782 2384 865 2465 apud
893 2385 1083 2447 Clementem
1130 2378 1334 2441 substantiam
1342 2400 1408 2443 non
1420 2388 1522 2462 potest
1535 2383 1668 2462 perlecto
1682 2388 1780 2462 scire;
1795 2406 1907 2467 quam

202 2553 207 2562 .
310 2473 557 2536 Alexandrinum
571 2474 682 2537 oeoinit
690 2476 712 2537 ¹.
1130 2471 1176 2532 vis
1189 2472 1347 2533 modicum
1361 2473 1527 2535 discrimen
1540 2474 1718 2537 intersita»
1736 2478 1905 2550 011011111-

1130 2563 1273 2642 galerum
1292 2565 1435 2646 exemplo
1454 2566 1626 2636 confirmat,
1647 2586 1667 2628 a
1685 2568 1812 2647 quibus,
1836 2589 1907 2632 cum

309 2657 360 2712 otu
374 2657 439 2713 ἔστιν
449 2658 599 2712 πιλάσασθαι
610 2657 634 2712 έν
646 2659 806 2732 ὀφθαλμοῖσιν
821 2657 916 2732 έρικτόν
1130 2673 1242 2734 parum
1265 2656 1379 2718 dbtent
1398 2658 1552 2735 homines,
1568 2664 1604 2719 ut
1626 2660 1780 2739 Propheta
1802 2661 1905 2724 duit:

314 2740 467 2814 Ἦμετέροις,
481 2743 577 2816 ἣχερσί
587 2744 671 2797 λαθεῖν
683 2743 745 2816 ἥπερ
759 2763 785 2797 τε
795 2744 897 2817 μεγίστη
1131 2747 1341 2810 κιονόκρανα
1350 2749 1447 2831 paulo
1466 2751 1563 2811 minua
1576 2750 1612 2813 αθ
1626 2751 1740 2833 angelis
1751 2751 1773 2827 ³,
1793 2776 1810 2811 a
1820 2754 1906 2815 Nihi-

310 2825 409 2887 Πειθοῦς
424 2824 586 2898 ἀνθρώποισιν
601 2825 717 2901 ἁμαξιτὸς
732 2826 765 2889 τίς
778 2828 853 2899 φρένα
863 2828 955 2882 πίπτει.
1129 2839 1266 2900 lominus
1279 2841 1450 2920 qumljbpt
1459 2842 1571 2922 exigua
1585 2843 1732 2904 distantia
1744 2845 1794 2919 sit,
1810 2864 1907 2926 qum.

1130 2929 1297 3011 doqoidem
1323 2932 1453 2994 omnino
1475 2934 1675 3013 interjectum
1701 2942 1749 2997 est
1772 2937 1903 3017 aliquid,

312 3031 328 3068 α
349 3011 439 3072 Πίονιν
450 3030 516 3073 non
529 3013 626 3077 oculis
637 3011 749 3074 nostris
758 3013 950 3093 apprendere
963 3012 1009 3074 tas
1021 3019 1078 3084 est,
1129 3029 1269 3086 accurata
1291 3043 1356 3087 non
1383 3026 1528 3088 novimus
1554 3027 1738 3106 angelorum
1759 3028 1903 3092 substan·

307 3104 370 3164 Aut
389 3104 542 3174 manibus,
565 3105 626 3173 via.
643 3124 714 3185 quae
734 3124 842 3167 revera
862 3112 908 3167 est
930 3105 1077 3174 maxima,
1127 3115 1205 3176 tiam
1222 3136 1229 3175 ;
1245 3136 1281 3177 ao
1296 3119 1421 3179 tametsi
1434 3118 1605 3198 plurimum
1627 3119 1661 3179 in
1683 3138 1753 3181 eam
1767 3129 1906 3184 contem-

949 3201 1081 3275 [mentes
1129 3208 1299 3288 plationem
1312 3209 1541 3285 incumbamus,
1560 3210 1701 3272 inuenire
1719 3231 1783 3273 non
1799 3232 1905 3293 posso-

309 3288 349 3348 Ut
377 3289 505 3351 credant
528 3290 704 3363 hominum,
735 3309 805 3370 quae
830 3306 904 3351 mox
929 3289 1080 3353 deducere
1128 3299 1259 3361 must.»
1277 3301 1375 3380 igitur
1393 3321 1465 3364 oum
1479 3302 1767 3365 divinasuhstsntia
1777 3306 1904 3367 infinito
2013 3348 2014 3379 ,

929 3384 1076 3462 [possita
1127 3392 1289 3454 intervallo
1312 3400 1447 3455 erenum
1470 3395 1642 3475 quamlibet
1658 3396 1797 3466 excedat,
1820 3416 1902 3459 nuu-
2013 3382 2014 3389 ί

1127 3502 1223 3565 quam
1235 3484 1275 3545 ab
1289 3504 1325 3546 ea
1339 3487 1482 3566 cognosci
1496 3487 1629 3567 perfecte
1643 3489 1767 3567 poterit,

348 3574 500 3636 Praeterea
519 3580 555 3635 ut
576 3594 595 3636 a
615 3576 763 3654 Gregorio
791 3575 930 3655 Nysscuo
952 3576 1079 3638 demon·
1167 3577 1332 3639 Paululum
1346 3578 1386 3638 ab
1402 3579 1461 3640 hac
1475 3579 1594 3640 ratione
1611 3579 1715 3640 differt
1727 3580 1791 3655 illa,
1807 3599 1902 3661 quam

307 3670 438 3727 stratum
461 3671 507 3727 est
532 3666 567 3727 in
588 3666 667 3727 libro
689 3667 742 3726 Xll
763 3674 865 3728 contro
882 3666 1075 3739 Euaomium,
1126 3667 1160 3729 iu
1180 3669 1281 3749 primo
1305 3670 1403 3750 capite
1426 3669 1462 3730 de
1482 3669 1604 3731 Divinis
1626 3670 1791 3733 comitibus
1810 3673 1903 3734 tradit

310 3758 445 3819 «Divina
464 3758 644 3835 substantia,
660 3759 878 3839 quodcumque
892 3760 1019 3821 tandem
1033 3767 1079 3823 est
1127 3761 1292 3842 Dionysius
1309 3781 1316 3823 :
1332 3763 1446 3837 «Nam,
1471 3781 1544 3823 cum
1570 3763 1690 3825 noune
1708 3782 1820 3826 omnes
1842 3766 1903 3826 siat

306 3851 478 3911 secundum
490 3851 706 3927 substantiam,
722 3870 786 3914 ona
800 3857 855 3929 est,
871 3852 1003 3932 simplex
1017 3859 1074 3928 est,
1125 3854 1255 3929 entium,
1272 3859 1304 3915 et
1324 3854 1357 3915 in
1380 3855 1464 3915 entia
1479 3855 1637 3931 desinant3
1653 3874 1725 3936 quse
1742 3857 1903 3918 entitatem

307 3946 338 4002 et
351 3941 541 4011 uniusmodi,
557 3962 622 4004 uon
636 3945 816 4024 composita,
834 3962 869 4005 ac
882 3944 969 4005 nullo
983 3946 1077 4006 modo
1126 3952 1252 4026 superat
1263 3965 1391 4009 omnem
1404 3946 1587 4025 substantio,
1603 3948 1713 4009 eadem
1727 3949 1903 4028 cognitione

305 4033 340 4094 in
352 4034 438 4096 varia
451 4035 586 4115 quadarn
599 4036 823 4117 compositione
833 4041 998 4117 spectatio.
1012 4038 1078 4099 Hu·
1128 4039 1214 4100 omni
1245 4039 1387 4119 superior
1423 4044 1531 4101 ests.»
1567 4040 1666 4114 Quem
1703 4042 1809 4103 locam
1839 4041 1903 4103 fuss

342 4404 363 4444 α
380 4387 464 4444 Pulso
478 4386 524 4445 111).
543 4387 579 4447 de
597 4387 712 4468 Sacris.
739 4388 817 4444 ’litt
830 4391 945 4444 πλεῖστον
961 4392 1079 4464 μετέχον·
1130 4395 1178 4464 ρῶς
1190 4389 1340 4466 ἐπορέγεται,
1357 4391 1387 4447 οὗ
1406 4393 1468 4448 κατὰ
1486 4392 1543 4466 μίαν
1558 4392 1613 4447 τινὰ
1636 4394 1747 4449 διάνοιαν
1762 4393 1793 4449 τό
1807 4414 1908 4469 κεκρυμ-

306 4477 397 4533 τεςτυῦ
409 4473 507 4540 θνητοῦ,
529 4474 569 4525 καί
591 4473 668 4546 χωρίς
683 4471 763 4527 αὖτῶν
781 4473 908 4542 ἐπινοῆσαι
924 4475 998 4548 μηδὲν
1007 4476 1080 4528 δυνά·
1129 4475 1353 4548 μένονθηριόουσσ.
1370 4476 1438 4533 Vide
1452 4477 1589 4534 loannem
1610 4478 1831 4550 crpaussbtum
1853 4479 1901 4536 lib.

306 4572 385 4624 μενοι,
397 4555 458 4628 μηδδ
473 4553 570 4623 έκόῆναι
579 4555 624 4617 τὰς
638 4554 698 4618 ίδίοις
707 4560 782 4628 κῆρας
791 4555 926 4629 ίσχόονττς·
945 4557 1002 4611 ἀλλ’
1010 4557 1042 4620 είς
1050 4557 1080 4611 τό
1132 4558 1153 4612 Ι.
1169 4574 1230 4630 cap.
1246 4575 1284 4614 vl.

304 4637 389 4704 θνητόν
405 4634 567 4709 εἰσδυόμενοι,
581 4639 689 4711 καθάπερ
707 4639 731 4692 οί
744 4640 855 4711 κοχλίαι,
872 4641 913 4693 καί
928 4641 982 4713 περὶ
992 4640 1079 4703 σότοίις
1165 4658 1180 4698 c
1199 4645 1299 4698 Cattis.
1316 4645 1392 4700 110111.
1408 4660 1436 4700 v.
1452 4649 1527 4699 cont.
1542 4647 1647 4701 Anam.
1667 4643 1746 4699 Οίνσίκ
1759 4645 1809 4719 γὰρ
1822 4645 1905 4701 dato

304 4720 388 4792 ὥσπερ
399 4717 486 4773 έκεῖνοι
495 4722 627 4792 σραιρηδδν
637 4720 785 4793 είλοόμενοι.
1127 4724 1294 4799 ὑπερέχουσαν
1309 4725 1354 4780 οὔκ
1364 4727 1392 4779 ἂν
1403 4726 1516 4796 δυνηθείη
1527 4728 1609 4790 καλῶς
1622 4725 1722 4794 εἰδέναι,
1737 4729 1779 4782 ab
1795 4726 1905 4802 όλένονῇ

340 4802 457 4862 bNtss.
478 4804 526 4860 Xll
559 4810 634 4860 tosti.
649 4808 774 4861 Ettttom.
799 4802 834 4858 ‘fl
846 4804 889 4877 μίν
901 4806 953 4859 θεία
967 4805 1039 4860 οὐσία
1052 4807 1077 4873 ό,
1128 4808 1157 4863 τό
1171 4810 1258 4879 μέσον.

303 4884 327 4939 τί
340 4904 402 4940 ποτε
410 4885 465 4940 κατ’
475 4885 559 4940 οόσίαν
573 4887 635 4953 ἔστι,
651 4888 696 4961 μία
715 4886 792 4952 ἐστίν,
808 4887 874 4955 ἁπλῆ
884 4906 920 4950 τις
929 4890 970 4942 καί
981 4909 1078 4962 μονοει·
1163 4891 1185 4947 d
1202 4891 1273 4947 lbid.
1297 4890 1367 4947 Ἀλλ’
1384 4893 1462 4965 όμως,
1484 4892 1505 4947 εί
1526 4895 1567 4947 καί
1586 4894 1665 4970 βραχίι
1678 4894 1708 4950 τό
1723 4896 1810 4967 μέσον,
1826 4894 1905 4963 ludi

303 4967 564 5036 δης,κα1θσόνθετος,
586 4971 627 5023 καί
650 4970 704 5025 κατ’
727 4971 814 5024 οθδίνα
829 4973 921 5043 τρόπον
937 4970 962 5025 ἐν
978 4973 1076 5045 ποικίλη
1127 4974 1192 5037 ὅλως
1204 4973 1256 5029 ἔστί
1270 4993 1294 5029 τι
1304 4976 1391 5047 μέσον,
1407 4974 1452 5029 οὗκ
1466 4976 1569 5049 οἴδαμεν
1584 4977 1779 5050 μετδόαριόείσς
1792 4978 1906 5051 ἀγγέλων

302 5053 349 5106 τινί
368 5054 476 5108 συνθέσει
490 5055 652 5127 θεονρουμένη·
670 5053 686 5122 ἡ
701 5054 727 5107 δὲ
742 5054 880 5125 ἀνθρωπίνη
908 5053 974 5128 ψυχὴ
997 5056 1077 5129 χαμαί
1127 5056 1222 5110 οὖσίαν·
1234 5059 1278 5110 κᾶν
1290 5059 1365 5131 μυρία
1376 5060 1580 5132 ριλοσορήσινμεν
1591 5059 1670 5134 stipsis
1680 5061 1709 5114 ob
1719 5062 1854 5134 δυνάμεθα.

303 5135 411 5206 κειμένη,
421 5135 463 5189 καί
478 5135 502 5189 ἔν
516 5143 553 5209 τῷ
566 5131 645 5209 γηίνῳ
655 5137 735 5210 τοότιρ
752 5136 798 5209 βίῳ
811 5138 1028 5211 κατορωρυγμίνη,
1040 5144 1077 5211 τῷ
1162 5157 1178 5196 e
1196 5141 1275 5196 D1ott.
1292 5156 1352 5213 cap.
1370 5157 1381 5196 1
1399 5140 1511 5199 deDiv.
1522 5160 1600 5199 ttoni.
1617 5142 1704 5217 Είγθρ
1715 5145 1906 5216 paueret&

247 5206 250 5211 ’
304 5217 337 5289 μὴ
352 5217 468 5275 δόνααθαι
476 5220 605 5292 τηλαυγῶς
618 5221 724 5273 κατιδεῖν
742 5221 773 5274 τό
795 5221 958 5293 ζητούμενον,
972 5221 1077 5283 πολλοῖς
1126 5227 1176 5277 τῶν
1191 5222 1269 5278 όντων
1280 5222 1338 5290 εἰσί,
1352 5226 1395 5277 καί
1408 5223 1442 5288 είς
1452 5224 1484 5279 τὰ
1498 5225 1560 5280 όντα
1577 5225 1606 5280 τό
1620 5227 1696 5298 πέρας
1709 5226 1824 5301 έχουσιν,
1837 5228 1906 5295 ἧκέ

303 5297 408 5363 έννοίαις
417 5304 461 5370 τῆς
475 5299 599 5374 όρρθστου
623 5304 716 5374 φύσεως
731 5304 903 5376 πολυτρόπως,
917 5304 958 5357 καί
972 5305 1078 5376 πολυμε-
1126 5304 1263 5374 σηςοθσίας
1277 5304 1398 5374 ἐπέκεινα,
1412 5308 1452 5362 καὶ
1461 5308 1540 5378 πόσης
1548 5309 1663 5381 γνώσεώς
1678 5308 1743 5366 ἔσπν
1758 5308 1892 5386 έξηρημένη

334 5450 345 5495 1
356 5451 420 5497 Orat.
428 5463 500 5499 mir.
511 5454 560 5497 -1
572 5455 642 5501 clem.
650 5456 715 5501 Alex.
727 5456 743 5499 11
756 5458 979 5505 δίτονα-θένων.
993 5469 1024 5510 u,
1032 5456 1122 5503 δικ-1
1132 5458 1262 5523 Patigran.

2002 5926 2008 6139 ί
