4134 6182
727 306 1025 384 rnousaonnns,
1049 306 1133 371 osa
1157 308 1196 369 ιι.
1725 315 1757 373 ιι
1871 299 1876 308 ’

151 476 265 520 eorum
277 466 357 535 acta,
373 456 424 521 vel
435 464 550 520 matuta
564 456 651 519 omni
661 457 823 519 devotione
843 456 936 518 susci·
987 457 1075 538 tiqua
1089 458 1231 520 Ecclesiae
1243 459 1367 521 traditio
1381 460 1537 541 probetur.
1560 460 1764 533 Quemadmo-

148 550 299 630 pimus.»
988 550 1065 612 dum
1084 549 1273 631 Augustinus
1291 554 1433 629 ostendit,
1449 554 1526 614 dum
1549 553 1695 614 adversus
1708 572 1763 634 pe-

194 644 313 706 Rursus
360 643 494 725 cyrillus
522 644 607 705 idem
647 643 873 706 Alexandrinus
902 644 935 703 in
988 642 1127 724 laglanos
1151 645 1301 726 originale
1321 651 1482 727 peceatm
1504 664 1543 707 ex
1566 647 1764 727 antiquorum

151 737 285 817 epistola
306 739 409 819 prima
430 741 472 800 ad
494 736 673 814 Ssuressum,
690 739 729 798 de
747 737 933 798 incarnatio·
988 737 1114 798 Petrum
1128 739 1308 799 auctoritate
1333 740 1453 819 prohat.
1471 740 1550 800 Nam
1568 740 1707 802 adductis
1729 742 1763 802 in

150 828 200 889 nis
214 830 361 911 dogmate
377 828 493 906 aalide,
508 831 637 892 «doctos
651 849 784 892 essenos
798 830 840 891 ait
852 849 871 891 a
884 830 935 891 di·
987 830 1125 890 medium
1136 832 1317 893 testimoniis
1324 834 1543 913 quorumdam,
1559 839 1594 893 ut
1606 835 1761 914 Cypriani,

148 923 558 1006 vinaScriptura,atsanctis
573 925 746 986 pentoma
762 925 860 986 »Etin
872 923 934 985 tlne
987 928 1018 983 et
1037 923 1228 1004 Hieronymi,
1244 944 1316 986 mox
1336 926 1378 986 ita
1400 926 1506 987 sc1ihit
1533 944 1540 985 ε
1571 928 1679 988 «Haec
1698 946 1762 989 non

150 1016 289 1096 epistole
314 1037 321 1078 :
342 1041 358 1076 ι
379 1020 564 1099 Sequentcs,
576 1018 688 1099 inquit,
699 1018 815 1098 ubique
828 1018 933 1079 ortho·
987 1016 1056 1077 ideo
1081 1018 1331 1094 commemoravi,
1348 1020 1432 1099 quod
1450 1019 1675 1100 disputatorum
1689 1039 1764 1101 quo

150 1110 234 1173 doxa
244 1119 423 1174 sanctorum
437 1114 563 1174 Petrum
576 1113 699 1175 decreta
710 1120 816 1175 contra
829 1114 934 1175 Nesto
987 1109 1134 1172 rumlihet
1151 1111 1306 1172 sententiis
1326 1116 1476 1191 nuquam
1495 1112 1644 1174 canonice
1656 1118 1763 1174 ancto-

148 1204 187 1266 1ii
204 1206 357 1287 dogmata
376 1206 493 1268 librum
520 1206 754 1289 conscripsimus
768 1210 790 1267 1.
817 1226 833 1264 o
851 1207 889 1267 Et
899 1207 932 1267 in
987 1205 1076 1264 ritate
1088 1205 1241 1280 nitamur3
1253 1206 1504 1286 sedutapparcat
1514 1206 1554 1266 ab
1567 1205 1654 1266 initio
1665 1225 1764 1287 usque

149 1297 277 1380 dialogo
303 1301 405 1381 primo
430 1300 466 1363 tie
487 1299 648 1377 Trinitate,
664 1302 705 1362 ad
717 1301 880 1377 sinceram,
902 1306 932 1361 et
987 1298 1174 1378 adpraesens
1187 1304 1319 1378 tempus,
1333 1316 1396 1378 quo
1410 1298 1469 1360 ista
1486 1299 1606 1361 novitm
1620 1306 1687 1361 orta
1705 1307 1760 1377 est,

147 1390 337 1454 catholicam
352 1393 447 1455 fidem
460 1393 671 1470 obtinendam,
690 1395 790 1456 asans
801 1410 867 1456 esse
881 1393 932 1454 di·
986 1391 1045 1452 hoc
1059 1393 1098 1453 de
1112 1392 1255 1472 originali
1268 1398 1392 1472 peccato
1407 1393 1491 1473 apud
1504 1393 1647 1454 Ecclesiae
1667 1393 1762 1455 fidem

145 1484 379 1547 aitsanctorum
399 1488 524 1548 Petrum
545 1486 753 1565 monimenta,
773 1488 807 1550 in
820 1488 933 1568 quibus
985 1489 1072 1546 tanta
1092 1484 1262 1546 constantia
1284 1486 1481 1561 custoditum,
1507 1491 1543 1546 ut
1565 1487 1604 1547 ab
1631 1487 1686 1563 eis,
1708 1488 1762 1568 qui

145 1579 255 1659 siquis
263 1580 432 1660 prudenter
445 1580 571 1658 afflari,
589 1586 620 1642 et
632 1580 796 1662 vigilanter
804 1601 842 1643 ea
854 1588 933 1643 trao-
987 1578 1142 1640 dominica
1147 1584 1313 1640 tractarent
1321 1579 1444 1659 eloquia
1451 1580 1551 1660 magis
1558 1581 1762 1642 certissimum

146 1676 213 1733 tare
226 1672 316 1749 velit,
325 1673 615 1736 divinastatimluce
627 1679 762 1736 mentam
772 1694 861 1737 suam
868 1674 931 1737 im·
986 1672 1172 1752 proferretis
1186 1674 1227 1747 ad
1247 1674 1309 1734 aha
1331 1674 1504 1750 refutanda,
1528 1693 1623 1754 quiam
1641 1674 1674 1735 id
1696 1680 1763 1735 tan·

144 1765 256 1846 plebit.
266 1767 339 1829 Non
346 1770 431 1829 enim
437 1766 496 1849 ipsi
507 1768 842 1849 loquebanturinillis0,
851 1774 926 1831 etc.»
987 1783 1083 1844 quam
1094 1765 1208 1828 falsum
1221 1766 1345 1827 rehrtari
1355 1767 1395 1828 ab
1410 1768 1514 1846 aliquo
1527 1764 1758 1828 tentareturhs

186 1860 343 1933 Quocirca
352 1867 434 1923 recte
446 1861 596 1925 Martinus
607 1881 690 1943 papa
700 1863 819 1943 primus
829 1863 863 1924 in
877 1865 932 1925 La-
1027 1860 1157 1940 Egregie
1171 1878 1244 1920 senc
1258 1860 1291 1920 in
1304 1860 1353 1921 his
1369 1861 1472 1922 verbis
1485 1861 1610 1941 exponit
1619 1861 1763 1941 Augusti

145 1957 435 2037 teranensisynodo
450 1956 567 2017 dictum
580 1957 659 2018 illud
668 1957 797 2018 Victoris
807 1958 932 2019 Cartha-
986 1970 1055 2028 nus,
1079 1970 1173 2032 quem
1193 1953 1227 2012 in
1246 1952 1341 2013 finem
1364 1955 1404 2015 ed
1433 1955 1664 2034 comprobanda
1689 1955 1762 2015 fidei

146 2048 288 2129 &nenne
316 2050 479 2131 approbat,
507 2068 570 2130 quo
587 2048 780 2126 hortabatur,
813 2051 931 2112 anihil
986 2046 1108 2107 decreta
1131 2050 1223 2107 testes
1249 2046 1380 2108 citantur
1407 2049 1526 2128 antiqui
1549 2050 1663 2110 Patres.
1692 2049 1761 2108 Non

144 2143 328 2223 permittere
339 2143 400 2205 dici
411 2143 561 2205 noritera
575 2145 732 2225 quopiam,
750 2144 930 2224 qtiodsane·
985 2140 1068 2200 enim
1088 2139 1124 2201 fit
1148 2139 1207 2200 hoc
1229 2146 1391 2221 propterea
1416 2147 1549 2218 tantum,
1574 2147 1609 2202 ut
1634 2141 1761 2203 illorum

143 2242 251 2298 torum
259 2238 389 2298 Patrum
394 2236 518 2299 traditio
525 2239 651 2300 minime
659 2238 807 2300 definivitt
819 2240 888 2299 ,ssst
896 2237 929 2299 in
986 2233 1162 2308 auetoriiaS,
1174 2238 1205 2293 ei
1215 2233 1348 2311 dignitus
1355 2234 1546 2315 probabilius
1558 2234 1671 2297 efficiat
1677 2236 1761 2316 quod

146 2330 271 2393 dmm
284 2330 554 2411 mmmmm,
565 2331 840 2393 anathematismus
850 2349 926 2410 m,
985 2325 1120 2388 dicitur:
1145 2330 1307 2406 waterus,
1321 2334 1356 2388 ut
1377 2335 1457 2389 recte
1477 2328 1660 2390 Guillelmus
1681 2329 1762 2390 Pari·
1854 2405 1856 2408 Α

145 2423 188 2486 ita
217 2445 253 2487 se
273 2425 372 2487 hahet
399 2445 443 2486 :a
474 2426 507 2488 Si
527 2427 596 2506 quis
615 2425 785 2487 seeundum
809 2432 929 2487 sarictos
984 2420 1091 2481 aiensis
1124 2422 1157 2481 in
1178 2418 1258 2480 lihro
1280 2418 1316 2482 de
1345 2419 1510 2482 Virtutibus
1530 2420 1663 2501 scripsit,
1680 2421 1759 2481 sicut

145 2520 253 2582 Patres
275 2538 342 2582 non
363 2521 525 2582 confitetur
551 2521 684 2603 proprie,
707 2526 738 2581 at
760 2520 929 2581 secundum
985 2514 1148 2575 Ptolemaeo
1169 2514 1257 2579 licuit
1283 2532 1321 2575 ee
1346 2519 1497 2593 tanquam
1521 2520 1604 2575 certa
1626 2533 1759 2591 sumere,

144 2614 313 2677 raritatem
326 2616 433 2677 omnia
447 2632 516 2695 que
532 2615 646 2676 tradita
668 2620 750 2690 sunt,
766 2620 797 2675 et
819 2615 931 2695 praedi·
986 2626 1055 2688 quae
1067 2607 1107 2668 ah
1122 2608 1298 2689 Hipparcho
1321 2613 1426 2669 notata
1445 2608 1567 2670 fuerant
1579 2609 1613 2669 in
1625 2608 1761 2671 siderum

145 2714 215 2769 cata
229 2712 348 2769 sanctae
369 2708 537 2785 catholicae,
558 2713 589 2770 et
611 2707 784 2789 apostolicae
802 2707 857 2767 Dei
877 2708 932 2769 Ec·
985 2700 1121 2773 scientie,
1136 2707 1166 2762 et
1177 2702 1217 2762 ab
1237 2703 1292 2763 illo
1313 2702 1380 2781 ipso
1399 2700 1562 2762 Ptolemaeo
1584 2720 1654 2781 quae
1674 2708 1763 2764 erent

146 2800 260 2878 dona,
290 2800 481 2882 mundoque
516 2821 536 2863 a
564 2802 675 2863 sanctis
714 2801 865 2878 Patribus,
902 2806 933 2863 et
985 2794 1156 2871 observata,
1176 2796 1358 2876 posteriores
1380 2813 1436 2875 pro
1460 2793 1546 2871 ratis,
1569 2813 1606 2857 ao
1633 2797 1761 2857 minime

145 2895 335 2956 venerandis
372 2894 597 2957 universalibus
622 2895 759 2976 quinque
782 2896 929 2972 conciliis,
985 2888 1086 2949 dubiis
1097 2895 1308 2969 usurparunt:
1328 2889 1407 2949 «Sic
1416 2889 1508 2950 licere
1521 2888 1711 2950 nobisdehet
1723 2907 1761 2950 ea

145 2988 303 3069 usquead
316 3007 417 3051 unum
435 2989 565 3070 apicem,
581 2989 676 3050 verbo
690 2994 721 3050 et
733 2994 846 3064 mente,
862 3007 933 3050 con·
984 3000 1166 3063 supponere,
1176 2982 1341 3062 merobis
1347 2988 1504 3043 tantorum
1510 2988 1576 3043 tem
1586 2984 1761 3044 venemnda

147 3082 318 3144 damnatus
341 3083 415 3144 sita
449 3105 465 3141 ο
492 3083 635 3145 Leontim
663 3082 712 3142 his
744 3082 931 3161 Byzantinus
984 3075 1016 3136 in
1029 3075 1147 3156 seriptis
1161 3077 1222 3136 suis
1241 3075 1365 3155 reliquit
1374 3076 1603 3154 antiquitesl·»
1627 3076 1687 3137 Sed
1696 3093 1760 3137 non

146 3176 279 3238 accedat
294 3174 328 3236 in
342 3176 445 3258 primo
459 3176 539 3238 libro
561 3182 667 3238 contra
691 3175 877 3253 Nestorium,
902 3181 933 3237 et
983 3169 1053 3230 ideo
1076 3168 1188 3244 solum,
1205 3169 1289 3248 quod
1309 3187 1364 3249 per
1377 3186 1411 3229 se
1432 3169 1518 3249 digni
1535 3167 1582 3230 illi
1595 3175 1677 3244 sunt,
1693 3170 1760 3249 qui-

147 3270 367 3351 hanchem:
384 3293 401 3330 ιι
421 3269 669 3352 Posthpostolos,
687 3270 783 3346 ait,et
801 3270 932 3353 prophe
983 3262 1136 3325 busfides
1157 3262 1475 3339 adhibeet11r‚eorum
1497 3263 1672 3325 testimonio
1691 3264 1760 3325 niti·

146 3369 203 3443 tas,
227 3365 372 3427 doctores
389 3365 492 3447 posuit
517 3365 550 3426 in
565 3363 702 3426 Ecclesia
717 3366 808 3439 Deus,
825 3382 930 3425 secun-
983 3374 1071 3431 mur;
1088 3357 1142 3418 sed
1153 3356 1251 3417 multo
1266 3357 1377 3438 magis,
1391 3356 1475 3437 quod
1488 3356 1522 3417 in
1540 3356 1666 3418 illorum
1678 3359 1761 3420 testi·

146 3462 223 3524 dum
245 3459 476 3543 providentiam
495 3458 624 3540 Spiritus
638 3458 734 3520 sancti
755 3458 930 3539 incompre-
982 3450 1124 3513 ficanone
1144 3451 1315 3512 traditionis
1334 3450 1508 3531 apostolicae
1525 3452 1677 3512 memoria
1689 3470 1760 3513 eon-

146 3554 292 3632 hensam,
315 3556 349 3616 in
362 3573 441 3636 opus
451 3552 623 3628 ministerii,
644 3552 683 3614 ad
696 3550 930 3612 edificationem
982 3544 1107 3620 tinetur,
1128 3544 1168 3605 ad
1191 3550 1313 3606 aetatem
1335 3562 1433 3624 usque
1453 3548 1591 3604 nostram
1611 3549 1760 3624 perpetrm

146 3650 286 3732 corporis
306 3649 428 3711 Christi.
451 3649 551 3722 Quare
578 3644 632 3727 qui
653 3647 756 3706 Patres
778 3644 848 3706 illos
868 3662 932 3706 non
983 3639 1167 3719 scriptorum
1180 3638 1371 3700 successione
1389 3637 1548 3719 perducta.
1564 3639 1644 3699 Sane
1657 3656 1757 3718 quan-

146 3744 272 3827 mcipit,
303 3742 359 3823 qul
380 3742 414 3803 in
455 3741 590 3803 Ecclesia
620 3739 696 3803 cleri
729 3744 759 3801 et
796 3738 931 3800 celebres
981 3731 1189 3793 tumillorum
1208 3731 1375 3807 sententiae,
1392 3750 1429 3792 ac
1450 3731 1535 3792 velut
1555 3749 1702 3812 responsa
1720 3733 1758 3793 dc

146 3844 229 3916 sunt,
265 3837 361 3920 plane
386 3834 571 3897 ordinationi
584 3816 622 3895 'ct
640 3832 848 3895 constitutioni
875 3832 929 3893 liei
983 3826 1172 3902 fldeircbus,
1188 3825 1332 3906 ponderis
1346 3824 1492 3900 habeant,
1509 3825 1601 3886 unius
1623 3825 1664 3885 ah
1677 3843 1759 3886 com·

147 3931 262 3994 sensus
274 3936 333 3993 ³.»
983 3920 1130 3981 munione
1144 3918 1295 3981 catholica
1311 3936 1373 3980 vox
1395 3918 1487 3979 alieni
1507 3918 1642 3980 hominia
1661 3924 1760 3982 osten·

186 4025 226 4086 V.
244 4023 368 4087 Hieiile
382 4028 428 4084 est
446 4020 541 4104 igitur
560 4021 620 4084 loci
633 4020 716 4082 illius
733 4020 859 4097 uncus,
876 4019 930 4100 qui
984 4011 1039 4076 dit.
1057 4015 1085 4075 ls
1100 4018 1145 4075 est
1160 4016 1250 4090 Besa,
1267 4013 1323 4093 qui
1344 4010 1377 4073 in
1396 4012 1545 4092 opusculo
1567 4013 1704 4091 quodam
1722 4010 1759 4074 de

146 4118 181 4181 in
193 4125 338 4182 veterum
356 4116 537 4179 testimoniis
555 4116 701 4193 consistit,
717 4121 753 4176 ut
765 4132 804 4175 ex
816 4115 855 4175 iis
878 4132 931 4175 an-
986 4105 1108 4172 Unitate
1120 4106 1231 4171 divina
1247 4105 1378 4170 ementire
1392 4106 1466 4166 dicit
1477 4123 1515 4167 ea
1527 4104 1640 4185 quihus
1653 4120 1755 4182 suam,

191 4352 210 4392 ιι
228 4335 324 4406 cna.
341 4338 412 4391 tom·
426 4326 458 4400 t.
470 4336 543 4406 part.
567 4346 597 4388 n.
612 4330 672 4384 ffl'
687 4329 845 4405 litterulae
865 4326 930 4404 παρὰ
1018 4337 1132 4396 scint.
1148 4334 1215 4394 diat.
1232 4338 1259 4393 ι.
1279 4334 1312 4393 ee
1327 4335 1427 4392 nost
1445 4325 1759 4409 ιοω.1.“ιλογιριιο

148 4420 266 4488 τῆςθτίος
280 4416 386 4492 γραφῆς,
398 4419 439 4470 καὶ
453 4422 503 4471 τῶν
516 4410 593 4489 ἁγίων
608 4416 735 4489 Πατέρων,
750 4423 804 4473 eles
982 4423 1008 4478 ui
1019 4429 1068 4478 τῶν
1077 4414 1154 4495 ἇγ1ων
1168 4421 1277 4494 πατέρων
1292 4418 1326 4483 εἷς
1339 4426 1412 4475 τοῦτο
1426 4416 1571 4494 συγγραφή,
1586 4414 1626 4483 αἷς
1640 4410 1707 4494 εἴπερ
1721 4440 1758 4484 τις

185 4502 292 4561 blbld·
312 4501 512 4564 ’Ᾱκολωθοῦνΐῑέ
535 4500 563 4555 δῖ
583 4498 694 4575 πανταχῆ
711 4504 765 4565 ταῖς
784 4507 833 4556 τῶν
853 4494 929 4574 &titel
982 4509 1065 4563 iletre
1078 4511 1197 4580 νουνεχῶς
1211 4505 1317 4577 ὁμιλεῖν,
1331 4506 1371 4558 nal
1390 4503 1558 4579 έγρηγορότως
1572 4505 1757 4578 προσφέρεσθαι,

144 4584 264 4662 Πτῐίροι*
277 4586 440 4660 hemlee,
452 4586 514 4641 tet&
526 4591 576 4641 τῶν
588 4578 723 4659 Νεστορῖον
732 4588 862 4660 δογμάτων
873 4605 930 4659 συγ·
980 4594 1061 4666 φωτὸς
1071 4595 1099 4646 ἂν
1112 4598 1156 4645 τοῦ
1169 4588 1234 4643 talou
1247 4608 1289 4644 τον
1303 4587 1394 4642 οἰκεῖον
1409 4589 1474 4651 zitise
1492 4586 1671 4662 ἀναρτσθώσειε
1685 4593 1751 4643 νοῦν·

143 4673 304 4747 γηρέραρὶν
324 4666 429 4743 βιὸλῐον.
982 4672 1044 4744 ἦσαν
1053 4675 1100 4748 γὰρ
1111 4673 1154 4728 οὔκ
1168 4672 1415 4736 destinassetis
1429 4673 1521 4735 αὐτοῖς.

179 4892 262 4950 'line
281 4911 334 4963 que
347 4896 436 4949 Pelsvii
456 4899 523 4948 aute
537 4894 628 4948 1101111111
641 4888 712 4947 latine
726 4893 843 4959 extabant,
856 4894 927 4944 inter·
981 4890 1024 4938 τοῦ
1046 4882 1185 4956 [lamperes
1205 4878 1357 4956 οἰκονομῑαν,
1379 4882 1481 4937 τέθεικεν
1503 4882 1518 4935 ὁ
1540 4882 1611 4951 θεός,
1626 4880 1660 4945 εἰς
1688 4881 1759 4957 ἔργον

145 4981 215 5045 prete
245 4974 373 5028 inraso
394 4976 516 5039 ranno,
540 4988 615 5040 grece
638 4974 708 5025 ecidit
736 4974 856 5025 cadinalis
882 4972 927 5024 ltsi
980 4969 1112 5034 διακονίας,
1122 4966 1156 5030 εἰς
1169 4966 1300 5040 οἰκοδομὴν
1313 4972 1357 5022 τοῦ
1367 4962 1480 5041 σώματος
1489 4972 1532 5022 τοῦ
1550 4969 1664 5039 Χριστοῦ,
1675 4966 1760 5022 οὖνοῦν

148 5057 284 5125 (spirited.
300 5048 373 5109 lion.
393 5060 416 5107 l.
437 5055 522 5116 X.l,et
536 5054 570 5106 sie
584 5054 671 5106 hahent
690 5054 754 5114 (111).
785 5054 805 5110 l,
826 5067 851 5103 n.
881 5045 925 5114 311,
981 5051 1063 5114 esau
1076 5052 1232 5125 Ποτέραςρὴ
1257 5054 1389 5125 δεχόμενος
1411 5056 1466 5114 τοῦς
1483 5053 1605 5122 διαφανεῖς
1633 5063 1659 5106 τε
1681 5053 1721 5106 καὶ
1735 5050 1760 5106 ἔν

142 5160 173 5212 p.
192 5148 233 5209 31)
249 5137 340 5194 :stet
351 5135 400 5208 γὰρ
413 5133 472 5195 wilt
488 5130 650 5192 Ἆπνῦτὸλονς
666 5130 706 5183 καὶ
724 5130 780 5192 wilt
792 5134 926 5203 προφῆτας,
980 5135 1204 5210 ιῇἘκκληοῑᾳτοΰ
1223 5137 1285 5191 θεοῦ
1299 5138 1466 5210 apricatione,
1476 5136 1644 5212 προφανῷςιῇ
1657 5138 1760 5212 dms-fid

143 5228 210 5302 ἔντῇ
222 5227 357 5298 Ἐιοιληοέᾳ
364 5224 422 5286 tolle
430 5222 598 5288 deieratione,
615 5220 677 5275 κατὰ
689 5219 733 5289 τὴν
747 5217 925 5291 ἀνεξιχνῐαοτον
980 5220 1023 5272 τοῦ
1034 5216 1096 5271 Θεοῦ
1112 5216 1263 5286 ἀνθέστηκεν.
1279 5218 1304 5273 J.
1320 5218 1350 5272 B.
1366 5218 1396 5272 F.

178 5432 188 5475 1
204 5431 280 5474 utu.
291 5428 331 5471 sub
345 5427 414 5470 itm.
430 5429 507 5467 seerst.
517 5421 540 5471 Ι.
557 5435 580 5478 p·
599 5418 647 5467 686.
662 5417 1031 5467 d.a0m.1v.c0ne.-tsnnt.
1049 5417 1070 5464 11.
1095 5415 1229 5474 pith-3
1244 5420 1307 5462 Tem.
1325 5418 1366 5460 1v.
1381 5419 1435 5464 blbl.
1450 5432 1487 5475 pp.
1500 5419 1540 5464 col.
1560 5416 1611 5466 itii.
1630 5442 1655 5455 -
1673 5418 1759 5476 idun.

147 5502 166 5552 1,
176 5503 219 5546 111.
248 5499 274 5545 de
293 5503 376 5547 Ρωιιιε.
395 5510 450 5542 ster.
467 5509 516 5551 esp.
541 5500 624 5540 tta·
649 5489 731 5547 desp.
754 5501 788 5538 xi,
