3942 6168
314 342 373 401 252
818 330 1142 396 Trinonofflconun
1167 332 1397 395 DOGMATUM.

315 505 365 567 cui
375 505 459 565 idem
473 504 605 575 estesse,
616 499 721 560 vivere
734 503 766 559 θῖ
779 497 954 579 intelligere
969 498 1084 580 [possu-
1134 498 1295 560 mutabilis
1307 505 1399 578 atque
1408 497 1644 578 imperturbata,
1654 516 1756 578 neque
1764 497 1894 563 dindut

243 632 248 641 ·
316 614 385 658 mus
395 595 530 656 etiamst
543 591 616 653 velle
628 589 751 671 addere)
768 609 840 651 cum
854 610 910 671 per
918 592 1085 653 essentiam
1134 591 1201 671 ipse
1212 598 1243 653 θῖ
1251 592 1336 653 aliud
1346 592 1430 671 quod
1442 590 1537 652 habet
1551 596 1582 651 et
1595 591 1680 670 quod
1693 589 1770 652 est¹.
1785 614 1801 650 u

316 707 354 749 ex
371 693 536 768 pertenon
557 684 607 760 sit,
624 706 639 741 n
659 681 716 764 (θεῖ
737 683 824 744 enim
846 683 950 763 ipsum
972 702 1037 745 esse
1054 690 1086 746 et
1175 687 1253 745 Cum
1279 684 1338 745 hac
1359 683 1480 745 ratione
1505 689 1652 745 consonat
1669 689 1701 745 et
1721 683 1780 745 ista
1798 684 1893 766 Cyrilli

315 790 423 860 πέλαγος
436 792 480 854 τῆς
493 785 589 853 οὐσίας,
605 781 640 836 ut
653 794 747 855 supra
764 774 906 855 memini)
926 798 941 833 (ι
962 794 1019 838 nec
1030 794 1086 856 per
1135 776 1337 839 Alexandrini
1351 777 1406 857 qui
1420 777 1455 837 in
1475 777 1545 836 XIII
1563 775 1706 837 Thesauri
1717 777 1830 838 Filium
1848 779 1894 839 Dei

316 871 502 953 sapientiam
525 888 564 931 ex
586 873 672 948 parte
693 886 759 929 esse
782 869 906 948 poterit.
927 869 988 930 Sed
1007 869 1087 929 sieut
1135 870 1318 930 mutabilem
1332 887 1397 929 non
1412 886 1477 929 esse
1491 868 1612 948 probat,
1628 868 1779 948 quoniam
1794 869 1896 931 veritas

316 962 522 1027 immutabilis
535 968 582 1023 est
591 960 734 1037 essentia,
745 961 790 1021 ita
803 978 928 1040 quoque
941 962 1087 1022 immuta-
1136 967 1198 1038 est3
1218 983 1234 1020 u
1248 962 1337 1036 Quod
1345 961 1431 1022 enim
1447 960 1563 1021 mutari
1579 965 1610 1021 et
1624 962 1755 1022 alterum
1771 960 1840 1022 fieri
1851 980 1896 1042 po
1966 960 1967 969 ³

316 1056 389 1118 bilis
398 1063 444 1118 est
454 1053 617 1139 sapientia.
633 1074 649 1111 u
1136 1058 1205 1130 test,
1222 1072 1287 1115 non
1301 1054 1417 1114 diceret
1429 1053 1468 1113 de
1485 1052 1605 1132 seipso:
1621 1051 1654 1114 E
1653 1072 1690 1134 qo
1702 1072 1767 1113 sum
1785 1054 1894 1116 uerita

357 1149 436 1209 VIII.
458 1149 532 1208 Haec
553 1145 694 1225 Hugonis
712 1144 924 1221 ratiocinatio,
936 1150 967 1206 θῖ
979 1145 1084 1223 latius,
1137 1146 1252 1207 Namsi
1265 1146 1433 1225 aliquando
1446 1145 1572 1221 honest,
1589 1145 1755 1224 aliquando
1770 1164 1835 1207 non
1847 1153 1895 1223 est

316 1247 352 1302 ut
368 1240 445 1316 dixi,
457 1245 541 1320 patet
555 1256 590 1299 ac
602 1243 705 1299 totum
718 1255 817 1317 genus
827 1237 1010 1299 mutationis
1019 1257 1087 1300 am-
1137 1256 1242 1299 seeum
1263 1239 1329 1319 ipse
1342 1237 1526 1299 mentitura
1549 1259 1565 1295 u
1590 1238 1713 1299 Etenim
1735 1243 1773 1298 ut
1790 1239 1834 1299 ait
1846 1242 1897 1300 An-

316 1334 471 1414 plectitur,
497 1337 528 1393 et
545 1336 592 1393 est
613 1330 706 1410 longe
726 1330 1087 1409 perhumanum
1136 1331 1281 1409 gustinus
1300 1336 1433 1392 tractatu
1453 1346 1564 1391 xxrrvrn
1585 1329 1617 1390 in
1633 1329 1773 1391 Jocnuem
1788 1351 1802 1391 .·
1818 1352 1834 1389 ι
1848 1332 1898 1393 Ιῖθε

317 1426 449 1487 mutatio
463 1423 577 1499 omnis,
593 1428 624 1483 et
641 1441 731 1483 novae
751 1421 798 1484 rei
816 1422 978 1502 acquisitio
997 1428 1044 1484 est
1057 1428 1088 1484 et
1138 1423 1286 1504 quaslibet
1304 1441 1431 1503 prorsus
1448 1421 1668 1502 qualicumque
1685 1423 1898 1486 excellentiasi

317 1517 429 1578 veteris
442 1516 579 1578 amissio.
596 1516 676 1576 Nam
689 1536 704 1571 ιι
714 1514 854 1574 converti
863 1514 898 1573 in
907 1514 1003 1591 aliud,
1015 1514 1088 1576 finis
1138 1516 1298 1578 mutabilis
1311 1521 1367 1592 θεῖ,
1383 1534 1449 1577 non
1461 1533 1534 1576 vere
1548 1520 1604 1576 θεῖ.
1620 1515 1690 1576 Νοιι
1703 1515 1791 1576 enirn
1805 1520 1849 1577 est
1860 1516 1897 1577 ibi

317 1614 364 1670 est
378 1606 534 1689 pristini¹,
555 1629 570 1665 u
593 1607 638 1668 ait
649 1606 870 1682 Tertullianus,
890 1611 946 1667 aut
959 1612 994 1668 ut
1007 1607 1088 1668 nihil
1137 1626 1248 1670 verum
1257 1627 1323 1670 esse
1332 1607 1387 1669 ubi
1397 1612 1444 1669 est
1452 1612 1483 1668 et
1491 1626 1557 1668 non
1565 1625 1641 1668 esse.
1653 1607 1811 1687 Quidquid
1823 1608 1897 1670 enin

317 1702 459 1763 excidere
481 1704 637 1780 putemus,
659 1704 741 1760 certe
760 1699 888 1777 quidem
910 1717 976 1759 non
995 1698 1089 1761 unas
1138 1701 1253 1763 mutari
1265 1699 1546 1782 potest,‘mutatum
1559 1705 1687 1761 nonest
1699 1700 1785 1780 quod
1797 1706 1895 1762 erati

317 1799 389 1857 ante
404 1793 437 1854 id
450 1810 573 1854 necesse
584 1796 630 1853 est
642 1791 682 1851 ad
695 1791 780 1870 quod
798 1791 971 1852 mutatione
984 1810 1090 1872 perue-
1138 1795 1176 1854 Et
1191 1794 1226 1854 in
1239 1812 1383 1856 sermone
1395 1809 1458 1855 xvn
1471 1791 1506 1853 de
1518 1791 1665 1867 Diversis
1681 1792 1782 1873 capite
1795 1793 1896 1855 tertio:

318 1886 414 1948 nitur.
430 1884 525 1965 Atqui
535 1886 597 1946 Deo
607 1884 689 1945 nihil
701 1901 819 1944 novum
828 1883 967 1945 accidere
976 1888 1087 1964 potest,
1142 1907 1158 1945 ιι
1171 1888 1215 1947 Εθ
1228 1905 1299 1966 quse
1312 1891 1485 1961 mutantur,
1501 1903 1567 1945 non
1584 1891 1657 1944 sunt
1671 1885 1745 1964 quia
1758 1904 1823 1947 non
1837 1904 1897 1966 per·

318 1977 373 2058 qui
385 1982 487 2039 totum
507 1977 541 2037 id
554 1977 638 2056 quod
651 1980 697 2036 est
710 1994 813 2037 essere
827 1980 938 2056 potest,
954 1995 1018 2037 non
1032 1995 1089 2056 po·
1138 1983 1277 2041 manent.
1293 1979 1383 2053 Quod
1402 1978 1489 2040 enim
1503 1982 1550 2037 est
1566 1981 1684 2038 manet.
1700 1978 1790 2051 Quod
1805 1984 1898 2039 auten

317 2075 438 2146 testate,
453 2069 507 2131 sed
533 2076 640 2150 ἐνεργείᾳ
661 2074 692 2129 θῖ
718 2075 787 2129 actu
814 2068 963 2146 continet,
987 2087 1089 2148 neque
1138 2076 1289 2148 mutatur,
1308 2071 1368 2132 tuit
1386 2069 1507 2150 ahquid
1524 2074 1554 2130 et
1570 2069 1689 2148 aliquid
1707 2069 1778 2145 erit,
1799 2076 1829 2130 et
1844 2088 1899 2131 non

319 2162 490 2243 quidquam
506 2161 664 2236 decedere,
680 2162 755 2240 quia
769 2161 895 2241 plenam
908 2160 996 2222 illam
1009 2162 1090 2223 entis
1138 2168 1244 2225 tamen
1258 2163 1401 2243 estquis
1413 2161 1564 2223 mutabile
1578 2168 1634 2221 θεῖ.
1651 2182 1667 2219 u

318 2255 561 2316 immensitatem
580 2271 645 2313 non
661 2258 812 2332 tanqrmm
832 2253 1035 2314 adventitiam
1055 2274 1091 2316 ac
1179 2256 1231 2317 IX.
1254 2257 1371 2318 Rursus
1380 2255 1495 2316 idcirco
1509 2254 1625 2315 mutari
1634 2272 1701 2314 non
1709 2271 1799 2333 posse
1812 2255 1898 2316 Deum
1917 2264 1963 2310 ια’

319 2347 513 2427 superfusam
534 2345 639 2421 habet,
664 2345 719 2405 sed
738 2350 785 2405 θεῖ
802 2344 862 2405 ista
881 2345 960 2424 ipsa.
980 2367 995 2404 ιι
1020 2347 1090 2408 Nou
1139 2348 1278 2409 sentiunt
1295 2347 1417 2427 antiqui
1433 2348 1547 2423 Patres,
1565 2347 1639 2425 quia
1657 2352 1705 2407 est
1727 2365 1795 2408 ase
1810 2348 1900 2410 sires
1926 2374 1961 2429 ,a

320 2444 419 2518 potest
432 2444 572 2501 autema
589 2456 646 2498 suo
665 2454 742 2512 esse,
755 2437 815 2498 hoc
828 2443 907 2498 esta
925 2437 1026 2518 seipso
1040 2440 1092 2501 de·
1140 2439 1238 2516 nullo,
1262 2440 1347 2519 quod
1365 2447 1481 2520 astque
1502 2439 1658 2518 appellare
1678 2439 1790 2500 solent.
1815 2441 1900 2500 Nora

320 2531 481 2606 scisceress,
502 2551 518 2588 u
542 2528 586 2590 ait
606 2529 757 2589 Plotinus.
781 2529 894 2590 Mutari
915 2547 989 2608 ergo
1003 2531 1091 2592 utillo
1139 2532 1244 2592 tianus
1258 2532 1292 2591 in
1301 2531 1382 2591 libro
1395 2528 1430 2590 de
1448 2528 1608 2607 Trinitate,
1624 2530 1723 2610 capite
1733 2548 1787 2591 nr:
1807 2532 1899 2592 «Nam

319 2628 409 2703 pacto
426 2627 535 2702 potest.
559 2643 574 2679 ιι
593 2621 711 2681 Natura
723 2620 839 2700 quippe
857 2620 975 2697 divina,
1000 2627 1035 2682 ut
1048 2623 1093 2684 ait
1140 2628 1172 2683 et
1180 2625 1381 2699 incrementa,
1398 2621 1511 2700 inquit,
1521 2623 1676 2701 origiuem
1685 2629 1865 2699 monstrant,
1874 2628 1900 2684 et

321 2715 454 2794 Cyrillus
464 2713 702 2789 Alexandrinus,
718 2712 753 2773 in
767 2712 868 2792 seipsa
881 2713 972 2774 firma
984 2719 1015 2775 et
1028 2720 1090 2775 sta-
1140 2716 1327 2777 detrimenta
1339 2720 1474 2776 mortem
1483 2719 1575 2792 atque
1589 2715 1753 2775 interitum
1767 2716 1897 2795 probant.

320 2806 394 2868 bilis
404 2812 460 2883 θεῖ,
471 2825 530 2867 ιιθθ
543 2804 792 2866 mutationemin
805 2805 892 2866 aliud
901 2805 1022 2885 recipit,
1038 2807 1092 2868 sed
1141 2810 1179 2868 Et
1193 2809 1265 2870 ideo
1281 2827 1349 2888 ego,
1366 2805 1421 2883 ait,
1437 2824 1508 2867 sum
1524 2807 1617 2883 Deus,
1636 2812 1667 2868 et
1679 2826 1745 2868 non
1758 2826 1827 2868 sum
1839 2826 1899 2868 mu-

321 2900 431 2961 eodem
440 2899 534 2960 modo
548 2916 580 2959 se
589 2915 711 2978 semper
724 2896 819 2959 habet
833 2903 865 2959 et
877 2898 913 2959 in
922 2898 987 2958 suis
999 2917 1091 2961 orna·
1140 2906 1237 2978 tatus;
1259 2907 1374 2962 statum
1391 2917 1484 2959 suum
1506 2905 1616 2961 tenens
1638 2918 1771 2979 semper,
1786 2901 1858 2961 dum
1873 2900 1900 2960 id

321 2993 435 3054 mentis
444 2996 619 3054 constanter
627 2988 763 3051 maneti.
779 3010 795 3048 u
1142 2993 1226 3072 quod
1245 3000 1355 3055 natum
1375 3010 1441 3052 non
1454 2996 1510 3067 est,
1531 2992 1670 3052 converti
1684 3011 1750 3053 non
1768 2997 1897 3072 potesta

151 3119 298 3167 omma.
361 3085 511 3159 Quocirca
534 3084 607 3146 licet
635 3081 897 3143 immutabilitatIs
928 3082 984 3144 Dei
1012 3084 1093 3145 hanc
1142 3087 1180 3146 Et
1192 3086 1285 3165 paulo
1300 3091 1369 3166 post
1385 3104 1392 3144 ι
1411 3106 1427 3142 (ι
1443 3085 1530 3158 Quod
1546 3084 1633 3145 enIm
1647 3090 1759 3145 natum
1771 3103 1834 3145 non
1851 3091 1898 3159 est,

150 3173 228 3272 23¹2?
238 3183 297 3281 ἓξὲξ,
321 3177 416 3239 aliam
425 3176 535 3238 afferre
544 3193 679 3252 causam,
692 3176 766 3255 quia
780 3179 827 3235 θεῖ
839 3174 872 3234 id
886 3176 970 3255 quod
984 3183 1031 3237 θεῖ
1043 3178 1094 3237 vel
1142 3196 1200 3240 nec
1208 3176 1324 3239 mutari
1337 3181 1447 3257 potest.
1462 3176 1601 3237 Etenim
1616 3175 1681 3236 sola
1693 3176 1729 3236 in
1743 3176 1900 3237 conversio

205 3286 246 3324 eat.
321 3271 406 3350 quod
411 3271 525 3330 habere
534 3269 659 3344 dicittu,
670 3268 792 3329 tametsi
797 3267 983 3328 eodcmcum
989 3269 1093 3348 priore
1143 3289 1216 3332 nem
1236 3271 1368 3332 veniunt
1381 3286 1586 3349 quecumque
1599 3268 1680 3329 fiunt
1693 3269 1744 3330 vel
1757 3286 1899 3347 quaecum-

322 3362 386 3437 illa,
406 3362 467 3422 hoc
486 3366 531 3421 est
554 3359 763 3440 simplicitate,
783 3358 904 3419 recidit.
926 3360 1006 3420 Nam
1022 3361 1093 3422 ideo
1143 3382 1204 3442 que
1237 3363 1422 3443 gignuntur,
1447 3362 1524 3422 dum
1553 3378 1624 3440 quae
1652 3360 1818 3439 diquando
1845 3378 1899 3420 uon

322 3452 591 3533 simplexanobis
604 3451 790 3530 intelligitur
808 3452 901 3528 Deus,
917 3452 992 3531 quia
1003 3453 1035 3513 id
1048 3459 1095 3515 θεῖ
1142 3456 1265 3516 fuerant
1292 3455 1414 3516 discunt
1443 3472 1508 3515 esse
1531 3453 1697 3527 nascendo,
1723 3459 1814 3532 atque
1840 3452 1900 3513 ideo

323 3563 417 3605 omne
432 3544 516 3623 quod
530 3563 595 3605 esse
609 3563 682 3605 eum
700 3544 751 3604 vel
763 3542 877 3605 habere
891 3545 1035 3621 dicimus,
1051 3551 1094 3607 ae
1143 3548 1296 3609 nascendo
1307 3545 1456 3608 converti.
1467 3546 1507 3607 At
1520 3546 1606 3607 enim
1615 3545 1669 3606 illa
1683 3564 1754 3624 quae
1768 3564 1823 3607 nee
1834 3544 1900 3605 nati·

323 3655 383 3716 que
397 3641 433 3697 ut
448 3642 530 3698 recte
544 3636 578 3696 in
592 3636 695 3715 primo
708 3634 743 3696 de
760 3634 958 3697 universitate
973 3636 1093 3697 Rhaba-
1143 3640 1271 3701 ritatem
1283 3639 1401 3700 habent
1409 3656 1467 3699 nec
1473 3638 1634 3715 artificem,
1646 3638 1839 3700 excluserunt
1850 3654 1900 3696 asc

324 3747 384 3789 nus
393 3729 447 3805 ait,
462 3750 478 3786 (ι
492 3728 624 3808 simplex
637 3727 752 3789 dicitur
766 3728 831 3789 sive
845 3747 910 3789 non
924 3728 1094 3791 amittendo
1143 3732 1399 3807 demutationem,
1410 3731 1487 3791 dum
1496 3729 1899 3810 inquaconuersioniscauss

324 3821 407 3900 quod
428 3821 532 3897 habet,
553 3839 608 3882 seu
628 3820 785 3900 quianon
803 3819 889 3881 aliud
911 3825 958 3882 est
978 3821 1045 3900 ipse
1065 3827 1096 3882 et
1144 3829 1273 3885 estnon
1295 3823 1413 3885 habent
1429 3821 1595 3901 originem.
1615 3844 1631 3880 u
1654 3823 1705 3883 Sic
1724 3821 1901 3902 Augustinus

323 3913 410 3974 aliud
424 3912 552 3993 quodin
565 3913 634 3993 ipso
648 3919 705 3974 θεῖ.
718 3912 804 3974 Sicut
817 3912 851 3973 in
865 3912 993 3973 homine
1007 3913 1096 3992 cujus
1144 3915 1179 3976 in
1188 3915 1372 3978 duodecimo
1388 3913 1423 3975 de
1439 3912 1571 3976 Ciuitate
1579 3913 1638 3975 Dei
1651 3933 1663 3975 .·
1683 3936 1699 3972 ιι
1710 3914 1844 3975 Dicimus
1854 3912 1901 3971 ita·

323 4004 409 4066 aliud
419 4011 537 4067 estesse
548 4011 579 4066 et
594 4005 681 4066 aliud
695 4023 813 4085 sapere.
830 4005 929 4066 Item:
945 4007 1026 4066 Deus
1039 4006 1095 4067 ha·
1145 4026 1205 4086 que
1222 4006 1417 4068 immutabile
1433 4007 1554 4067 bonum
1568 4025 1632 4067 non
1649 4024 1727 4082 esse,
1742 4004 1802 4066 nisi
1812 4020 1900 4065 unum

323 4097 377 4158 bet
389 4098 566 4174 essentiam,
577 4097 671 4158 habet
684 4104 715 4158 et
729 4098 923 4177 sapientiam.
937 4098 997 4158 Sed
1012 4098 1097 4177 quod
1145 4118 1255 4161 verum
1265 4102 1364 4161 Deum
1377 4099 1518 4174 beatum3
1528 4118 1564 4160 ea
1572 4117 1647 4160 vero
1656 4117 1729 4178 quae
1738 4097 1817 4173 iecit,
1830 4097 1902 4157 bona

324 4190 428 4266 hebet,
448 4191 508 4251 hoc
530 4194 586 4266 θεῖ,
610 4196 642 4251 θῖ
664 4190 771 4251 omnia
792 4209 886 4266 unus,
911 4208 947 4250 ac
965 4189 1096 4269 proinde
1146 4192 1273 4271 quidem
1288 4211 1363 4268 θεεθ,
1379 4191 1465 4270 quod
1477 4191 1517 4251 ab
1532 4191 1598 4265 illo,
1617 4195 1830 4251 verumtamen
1844 4204 1902 4248 mn

324 4281 457 4362 simplex
472 4288 528 4357 est,
545 4281 620 4360 quia
635 4300 701 4342 non
717 4283 752 4342 iu
768 4301 805 4343 eo
821 4282 941 4361 aliquid
954 4283 1097 4343 accedere
1145 4283 1263 4358 tabilia,
1279 4283 1363 4363 quod
1382 4301 1447 4343 non
1464 4283 1503 4343 de
1519 4282 1574 4343 illo
1595 4282 1650 4343 sed
1663 4282 1703 4343 de
1725 4281 1821 4343 nihilo
1834 4279 1902 4339 neu

324 4379 435 4453 potest,
451 4394 467 4431 u
485 4392 554 4452 quae
570 4392 608 4434 ex
622 4373 796 4453 Augustino
810 4379 971 4435 mutuatus
985 4379 1041 4435 est.
1054 4377 1098 4435 lta
1146 4374 1281 4437 sunt³.n
1310 4377 1347 4436 Et
1366 4376 1399 4436 in
1428 4375 1510 4436 libro
1533 4374 1682 4434 LXXXIII
1707 4372 1899 4449 Quaestionum

325 4472 448 4527 sauctus
462 4465 632 4526 Eucherius
650 4466 685 4525 in
699 4465 781 4526 libro
794 4463 829 4525 de
844 4464 995 4526 nonnus
1008 4467 1098 4548 spiri·
1147 4456 1318 4548 quaestione
1334 4483 1383 4528 xix
1406 4487 1413 4527 :
1438 4488 1454 4525 ιι
1478 4468 1566 4541 Quod
1584 4464 1835 4527 incommutabile
1853 4467 1900 4533 θεῖ,

325 4555 414 4617 taulis
428 4556 630 4637 iutellipcutioe
647 4579 662 4615 ιι
676 4556 908 4619 immutabilem
921 4576 986 4619 esse
999 4561 1099 4621 Deum
1148 4565 1301 4620 arternum
1312 4564 1358 4620 est
1370 4579 1377 4619 ι
1390 4577 1512 4639 semper
1526 4558 1612 4619 enim
1626 4554 1900 4636 ejusdemmodiest

325 4649 446 4725 asserit,
462 4649 537 4727 quis
551 4650 669 4711 mutari
690 4650 820 4710 omnino
837 4649 877 4711 ab
895 4668 932 4712 eo
950 4653 1035 4731 quod
1053 4657 1100 4714 est
1148 4652 1237 4726 Quod
1258 4657 1364 4713 autem
1387 4650 1607 4713 commutabile
1628 4655 1684 4727 θεῖ,
1707 4647 1835 4729 tempori
1855 4645 1901 4706 oh

326 4758 392 4802 non
411 4746 522 4820 potest.
539 4742 679 4822 Simplex
692 4742 778 4804 euim
792 4748 904 4804 natura
923 4749 969 4805 est
988 4751 1019 4805 θῖ
1037 4745 1097 4806 im·
1148 4744 1279 4806 noxium
1292 4749 1348 4805 θεῖ.
1366 4744 1438 4805 Νοιι
1458 4743 1543 4804 enim
1558 4760 1680 4822 semper
1697 4734 1902 4822 ejusdemmodi

362 4959 383 5000 α
401 4942 480 4999 Phor.
501 4946 580 5000 Eun.
606 4944 624 4998 c
657 4942 705 4999 lib.
720 4944 752 5001 v.
776 4960 836 5016 cap.
860 4960 889 5000 ιιι
919 4944 998 5014 Elei
1020 4948 1050 5000 τὸ
1066 4947 1095 5000 ὒν
1146 4944 1215 5007 ἰδίοις
1227 4945 1324 4999 ἑστῶσα
1336 4945 1554 5017 πλεονεκτήμασιν.

325 5025 403 5091 ὄντως
410 5032 496 5095 τοῦτο,
510 5027 551 5080 καὶ
563 5026 680 5090 ὡσαύτως
689 5025 757 5100 ἔχει,
775 5029 816 5081 ααῖ
835 5027 878 5082 οὐκ
897 5026 1017 5090 ἐξίσταται
1037 5028 1097 5082 αὐτὸ
1177 5043 1198 5093 ,o
1216 5029 1282 5084 Cin.
1303 5026 1338 5083 ib.
1359 5028 1394 5081 Τό
1415 5029 1580 5100 τρεπόμεναι,
1602 5028 1643 5080 καὶ
1665 5025 1821 5091 ἀλλοιωθῆναι
1840 5018 1901 5074 url-

327 5106 425 5163 turos.
1148 5129 1219 5184 μενοι
1241 5109 1286 5164 οὖα
1307 5111 1337 5163 ἃν
1358 5110 1428 5182 λέγει
1446 5110 1501 5181 περὶ
1516 5108 1614 5163 ἑαυτοῦ·
1630 5107 1702 5181 Ἐγώ
1715 5106 1761 5179 εἶμι
1773 5105 1788 5173 ἡ
1801 5103 1899 5171 ἀλήθεια·

365 5192 382 5248 b
401 5193 468 5249 (ita.
484 5192 561 5249 libi.
579 5195 612 5249 itt
625 5195 714 5249 Jocttt.
734 5193 832 5265 Πῖιτηγι
846 5192 893 5265 γὰρ
915 5194 992 5256 ὄντως
1008 5193 1023 5261 ἠ
1046 5194 1099 5247 θεῖα
1148 5195 1169 5248 εἰ
1182 5193 1230 5266 γὰρ
1243 5193 1304 5248 ποτὶ
1318 5193 1361 5267 plu
1376 5195 1433 5248 τόδε
1451 5191 1526 5255 iaris,
1541 5192 1603 5247 uoci
1615 5191 1643 5247 st
1655 5192 1700 5247 niz
1721 5190 1785 5254 iau,
1798 5188 1899 5261 witto

328 5274 397 5344 φύσις
406 5273 443 5345 ἐφ’
458 5274 541 5349 ἑαυτῇ,
550 5274 594 5344 τὴν
603 5273 639 5346 ἐφ’
650 5275 733 5348 ἕτερόν
743 5295 766 5330 τι
776 5275 934 5348 παρατροπὴι
950 5276 994 5329 aiut
1010 5274 1099 5350 ἄνεχε·
1148 5278 1207 5349 πρὸς
1221 5277 1317 5332 ἑαυτόν.

328 5358 389 5429 ptvq
403 5357 495 5421 παθεῖν,
508 5357 603 5431 ἔχουσα
615 5356 643 5412 δὲ
656 5359 751 5429 μᾶλλον
760 5358 878 5421 ὡσαύτως
918 5358 939 5422 l,
952 5359 993 5413 sul
1007 5356 1031 5412 is
1048 5361 1100 5421 τοῖς

1393 5442 1402 5475 ι

356 5539 367 5584 l
383 5536 467 5585 Tenui.
480 5548 528 5594 cap.
543 5548 576 5583 ιιι.
589 5534 629 5582 lib.
642 5537 670 5582 ιῖα
685 5538 737 5583 cor.
750 5537 896 5589 Obruit-i
907 5539 959 5596 Gap.
972 5539 1044 5584 1.-³
1054 5540 1106 5596 Gap.
1119 5551 1135 5585 ι.
