3956 6168
323 308 383 368 llo
828 301 1151 366 Taroteffleoaun
1176 297 1394 363 DOGMATUM

324 470 386 533 dici
394 472 519 552 patitur,
530 472 733 545 Deusautem,
745 487 784 532 ex
793 471 932 551 ejusdem
943 469 1095 532 mutantia
1143 486 1183 529 ex
1206 468 1322 548 Spiritu
1347 469 1471 540 saneto,
1494 482 1559 527 nou
1586 454 1809 543 potestantem
1828 454 1894 517 letus

324 563 465 643 proxime
490 568 741 639 commemorata,
765 581 870 625 merus
897 583 932 625 ae
964 561 1096 642 simplex
1143 560 1226 622 illius
1249 579 1334 637 esse,
1360 558 1509 640 quoniam
1534 555 1617 635 quod
1639 551 1781 632 genitum
1803 552 1845 609 est
1864 566 1895 608 er

324 661 370 717 est
382 661 478 732 acum,
492 674 558 717 non
571 658 684 731 δύναμιν,
698 655 730 716 id
744 660 790 717 est
796 656 962 737 potentiam
976 653 1095 716 habens
1143 671 1247 729 carne,
1271 672 1342 715 earo
1363 657 1420 729 est,
1445 655 1477 713 et
1489 649 1573 730 quod
1585 646 1727 728 genitum
1740 648 1786 704 est
1797 659 1834 701 ex
1843 640 1897 719 Spi-

322 748 369 809 rei
382 748 513 828 alioujsu
526 747 709 825 efficiendae,
724 766 847 810 neeesse
867 755 924 825 est,
941 749 1094 809 actionem
1143 746 1206 808 ritu
1229 752 1356 822 sancto,
1383 744 1508 825 spiritus
1530 748 1598 805 est:
1625 756 1729 818 neque
1756 751 1845 816 pono
1867 750 1899 793 ex

322 838 423 920 ipsam
442 841 623 903 interiorem
647 841 800 917 videlicet,
827 842 914 903 etin
942 840 1008 921 ejus
1031 858 1095 901 ma·
1143 839 1222 920 ipso,
1237 844 1387 920 tanquam
1407 838 1486 899 actio
1504 836 1646 917 ejusest,
1663 827 1901 913 qrnndoquideu

322 939 450 997 nentem
463 934 644 1011 substantia,
663 933 744 995 nihil
755 934 795 995 ab
815 933 873 995 hae
890 933 1025 1009 differre,
1040 933 1095 994 sed
1144 930 1177 992 in
1191 932 1333 1013 simplici,
1355 938 1387 997 et
1399 930 1536 1012 corporis
1554 932 1678 1008 experte
1698 928 1811 985 nanno
1828 937 1902 981 eam·

323 1027 362 1089 ad
388 1026 455 1106 ejus
477 1027 656 1107 perlectam,
684 1045 786 1108 neque
806 1026 976 1103 confusam,
995 1031 1026 1088 et
1045 1027 1093 1087 in·
1144 1023 1216 1086 dem
1239 1043 1311 1086 eam
1338 1023 1508 1086 substantia
1531 1022 1685 1084 rationem
1707 1015 1803 1077 sumit
1821 1012 1901 1074 actio.

323 1119 466 1180 chosam
479 1119 623 1180 notitiam
644 1118 810 1200 pertinere,
834 1119 985 1199 adeoque,
1010 1117 1095 1198 quod
1144 1118 1244 1191 Quare
1259 1124 1398 1198 superest
1412 1122 1497 1179 ntes
1511 1115 1578 1196 ipso
1593 1113 1643 1191 sit,
1655 1106 1904 1189 tanquamipsius

323 1211 484 1288 volumus,
513 1211 633 1272 nullam
660 1229 699 1273 ex
722 1212 893 1273 substantia
918 1216 950 1273 et
974 1211 1094 1273 actione
1143 1216 1285 1273 ereatura
1311 1211 1333 1273 l.
1363 1234 1379 1269 o
1410 1211 1476 1272 lloo
1505 1209 1539 1269 in
1566 1207 1634 1268 loeo
1661 1202 1812 1265 Basiliam
1835 1198 1904 1261 selle

323 1304 579 1385 compositionem
592 1303 671 1366 lieri.
1145 1308 1277 1385 ἐνέργειαν,
1300 1304 1357 1366 Dei
1370 1303 1410 1365 ab
1426 1304 1493 1383 ejus
1512 1297 1683 1363 substantia
1700 1314 1768 1357 nou
1780 1293 1902 1357 differre

362 1397 500 1477 ldipsum
514 1402 545 1459 et
560 1397 701 1459 lustinus
722 1402 841 1476 martyr
859 1395 925 1457 siue
939 1394 1093 1476 ambigui·
1143 1395 1324 1459 Theodorus
1337 1396 1390 1460 ille
1404 1405 1526 1478 Γραπιος,
1543 1411 1638 1475 quem
1650 1390 1744 1472 paulo
1758 1393 1831 1449 aute
1851 1386 1903 1447 lae

322 1492 383 1550 tate
392 1489 467 1568 ulla,
480 1489 583 1552 verbis
593 1489 659 1551 istis
672 1490 813 1571 explicat,
827 1507 898 1569 qun
919 1507 958 1551 ex
985 1488 1093 1550 Photio
1143 1487 1297 1567 davimus,
1312 1488 1480 1552 arbitratis
1489 1492 1545 1565 est,
1565 1507 1578 1543 ι
1593 1485 1647 1546 sed
1660 1483 1765 1563 potius
1775 1480 1902 1543 οαιιιιὶαο

321 1582 457 1644 loannes
477 1582 700 1663 Cyparissiotus
714 1582 826 1643 refert:
850 1604 862 1641 ι
884 1582 953 1643 Alia
967 1581 1093 1661 quidem
1142 1582 1298 1645 rationem
1317 1582 1444 1659 habere,
1468 1584 1595 1662 propter
1607 1576 1830 1658 proprietatem
1842 1572 1902 1634 sin·

321 1676 460 1754 potentia
481 1679 555 1736 suut
574 1675 740 1755 aliquando
763 1680 794 1736 et
818 1680 910 1736 adu:
935 1676 1016 1736 Deus
1036 1693 1092 1736 au·
1143 1674 1297 1753 plicitatis,
1320 1680 1352 1737 et
1372 1676 1563 1755 incorporea
1581 1676 1701 1734 nanno
1714 1667 1772 1728 ’.ι
1799 1667 1902 1727 Verum

321 1770 403 1844 tem,
428 1773 463 1829 ut
484 1786 574 1830 mens
596 1768 759 1849 perspicax
781 1767 952 1848 intelligere
977 1771 1090 1847 potest,
1142 1766 1221 1828 illud
1232 1767 1420 1830 considerari
1431 1766 1534 1843 debet,
1546 1782 1589 1826 an
1601 1764 1660 1826 hoe
1671 1778 1775 1823 unum
1788 1758 1902 1821 Basilius

321 1877 443 1940 semper
456 1867 503 1922 est
515 1861 651 1940 energia,
667 1860 852 1922 tratactu.
869 1860 939 1921 Non
953 1860 1038 1921 enim
1055 1879 1093 1922 ex
1143 1859 1261 1937 doceat,
1281 1868 1402 1941 ἐνέργειαν
1416 1859 1572 1939 simplicis,
1590 1862 1621 1917 et
1641 1853 1775 1917 rorentis
1788 1869 1901 1931 corpore

320 1950 499 2032 imperfecto
512 1954 553 2014 ad
572 1952 742 2033 perlectum
759 1952 898 2032 procedit
913 1972 920 2013 ι
937 1971 995 2014 nee
1008 1952 1094 2015 aliud
1142 1958 1263 2014 uaturae
1276 1954 1406 2015 minime
1419 1958 1451 2015 et
1461 1953 1562 2032 ipsam
1575 1968 1640 2012 esse
1654 1963 1846 2027 oorpoream,
1859 1944 1899 2006 ssd

320 2044 491 2124 quidquam
513 2050 626 2125 praeter
647 2045 752 2125 ipsum
775 2063 831 2124 per
853 2063 886 2106 se
911 2050 1025 2121 aetum,
1047 2049 1094 2106 est
1142 2046 1271 2126 perinde
1284 2046 1486 2126 spiritualem,
1502 2049 1539 2105 ut
1552 2048 1598 2105 est
1614 2038 1797 2115 substantia,
1816 2056 1835 2098 a
1851 2055 1900 2116 qua

320 2135 387 2216 ipsa
409 2153 465 2217 per
486 2155 519 2199 se
537 2136 708 2198 substantia
731 2135 754 2197 ¹.
782 2159 797 2195 ιι
817 2138 874 2199 Cui
896 2137 1093 2200 consentiens
1142 2138 1370 2218 proficiscitur:
1395 2157 1435 2200 ex
1459 2156 1522 2218 quo
1546 2135 1623 2197 illud
1645 2134 1681 2194 fit
1710 2148 1898 2221 oonsequeus,

320 2230 500 2291 Theodorus
508 2236 714 2309 cognomento
724 2231 1093 2311 spas,‚inlihro,quem
1142 2250 1268 2293 tarnem
1289 2232 1400 2294 Christi
1420 2249 1486 2294 non
1509 2247 1574 2291 esse
1593 2226 1691 2290 sancti
1700 2224 1832 2306 Spiritus
1843 2231 1899 2305 ινιρ·

319 2327 427 2383 contra
441 2322 643 2384 Iconoelastas
663 2323 768 2400 edidit,
785 2329 944 2403 oppugnat
958 2342 1020 2399 eos,
1039 2322 1093 2404 qui
1142 2345 1232 2404 γνιαν;
1248 2325 1331 2406 quod
1347 2343 1421 2404 ergo
1433 2342 1498 2386 esse
1511 2323 1615 2384 verius
1627 2318 1772 2382 arbitror.

320 2413 458 2476 Verbum
481 2415 536 2476 Dei
553 2420 623 2495 post
647 2419 820 2495 susceptam
848 2434 974 2478 carnem
986 2417 1091 2478 nobis·
1181 2417 1347 2498 Dionysius
1359 2435 1483 2498 quoqne
1495 2416 1581 2477 ideas
1593 2419 1624 2476 et
1633 2410 1899 2492 exemplumque

320 2525 393 2569 cnm
426 2525 492 2569 esse
526 2509 698 2569 secundum
731 2507 936 2570 substantiam
955 2556 963 2585 ,
1008 2511 1093 2590 apud
1141 2515 1214 2571 srmt
1237 2511 1293 2571 liei
1315 2511 1466 2579 notiones,
1498 2514 1529 2571 et
1555 2507 1701 2574 artiones,
1728 2509 1821 2584 negat
1844 2521 1899 2565 esse

319 2600 420 2662 Deam
442 2605 548 2662 annm
570 2601 706 2681 energia,
727 2606 758 2662 et
778 2601 926 2680 dignitate
940 2603 1090 2683 putabat;
1141 2602 1336 2683 multiplices,
1359 2608 1413 2665 aut
1427 2603 1467 2663 ab
1480 2601 1565 2663 illius
1582 2601 1718 2661 diversas
1730 2596 1898 2657 suberanus.

319 2697 350 2754 et
372 2692 432 2754 hoo
453 2686 638 2774 argumento
660 2693 771 2754 nititur
790 2695 874 2773 quod
891 2716 907 2753 α
920 2695 955 2756 in
977 2696 1093 2777 simpli·
1145 2696 1296 2773 «Omnia,
1315 2696 1428 2777 inquit,
1445 2701 1517 2757 ante
1530 2693 1624 2755 habet
1647 2692 1681 2753 in
1700 2708 1732 2751 se
1755 2690 1829 2770 ipsa,
1849 2707 1899 2769 pro

318 2785 405 2847 ribus
422 2790 454 2846 et
475 2785 663 2865 incorporeis
676 2785 756 2846 nihil
768 2786 827 2846 ista
839 2787 994 2864 differant,
1019 2789 1092 2869 quia
1141 2807 1205 2850 uuo
1214 2788 1415 2870 simplicitatis
1423 2807 1548 2852 excessu
1561 2785 1773 2867 duplicitatem
1786 2800 1899 2843 omnem

317 2896 383 2940 uon
397 2883 470 2941 sunt
482 2878 549 2940 haeo
562 2878 644 2939 inter
666 2896 698 2938 se
711 2878 923 2955 discernenda,
944 2899 985 2942 ne
1006 2883 1091 2962 quod
1140 2882 1317 2962 repudians.
1348 2881 1496 2944 Similiter
1523 2880 1632 2942 omnia
1658 2874 1896 2956 comprehendit,

317 2976 364 3033 est
382 2990 477 3054 supra
489 2988 616 3033 omnem
633 2970 871 3051 simplicitatem,
886 2974 1091 3054 compositum
1140 2994 1198 3055 pro
1212 2974 1437 3056 supersimpliei
1453 2975 1552 3055 ipsius
1565 2971 1729 3039 infinitate,
1746 2974 1778 3030 et
1790 2968 1827 3029 ab
1839 2986 1896 3029 om·

317 3082 384 3127 0³³0
396 3065 597 3144 intelligatur·
612 3085 625 3122 ν
1139 3068 1233 3130 nibus
1250 3068 1448 3149 singulariter
1467 3066 1686 3151 participatum
1707 3062 1787 3123 sicut
1800 3067 1830 3123 et
1846 3077 1898 3120 ror

357 3159 395 3219 X.
417 3157 549 3220 Basilius
567 3157 603 3218 in
621 3156 731 3237 qrrinto
752 3158 834 3220 libro
856 3166 961 3221 eontra
983 3158 1089 3221 Ειαιο-
1140 3179 1204 3222 una
1222 3162 1392 3242 eademque
1412 3156 1518 3223 multis
1540 3158 1580 3220 ab
1602 3155 1741 3232 auribus,
1762 3158 1898 3234 tanquan

317 3250 410 3312 mium
423 3252 462 3312 de
485 3250 602 3331 Spiritu
616 3255 723 3312 saneto
737 3269 842 3331 agens,
858 3252 1008 3331 quiddam
1019 3253 1091 3313 sori·
1140 3272 1205 3315 una
1224 3255 1426 3334 participetur
1439 3262 1462 3314 ⁶.
1477 3274 1492 3311 ιι
1517 3250 1665 3330 Dionysio
1687 3248 1837 3309 Maximus
1856 3245 1896 3306 in-

317 3343 389 3423 psit,
416 3344 502 3423 quod
525 3344 565 3405 ad
587 3342 734 3405 eumdem
757 3361 884 3405 seusam
897 3363 916 3405 a
929 3345 1090 3406 nomrullis
1138 3352 1257 3426 terpres
1270 3347 1486 3427 adstipulatur,
1502 3344 1556 3424 qui
1569 3344 1628 3405 lroe
1642 3342 1780 3403 adnotat.
1799 3339 1895 3412 «an

317 3437 579 3511 accommodatur,
602 3435 642 3497 de
666 3454 728 3515 quo
753 3441 860 3497 tamen
875 3436 994 3497 dubito.
1010 3437 1090 3499 Nam
1138 3440 1224 3501 niam
1238 3440 1334 3519 aliqui
1352 3440 1447 3516 ideas,
1467 3443 1498 3500 et
1516 3434 1704 3518 exemplaria
1716 3430 1897 3496 συοαίαῒυοίὶο

317 3544 389 3588 cum
402 3527 480 3588 illud
494 3528 632 3607 exponit,
645 3528 910 3607 quemadmodum
922 3547 993 3590 caro
1006 3529 1090 3591 Chri·
1138 3551 1203 3594 esse
1215 3532 1370 3602 dixerunt,
1386 3533 1444 3595 hos
1455 3531 1583 3611 castigat
1596 3530 1701 3597 modo,
1718 3527 1774 3608 qui
1784 3525 1894 3606 quiden

316 3619 356 3680 sti
376 3618 415 3680 sit
427 3638 467 3681 ex
480 3619 597 3700 Spiritu
610 3624 727 3697 saneto,
743 3620 927 3701 porticellam
941 3639 979 3681 en
991 3621 1093 3702 tripli:
1137 3625 1268 3705 gentiles
1281 3631 1379 3695 erant,
1396 3631 1428 3688 et
1441 3624 1493 3686 ait.
1510 3625 1589 3705 Nam
1602 3623 1627 3683 si
1641 3640 1708 3683 non
1719 3618 1893 3701 simpliciter,

317 3712 392 3774 citer
405 3712 448 3773 ait
460 3712 568 3792 accipi,
588 3713 667 3774 arel
680 3712 854 3790 efficientia,
871 3718 902 3775 et
920 3714 1086 3791 creatione,
1138 3723 1169 3779 et
1188 3718 1385 3798 singulariter
1406 3724 1507 3780 essent
1526 3717 1614 3793 ideae,
1640 3715 1784 3776 notiones
1800 3730 1892 3792 super·

316 3804 367 3866 vel
392 3805 607 3884 generatione,
641 3805 691 3867 vel
718 3806 919 3882 naturaliter;
946 3811 982 3867 ut
1008 3808 1087 3870 aetio
1137 3810 1293 3890 simplicis,
1314 3817 1345 3874 et
1361 3811 1536 3892 superuniti
1549 3810 1614 3878 Dei,
1631 3807 1894 3888 compositoresset

315 3902 422 3959 nostra
435 3902 491 3973 est,
507 3916 526 3959 a
545 3898 646 3973 nobis,
666 3904 721 3959 aut
740 3903 775 3960 ut
795 3899 940 3979 splendor
960 3898 1032 3960 solis
1050 3918 1089 3962 ex
1137 3904 1218 3965 Deus
1236 3922 1276 3965 ex
1296 3905 1475 3986 exemplari,
1498 3909 1529 3965 et
1549 3903 1669 3983 seipso:
1686 3900 1771 3980 quod
1782 3895 1893 3978 duplici-

314 3990 381 4070 ipso
396 3999 422 4051 ⁶.
441 4011 454 4047 ι
472 3989 588 4053 Deinde
600 3990 722 4071 probat,
737 3991 859 4052 duobus
867 3991 1087 4071 posterioribus
1136 4000 1232 4059 tatem
1241 3999 1414 4059 nominavit
1423 3995 1448 4057 l.
1463 4019 1476 4055 ι
1491 3998 1685 4077 Quapropter
1694 3994 1771 4056 ideae
1781 3992 1890 4054 diune.

315 4083 416 4144 modis
427 4100 493 4144 non
504 4101 593 4164 posse
604 4082 663 4145 dici
676 4102 802 4146 earnem
815 4082 954 4146 Chrutie
969 4084 1086 4164 Spiritu
1136 4108 1199 4169 qua
1212 4091 1267 4153 Dei
1279 4092 1423 4152 notiones
1436 4096 1519 4159 snut,
1536 4096 1567 4151 et
1585 4096 1714 4169 ἐνέργειαι,
1730 4084 1806 4147 uilrss
1817 4103 1836 4144 a
1847 4080 1893 4143 nei

314 4193 380 4238 esse
401 4180 528 4239 musto:
551 4176 605 4237 sed
625 4176 730 4256 priore
747 4177 942 4238 duntaxat«
965 4176 998 4239 Si
1011 4196 1086 4259 ergo
1135 4182 1306 4245 substantia
1328 4184 1503 4263 discrepant
1525 4200 1565 4245 ex
1583 4180 1732 4262 opinione
1745 4173 1889 4256 Dionysii:

314 4269 433 4330 maudo
448 4268 654 4348 prestantius,
668 4268 781 4349 inquit,
796 4269 1028 4349 corpustlhristr'
1041 4276 1087 4332 est
1135 4274 1192 4336 etsi
1216 4275 1277 4337 alio
1301 4276 1395 4338 modo
1420 4276 1550 4337 diversae
1569 4278 1652 4343 suut,
1677 4278 1714 4334 nt
1736 4274 1805 4333 sunt
1821 4276 1890 4330 ουσία

350 4464 372 4506 a
388 4447 474 4505 Blslu.
492 4447 526 4502 Τδ
539 4445 566 4502 lx
578 4448 643 4511 τινος
656 4447 736 4503 τοίνυν
749 4448 964 4522 ἢδημιουργικῶς,
978 4448 1089 4523 ἢγιννη·
1138 4450 1180 4523 μὶν
1195 4449 1219 4506 ἓν
1234 4451 1308 4527 ἔασι-ᾔ
1325 4455 1437 4528 προέχει,
1463 4453 1525 4508 κατὰ
1542 4453 1599 4526 μίαν
1615 4450 1755 4519 ἁπλότητος
1766 4444 1888 4520 trepidis

314 4539 397 4598 ταῶς,
411 4534 426 4601 ἢ
440 4537 546 4604 φυσικῶς
558 4530 621 4587 ἔστιν
642 4530 666 4594 ἔξ
678 4530 763 4596 αὐτοῦ,
781 4532 814 4595 ὡς
827 4532 843 4601 ἡ
858 4530 966 4606 ἐνέργεια
976 4531 1048 4606 ἡμῶν
1063 4531 1087 4596 ἐξ
1135 4539 1215 4589 πᾶσαν
1229 4538 1331 4607 διπλόην
1343 4537 1533 4610 ἇπαναινομένη·
1543 4533 1887 4604 ravennatensem

313 4614 395 4688 ἡμῶν,
409 4616 424 4682 ἢ
439 4616 472 4679 ῶς
485 4617 514 4669 τὸ
528 4614 678 4688 ἀπαύγασμα
691 4620 735 4670 τοῦ
748 4615 820 4685 ἡλίου
835 4614 860 4678 ἐξ
874 4616 959 4671 αὐτοῦ.
1134 4617 1196 4672 κατὰ
1210 4618 1253 4686 την
1267 4619 1474 4694 ῑιπερηπλωμένην
1489 4619 1563 4689 αὐτῆς
1577 4620 1700 4693 ἀπειρίαν,
1711 4620 1751 4672 καὶ
1764 4616 1822 4689 πρὸς
1836 4615 1888 4667 πᾶν·

349 4698 367 4754 ὁ
384 4697 453 4754 lbid·
473 4697 505 4751 El
523 4698 602 4751 τοίνυν
624 4698 653 4752 τὸ
675 4698 838 4772 υπεριιόσμιον
852 4705 927 4773 σῶμα
940 4701 1044 4774 Χριστοῦ
1060 4698 1086 4755 ἔα
1134 4721 1183 4755 των
1198 4701 1282 4765 ἑνικῶς
1297 4705 1435 4777 preriperet,
1449 4705 1557 4777 καθάπερ
1577 4704 1619 4757 παλ
1637 4702 1705 4775 φωνὴ
1718 4703 1760 4775 μία
1773 4694 1839 4762 νῧσῑν
1852 4697 1888 4749 ²⁸³

312 4780 449 4853 πνεύματός
469 4778 632 4853 ἔστινᾶγίου,
659 4780 687 4834 οὗ
715 4783 819 4836 δυνατόν
838 4782 863 4836 δὲ
883 4784 992 4857 γέννημα
1010 4783 1085 4837 αὐτοῦ
1132 4785 1220 4855 ipsit-l
1235 4787 1295 4859 πρὸς
1307 4788 1409 4842 πολλῶν
1423 4787 1505 4843 ἀκοῶν
1519 4787 1553 4851 ὣς
1568 4788 1612 4860 μία
1626 4786 1762 4861 perigenes.

313 4863 442 4938 ὓπᾶρχῑῑνν
459 4864 498 4918 ὅῒῑ
512 4862 541 4917 fb
562 4865 736 4937 Υῑῖῑννημὲλῦν
753 4864 778 4919 3²
793 4869 836 4934 τῆς
851 4867 940 4940 σαρκὸς
953 4864 1082 4940 abellini,
1167 4868 1190 4925 d
1209 4871 1310 4927 Maxim.
1333 4869 1435 4941 Ἐπειδή
1448 4890 1510 4934 τινες
1524 4872 1567 4933 τὰς
1583 4868 1657 4937 ἰδέας,
1671 4869 1755 4924 καὶτὰ
1773 4866 1886 4940 παραόεέρ

312 4948 353 5001 καὶ
366 4949 396 5002 τὸ
414 4947 591 5021 γεγεννημένον
614 4945 640 5000 ἔα
667 4952 711 5002 τοῦ
725 4948 861 5021 πνεύματος
888 4950 983 5021 πνεῦμά
1006 4947 1080 5004 ἔστιν·
1132 4972 1198 5024 ματα
1209 4951 1361 5009 ἔνυπόστατα
1372 4954 1473 5028 ἔφησαν,
1486 4955 1586 5018 τούτους
1596 4954 1789 5028 {migentiani
1798 4952 1885 5018 ’Βλη

313 5029 366 5085 οόδ’
389 5026 420 5084 αὖ
447 5031 521 5085 πάλιν
547 5028 581 5092 l?
600 5028 675 5084 αὐτοῦ
699 5031 733 5094 ὥς
748 5030 854 5105 ἐνέργεια
878 5031 962 5088 αὐτοῦ·
984 5034 1022 5087 ὅτι
1043 5031 1093 5125 ἐπὶζ
1131 5054 1172 5099 νας
1187 5037 1268 5103 ὄντας,
1283 5037 1325 5091 καί
1338 5057 1420 5111 ρησιν·
1437 5038 1516 5112 εἰγαρ
1530 5037 1671 5112 μηὰπλῶς,
1687 5040 1729 5093 καὶ
1742 5030 1883 5098 &minnela

313 5113 392 5183 ἁπλῆς
404 5114 445 5168 καὶ
457 5113 589 5186 ἀσωμάτου
600 5114 692 5186 φύσεως
714 5115 756 5169 τὸν
771 5114 845 5169 odron
853 5119 896 5183 τῆς
908 5114 992 5179 οὐσίας
1005 5117 1080 5190 λόγον
1130 5118 1155 5172 αἱ
1173 5119 1246 5186 iiior,
1267 5123 1363 5190 νοήσεις
1376 5121 1580 5196 ὓπερηπλωμέναι
1603 5117 1673 5177 οὖσαι
1699 5127 1742 5177 τοῦ
1754 5119 1884 5192 trapetas

312 5194 450 5271 ἐποίχεται
462 5195 478 5264 ἡ
499 5194 616 5271 ἐνέργεια.
631 5196 788 5253 ὓπολιίπεται
801 5198 849 5271 ἄρα
870 5196 904 5279 ἐξἸ
919 5198 993 5253 αιίτοῦ
1005 5194 1079 5267 εἶναι,
1130 5203 1215 5274 μένου,
1232 5203 1273 5258 καὶ
1285 5204 1474 5278 ὓπερηνιομένου
1487 5206 1552 5270 θεοῦ,
1572 5206 1685 5270 docetor
1698 5208 1726 5260 ἂν
1738 5203 1773 5273 εἴη
1792 5203 1806 5258 6
1826 5202 1881 5263 Mt,

312 5279 444 5353 ὢςατίσμα
457 5277 542 5335 αυτοῦ.
1129 5283 1156 5339 ἔκ
1165 5287 1372 5361 παραδείγματος,
1387 5290 1428 5342 καὶ
1439 5287 1536 5357 ἑαυτοῦ,
1550 5291 1609 5363 ὅπερ
1617 5290 1718 5360 διπλόην
1731 5289 1844 5360 ὠνόμασε.

348 5377 363 5419 ο
380 5363 493 5420 monis.
512 5361 562 5419 lib.
580 5361 617 5420 de
636 5366 734 5421 Drica.
759 5381 836 5421 αοοι.
863 5380 923 5439 cap.
943 5381 972 5425 ν.
993 5366 1078 5421 Πάντα

340 5505 351 5552 t
364 5504 415 5553 occ.
428 5504 455 5560 t.
466 5516 486 5551 ο.
500 5517 530 5551 ιι.
542 5528 569 5542 -
578 5506 600 5551 t.
612 5506 687 5564 aput.
698 5509 750 5566 erp.
762 5510 810 5556 dor.
821 5510 847 5565 ll,
860 5522 880 5557 ο.
893 5522 923 5556 ιν.
