4096 6190
335 371 395 428 oto
841 367 1167 429 TltEotoulcont'n
1193 365 1411 427 ucenttmt

336 538 449 612 prater
479 530 682 592 substantiam
713 531 836 609 ipsam,
863 530 912 590 vol
944 531 1107 592 assentiam
1157 550 1320 593 occurrere
1338 529 1507 605 vocabulis,
1522 533 1588 586 tam
1601 543 1673 603 quac
1692 522 1734 582 ad
1752 522 1851 600 ipsam
1871 539 1926 581 no·

335 625 434 685 inesse
444 625 518 699 Deo,
534 628 565 684 et
578 640 651 684 eum
673 621 796 682 afficere
809 638 897 683 more
910 629 1016 683 nostro
1028 625 1110 703 cogi-
1156 625 1285 685 tendam
1299 622 1505 685 substantiam
1519 616 1700 698 prescripta
1713 619 1788 674 mni
1799 613 1926 674 humani

335 722 449 791 tamus,
469 720 524 775 aut
549 715 643 775 etiam
664 713 704 773 ab
733 715 842 775 eodem
869 714 971 775 effici:
998 721 1109 776 neutra
1157 734 1241 791 usus,
1269 715 1496 793 voluntatisque
1518 709 1710 788 magisterio,
1735 723 1832 785 qnam
1858 724 1926 785 qnae

335 826 428 889 porro
438 810 548 882 Deum,
560 812 595 866 ιιι
608 808 753 881 inesset,
770 812 862 885 atque
880 807 947 886 ejus
969 806 1106 867 snbstan-
1158 809 1361 889 proprietates
1380 809 1462 889 ipsas
1476 801 1688 881 relerrelnssa
1706 805 1791 861 sunt.
1808 800 1850 859 lle
1864 799 1928 878 qui

334 901 411 961 tiam
434 899 617 979 exprimere.
643 898 760 972 Qnod’
752 916 786 958 ιιι
800 899 1021 978 posterioribus
1041 917 1108 978 per
1156 894 1647 977 bussummahseccogipoterit:
1662 892 1777 972 ubique
1791 891 1927 953 divinam
2040 916 2041 1009 ι

335 995 476 1074 spicuam
497 998 543 1052 est
545 990 681 1071 ,quibus
694 1009 732 1051 ca
745 991 858 1051 directe
881 992 1106 1070 significantur,
1157 993 1324 1072 significem
1334 992 1551 1064 substantiam
1559 987 1687 1049 sednon
1697 985 1808 1046 eodem
1819 984 1925 1059 modo;
2040 1012 2041 1077 ι

336 1104 406 1166 quae
414 1085 546 1158 ratione,
556 1089 588 1143 et
602 1089 706 1162 tursol«,
724 1081 920 1144 differunteb
932 1084 1016 1143 illius
1039 1083 1110 1143 sub·
1158 1103 1267 1147 verum
1287 1085 1456 1165 aliqnando
1469 1087 1563 1187 prout
1588 1080 1655 1143 sola
1672 1077 1864 1158 simplexque
1876 1095 1929 1158 per
2040 1096 2041 1153 ι

334 1178 457 1252 stantia,
471 1182 503 1237 et
523 1180 673 1254 tanquam
699 1174 773 1235 huic
794 1175 964 1236 accidentis
986 1174 1109 1236 anobis
1158 1196 1189 1238 se
1211 1183 1377 1258 spectamr,
1398 1178 1458 1237 hoe
1475 1182 1521 1237 est
1539 1176 1642 1281 ipsum
1655 1174 1839 1247 τιτιῆνειιιιι
1863 1170 1925 1246 Dei,
1969 1188 2014 1247 om

334 1269 560 1348 intelliguntur.
582 1267 695 1327 Prioris
717 1285 791 1328 vero
816 1268 940 1345 generis
967 1267 1106 1342 nomina,
1158 1269 1235 1331 alias
1256 1275 1361 1331 autem
1377 1273 1471 1350 prout
1484 1267 1607 1348 sapiens
1621 1271 1677 1341 est,
1698 1262 1863 1337 sntbona,
1877 1252 2000 1323 ant*
1964 1302 2039 1339 m

335 1380 405 1441 quaa
419 1362 458 1422 ed
472 1358 677 1421 substantiam
686 1358 909 1438 designandam
916 1359 1014 1420 indita
1023 1364 1106 1437 sunt,
1157 1363 1333 1441 prouidens.
1350 1363 1428 1423 ltem
1437 1366 1558 1441 pronis
1569 1359 1656 1421 nullo
1670 1356 1927 1432 communicatu,

334 1471 488 1528 noceam,
505 1450 587 1511 utin
601 1456 699 1525 scest,
712 1450 861 1527 referunt,
880 1452 1006 1513 sedata
1020 1451 1109 1511 nobis
1157 1461 1213 1515 aut
1229 1456 1268 1516 ab
1283 1456 1344 1516 alio
1363 1472 1419 1516 seu
1431 1454 1644 1533 generatione,
1667 1470 1722 1512 seu
1736 1450 1930 1531 processione
2040 1448 2041 1453 ’

333 1546 466 1625 intelligi
480 1550 591 1623 potest.
1157 1548 1400 1623 transfimditur3
1424 1548 1479 1627 qui
1504 1563 1613 1607 omnes
1640 1544 1726 1605 modi
1753 1543 1931 1605 differentes

376 1639 427 1698 lll.
448 1638 486 1697 Et
504 1635 665 1714 quoniam,
686 1635 774 1695 utin
794 1636 893 1715 capite
914 1636 1108 1696 antecedenti
1157 1640 1275 1702 habent
1298 1640 1343 1701 rei
1361 1640 1499 1720 ejusdem
1519 1639 1625 1715 unius,
1643 1656 1679 1698 ac
1697 1636 1930 1716 simplicissime
2040 1696 2041 1713 ,

334 1731 410 1806 dixi,
426 1728 555 1790 nomina
575 1746 639 1788 non
662 1733 734 1788 sunt
756 1728 906 1806 imagines
921 1746 1038 1804 rerum,
1055 1729 1108 1789 sed
1157 1740 1225 1793 tum
1251 1734 1405 1808 notiones,
1433 1738 1503 1792 tum
1529 1748 1621 1792 voces
1644 1729 1811 1790 notionum
1836 1730 1930 1789 inter-
2040 1740 2041 1811 ξ

335 1829 428 1899 note,
442 1821 582 1883 aoveluti
594 1826 728 1897 tessere,
744 1838 814 1899 quea
828 1820 1044 1883 exhominum
1057 1839 1106 1881 ar·
1157 1831 1270 1905 prutes.
1291 1825 1370 1885 ilinc
1387 1824 1439 1885 ille
1460 1822 1562 1884 Rasilii
1580 1822 1666 1883 locus
1680 1820 1931 1902 interpretandas

334 1916 427 1976 bitrio
446 1915 647 1992 institutoque
670 1930 720 1974 res
734 1912 872 1973 indicant
888 1932 895 1972 ε
911 1912 999 1974 facile
1013 1913 1045 1974 id
1058 1913 1106 1973 in·
1156 1918 1235 1978 mihi
1248 1919 1370 1979 videtur
1382 1918 1416 1978 in
1428 1916 1556 1996 epistola
1574 1931 1660 1983 tm,
1674 1912 1716 1975 od
1726 1911 1929 1980 fluentiam,
2040 1908 2041 1943 ³

334 2009 513 2088 telligimns,
531 2006 794 2085 quemadmodum
808 2005 1054 2067 certavoeabula
1068 2006 1106 2066 ad
1158 2010 1214 2070 ubi
1225 2010 1309 2071 idem
1319 2011 1426 2071 omnia
1439 2006 1677 2087 signiticareDei
1687 2004 1931 2067 nominaveritis
2040 2002 2041 2035 ³

334 2119 384 2162 res
397 2102 490 2180 ipsas,
506 2103 537 2159 et
548 2115 658 2159 earnm
673 2103 766 2172 οιιιας,
780 2116 816 2157 ac
829 2097 1015 2158 snbstantias
1029 2116 1107 2176 quo·
1157 2102 1222 2163 istis
1229 2103 1348 2163 asserit.
1366 2100 1514 2176 «Omnia,
1525 2099 1638 2179 inquit,
1650 2099 1713 2159 Deo
1727 2099 1931 2178 congruentia

335 2212 397 2274 qno
420 2192 514 2254 modo
542 2190 734 2252 denotandas
758 2191 903 2268 imposita
923 2196 996 2250 sunt
1019 2209 1026 2250 :
1048 2190 1109 2251 alia
1157 2202 1223 2257 tom
1237 2195 1381 2274 cogitata,
1398 2211 1494 2275 quam
1507 2193 1637 2253 nomina
1652 2191 1793 2270 ejusdem
1806 2191 1890 2251 inter
1900 2208 1931 2251 se

334 2304 409 2347 νιιο
422 2287 462 2346 ad
472 2302 580 2346 cerum
591 2283 803 2363 proprietates,
812 2287 843 2342 ιι
852 2282 1024 2361 qualitates,
1038 2300 1107 2361 quae
1158 2293 1231 2347 sunt
1244 2287 1441 2363 conditionis,
1453 2304 1489 2347 eo
1504 2285 1586 2364 quod
1601 2282 1682 2344 circa
1695 2281 1827 2361 subjecti
1837 2281 1929 2361 sigui·

335 2378 539 2438 substantiam
562 2379 804 2454 consequuntur.
833 2375 878 2435 lta
912 2392 1022 2435 νιιιιιιι
1050 2380 1106 2451 est,
1157 2377 1550 2441 ficationemnibilhabent
1560 2375 1755 2436 discriminis.
1769 2375 1841 2435 Non
1850 2374 1930 2435 enim

335 2471 418 2550 quod
431 2469 779 2530 loannesllumascenus
801 2466 915 2545 aliique
926 2467 1105 2545 predicent,
1158 2473 1271 2534 mentis
1279 2471 1499 2553 cogitationem
1512 2469 1552 2530 ad
1563 2468 1648 2528 aliud
1661 2466 1838 2546 subjectum
1848 2466 1931 2527 ducit
2040 2526 2041 2549 ,

335 2562 465 2623 nomina
475 2560 562 2623 nulla
576 2559 700 2640 proprie
715 2560 825 2635 Deum,
842 2564 873 2619 et
886 2558 964 2638 ejus,
979 2564 1015 2618 ut
1028 2559 1063 2620 in
1076 2578 1108 2620 se
1158 2565 1322 2645 appellatio
1336 2559 1927 2640 boni,etadsliudsapientis,potentis,
2040 2616 2041 2619 ,

335 2660 392 2731 est,
404 2653 576 2734 significare
586 2650 914 2726 substantiem3sedex
921 2651 1108 2730 proprietate
1158 2663 1188 2718 ιι
1203 2657 1296 2736 justi3
1311 2657 1365 2718 sed
1385 2672 1591 2736 quecumque
1610 2653 1741 2713 nomina
1753 2652 1927 2731 promleris,

336 2748 451 2828 alique,
478 2745 528 2807 tel
549 2744 744 2819 habitudine,
769 2748 824 2803 aut
848 2744 1012 2803 efficientia
1037 2745 1108 2804 duci
1158 2767 1259 2810 unum
1277 2748 1373 2809 estin
1391 2747 1548 2821 omnibus,
1564 2746 1648 2825 qnod
1670 2745 1873 2824 significatur.
1888 2743 1928 2804 Ac
2040 2770 2041 2789 ι

335 2839 552 2920 appellationis
574 2854 700 2897 eausam
711 2841 743 2897 et
752 2835 921 2914 originem;
938 2836 1059 2895 tametsi
1070 2855 1109 2896 ex
1158 2843 1183 2902 si
1196 2844 1295 2902 Deum
1309 2836 1929 2916 dixeris,eumdemexpressisti,quemet
2040 2858 2041 2909 3

335 2933 476 2993 instituto
501 2930 646 3010 quedam
669 2929 751 2988 facta
769 2929 833 2987 sint
850 2928 890 2987 ad
912 2927 1012 3006 ipsam
1033 2928 1110 2989 desi·
1158 2935 1191 2994 in
1205 2935 1273 2995 aliis
1289 2934 1428 3012 cogitasti
1447 2931 1691 2992 nominibusr.»
1714 2929 1866 3008 lnquitur
1881 2928 1928 2988 hic
2040 2928 2041 2935 ’

335 3026 494 3104 gmendam
516 3021 732 3083 substantiam.
747 3021 846 3093 Quem
860 3019 900 3079 ob
916 3037 1041 3079 causam
1055 3020 1109 3081 alii
1159 3026 1287 3087 Basilius
1301 3027 1339 3087 de
1353 3024 1548 3104 subjectare,
1565 3022 1614 3084 οιιι
1628 3029 1753 3103 ἐμφάσεις,
1770 3020 1803 3081 id
1817 3026 1864 3081 est
1878 3039 1926 3080 ιιο-

336 3137 352 3178 ο
376 3117 532 3178 contrario
549 3114 707 3188 dixenmt,
724 3110 877 3171 nonnulla
895 3111 1024 3171 nomina
1044 3131 1108 3172 non
1158 3119 1260 3196 tiones,
1279 3128 1310 3179 et
1322 3118 1525 3198 proprietates
1538 3116 1631 3176 variae
1643 3114 1846 3189 conveniunt,
1862 3131 1926 3192 quic

335 3229 382 3285 ea,
402 3228 472 3289 quae
492 3207 574 3268 circe
594 3204 798 3266 substantiam
818 3209 901 3279 sunt,
922 3204 1106 3282 significare,
1158 3211 1338 3272 nominibus
1346 3210 1419 3289 ipsis
1429 3209 1637 3283 eontinentur,
1648 3211 1679 3267 ιι
1687 3205 1829 3287 formales
1839 3206 1927 3284 tnlgo

335 3302 388 3361 sed
402 3302 500 3381 ipsam
514 3298 737 3372 substantiam3
752 3296 904 3357 nimirum
918 3297 1066 3375 quonium
1077 3299 1109 3358 id
1158 3305 1319 3379 dicuntum
1335 3308 1370 3363 ut
1382 3302 1512 3363 subinde
1530 3301 1614 3362 idem
1628 3298 1771 3379 explicat,
1791 3315 1863 3360 cnm
1876 3298 1925 3371 ait,

336 3410 374 3455 ex
394 3393 560 3454 hominum
574 3390 711 3458 arbitrio,
729 3395 761 3450 et
778 3407 849 3465 usu,
864 3406 929 3448 non
943 3407 981 3450 cx
995 3390 1109 3468 signifi·
1162 3396 1287 3456 «varia
1312 3393 1358 3455 illi
1383 3394 1511 3455 nomina
1534 3391 1771 3471 intelligentiam
1794 3394 1927 3451 nostram

335 3487 426 3546 candi
439 3487 471 3545 νι
485 3492 515 3546 ιι
529 3484 714 3564 proprietate
735 3482 918 3542 sortiuntm.
942 3482 1105 3555 Caeterum,
1158 3488 1228 3549 aliis
1248 3487 1309 3547 alia
1335 3485 1515 3547 notionibus
1535 3484 1574 3545 ad
1598 3484 1682 3545 idem
1709 3482 1889 3562 perducere.
1910 3502 1924 3537 ι

336 3571 488 3658 qnatenus
503 3576 555 3635 illa
567 3576 632 3654 ipsa
641 3579 789 3634 notarum
802 3592 838 3634 ac
849 3574 1012 3653 signorum
1023 3575 1109 3635 insti·
1159 3579 1303 3658 Suhjeoto
1339 3579 1444 3658 itaque
1476 3595 1544 3638 rem
1574 3576 1719 3637 eamdem
1743 3574 1925 3654 significant,

335 3670 414 3731 tutio
426 3669 466 3730 ab
479 3667 588 3741 doctis,
605 3671 636 3727 ιι
649 3664 839 3745 sapientibus
849 3683 1016 3745 rerumque
1030 3667 1109 3746 peri-
1157 3673 1257 3733 forma
1275 3688 1349 3732 νιιο
1369 3671 1533 3731 diversam.
1549 3669 1610 3730 Sed
1631 3667 1764 3729 videnda
1777 3672 1852 3727 sunt
1863 3684 1926 3727 om·

334 3764 375 3823 tis
394 3768 440 3823 est
460 3766 542 3837 orta;
565 3760 607 3821 sic
623 3778 659 3820 ea
677 3758 765 3837 signe
780 3760 842 3819 lleo
861 3777 897 3819 ee
911 3759 1023 3819 divinis
1040 3778 1110 3838 pro-
1159 3765 1245 3838 nino,
1261 3781 1331 3844 quae
1354 3763 1392 3823 de
1415 3761 1595 3823 notionibus
1616 3761 1692 3833 istis,
1712 3765 1744 3820 et
1763 3757 1924 3832 attributis,

336 3855 516 3935 prietatibus
527 3851 735 3932 exprimendis
749 3850 958 3926 delectesunt,
970 3856 1016 3927 ut,
1025 3853 1108 3930 quod
1159 3874 1229 3937 quac
1241 3862 1363 3931 vocant,
1378 3855 1523 3915 universe
1532 3853 1668 3914 diximus
1676 3851 1825 3931 inprime
1839 3850 1927 3929 hujus

337 3949 434 4009 Graeci
448 3947 549 4007 dicere
562 3945 673 4017 solent,
686 3953 835 4024 θεοπρεπῶς,
847 3943 879 4003 id
894 3942 1109 4023 estprontlleo
1158 3949 1261 4028 operis
1277 3948 1370 4023 libro,
1381 3964 1440 4008 nec
1451 3964 1516 4007 non
1530 3946 1563 4006 ιιι
1577 3944 1724 4020 secundo,
1740 3944 1780 4005 de
1789 3944 1845 4004 Dei
1857 3943 1925 4004 sim

336 4039 525 4120 clipeumue,
544 4056 578 4099 oc
591 4036 681 4104 decet,
696 4035 758 4095 illis
773 4035 1006 4095 accommodata
1020 4036 1082 4096 sint
1099 4056 1106 4096 :
1158 4040 1303 4121 plicitate.

337 4133 478 4192 videlicet
495 4136 530 4190 ut
548 4132 591 4190 ita
611 4127 788 4200 convenire,
805 4146 840 4187 ac
854 4127 1108 4203 significationem
1200 4134 1250 4193 lV.
1266 4133 1314 4193 Ad
1326 4133 1386 4193 hoc
1399 4151 1483 4207 vero,
1500 4132 1583 4211 qnod
1600 4131 1695 4191 modo
1711 4130 1847 4210 agimus,
1860 4130 1925 4209 pln-

337 4242 478 4285 exercere
497 4241 587 4283 snam
606 4221 833 4300 intelligantur,
849 4221 896 4279 ιιιι
914 4238 978 4280 non
997 4227 1109 4282 ereatu-
1158 4227 1275 4286 rimum
1282 4224 1417 4304 pertinet
1428 4223 1581 4286 Pascltasii
1590 4222 1717 4284 meconi
1726 4223 1846 4284 dictum
1854 4222 1927 4283 illud
2040 4228 2041 4271 ἒ

336 4335 408 4377 rum
419 4314 662 4376 substantiarum
675 4314 774 4372 instnr
787 4312 958 4372 habeamus
971 4312 1108 4373 divinam
1159 4318 1304 4397 inprime
1318 4317 1398 4377 libro
1407 4314 1442 4377 de
1454 4316 1575 4397 Spiritu
1582 4323 1692 4384 ιοιιοιο,
1709 4334 1780 4395 cap.
1796 4332 1828 4377 ι.
1844 4337 1861 4371 ιι
1872 4314 1928 4377 co

337 4410 433 4485 illam,
448 4413 480 4468 et
496 4426 566 4487 quas
580 4406 746 4467 circaeam
759 4404 943 4482 cogitatione
957 4404 1105 4482 primum,
1158 4428 1281 4488 gnosee,
1299 4408 1410 4487 inquit,
1425 4409 1500 4488 quia
1520 4408 1563 4483 id,
1585 4408 1671 4487 quod
1687 4408 1773 4487 apud
1790 4407 1930 4468 homines

337 4501 449 4563 deinde
465 4500 613 4560 varietate
626 4498 792 4558 nominum
806 4497 1023 4577 exprimuntur
1030 4517 1038 4572 ;
1054 4499 1108 4559 sed
1158 4502 1279 4563 nomini
1293 4502 1428 4562 solemus
1442 4502 1623 4580 adjungere,
1639 4500 1693 4562 Dei
1707 4519 1773 4560 non
1786 4500 1929 4561 conderet

336 4600 372 4654 nt
392 4609 530 4653 errorem
546 4592 625 4652 ratio
641 4590 779 4669 castiget,
795 4595 1013 4669 agnoscatque,
1029 4590 1108 4651 nibil
1158 4592 1320 4672 majestati.
1333 4594 1368 4653 ln
1377 4593 1443 4672 elus
1452 4594 1579 4654 nomine
1588 4592 1740 4673 quidquid
1747 4598 1805 4668 est,
1817 4610 1930 4672 nequa-

336 4687 395 4747 ista
408 4685 531 4746 differre
549 4683 700 4756 invicem;
717 4682 770 4744 scd
782 4681 894 4760 reipsa,
911 4688 952 4760 et,
975 4686 1010 4742 ut
1028 4682 1062 4742 in
1076 4702 1108 4745 se
1158 4703 1254 4764 quam
1267 4686 1465 4765 adjectivum,
1481 4685 1536 4746 sed
1553 4686 1619 4746 sine
1636 4685 1733 4746 dubio
1746 4684 1929 4746 naturaliter

337 4782 393 4854 est,
414 4777 640 4839 consideratam
663 4773 718 4835 Dei
736 4774 942 4835 substantiam
962 4775 1109 4837 omnibns
1157 4778 1381 4858 sempiternum
1408 4783 1463 4839 est.
1493 4799 1509 4837 ιι
1539 4777 1598 4839 Ubi
1628 4776 1839 4859 sempiternus
1875 4792 1928 4857 pm

374 5094 396 5134 ιι
414 5078 502 5133 litem.
522 5072 608 5125 Πάντα
620 5069 668 5140 γὰρ
692 5067 723 5121 τὰ
745 5069 865 5139 θεοπρεπῆ
887 5070 1053 5140 requerire,
1069 5072 1109 5123 καὶ
1158 5072 1254 5126 πάντων
1271 5070 1322 5128 ἐστι
1335 5073 1364 5128 τὸ
1378 5075 1569 5145 οημαινόιιανον.
1585 5076 1629 5129 κᾶν
1642 5075 1696 5131 isba
1711 5075 1845 5148 tingetis
1859 5076 1929 5133 αὖτἀι

340 5161 448 5231 ὀνόματα
459 5154 586 5229 ὁμοτιμως
601 5152 653 5224 ἔχει
665 5149 725 5221 πρὸς
743 5150 850 5215 ἄλληλα,
864 5156 901 5222 τῷ
916 5150 990 5222 μηδὲν
1000 5153 1053 5223 πιρι
1064 5151 1108 5219 τὴν
1159 5152 1278 5221 ἐνεδείξω,
1306 5156 1335 5208 ὃν
1356 5154 1398 5210 διὰ
1407 5162 1457 5211 τῶν
1476 5157 1570 5213 λοιπῶν
1595 5156 1725 5230 ὀνομάτων
1740 5156 1854 5228 ἐνόησας·
1869 5160 1929 5215 elil

340 5248 382 5297 τοῦ
396 5239 554 5310 increpitos
570 5234 690 5305 διαφέρειν
713 5233 844 5304 σημασίαν.
862 5232 890 5285 οὗ
901 5232 948 5305 γὰρ
964 5233 1001 5288 ἐπ’
1011 5234 1074 5286 ἄλλο
1086 5252 1108 5287 τι
1157 5238 1238 5293 πάντα
1252 5238 1282 5291 τὰ
1296 5237 1406 5310 ὀνόματα
1422 5243 1453 5312 τῇ
1464 5239 1518 5311 0th
1528 5240 1597 5311 φύσει
1616 5239 1777 5314 ἐπιλεγόμενα
1790 5241 1932 5314 ww

338 5324 494 5396 υποαειιιειον
510 5335 656 5393 χειραγωιει
647 5314 714 5382 τὴν
732 5315 841 5367 διάνοιαν
856 5321 900 5370 τοῦ
914 5316 1006 5386 ἀγαθοῦ
1019 5316 1109 5388 ἣπρο·
1158 5318 1274 5390 ἀλλήλοις
1290 5320 1353 5374 κατὰ
1371 5321 1415 5390 τὴν
1429 5327 1472 5377 του
1486 5322 1644 5395 ὑποκειμένου
1662 5322 1771 5387 ἔνδιιξιν·
1789 5326 1929 5382 ssiam&

340 5427 416 5481 σιγορ
403 5406 453 5479 pie,
478 5402 540 5475 tq*
528 5418 609 5472 ,τερον
632 5396 688 5463 eti
714 5403 757 5450 τοῦ
772 5401 860 5499 αοφιιῦ,
884 5399 924 5450 καὶ
939 5401 1106 5462 radiarant,
1158 5401 1236 5470 ἄλλην
1251 5401 1354 5474 ἔμφασιν
1369 5358 1518 5460 bilustre
1531 5405 1574 5474 τιν
1586 5405 1693 5461 διάνοιαν
1703 5405 1775 5480 ἡμῶν
1783 5407 1927 5481 &qm

339 5490 380 5544 tal
395 5494 439 5544 τοῦ
452 5484 555 5541 δικαίου
572 5479 628 5535 ἀλλ’
643 5479 750 5551 ὅσαιπερ
763 5477 882 5553 dsistam
897 5479 1108 5552 trapezetam
