4096 6190
431 298 483 358 ns
502 299 576 360 bno
597 300 740 374 IlEIQUE
760 298 1102 377 PROPRIETATIBUS,
1125 299 1198 362 LIB.
1221 298 1301 375 VIII,
1325 298 1408 359 CAP.
1429 298 1481 358 III.
1684 300 1743 359 63¹1

144 479 217 542 quae
233 460 284 523 hio
297 462 388 539 liunt,
404 464 681 542 conservationem,
695 472 726 528 et
744 465 919 546 generatio·
970 465 1055 527 illius
1070 483 1135 528 csse
1149 462 1331 537 motionem,
1348 468 1379 525 ct
1392 462 1576 543 aequabilem
1590 461 1743 540 ordinem,

144 565 232 631 nem,
261 560 293 616 et
319 555 545 635 inspeciosus
570 559 829 638 permansionem,
855 578 920 620 non
969 557 1110 627 delinitas
1131 559 1215 634 lune
1238 557 1332 636 leges,
1355 555 1428 616 solis
1452 561 1538 616 ortus
1560 574 1746 635 occasusque

144 646 261 726 absque
289 647 394 708 divina
421 654 559 710 constare
584 651 788 730 providentia,
815 657 921 713 auctor
970 650 1155 730 pertimeat
1166 649 1242 710 ratis
1255 647 1446 729 temporibus
1456 655 1605 728 perpetuo
1618 649 1747 710 circum-

144 744 192 798 est
206 738 395 800 Aristoteles.
408 741 527 821 Qqupe
541 742 662 819 visilia,
679 762 749 822 quae
764 763 783 804 a
796 744 870 820 sole,
886 763 922 806 ac
970 742 1109 822 scriptos,
1121 743 1192 821 jure
1206 744 1317 817 Deum,
1338 742 1453 821 Ileiquc
1471 742 1583 803 solium
1607 742 1747 803 arbitrati

144 831 266 892 caetems
287 832 376 893 sonis
398 832 480 893 illius
506 833 601 894 stellis
623 841 756 910 emanat,
783 836 921 915 ejusdem
970 833 1075 895 suntl.
1091 856 1107 892 υ
1125 836 1165 896 At
1180 834 1311 914 (lyrillus
1326 834 1437 894 erroris
1455 834 1538 894 ilbns
1555 834 1747 914 impietatem

143 925 311 999 sententia,
331 942 424 986 cansa
446 931 492 986 est
508 927 665 1005 omnibus,
693 947 762 1008 quae
782 933 923 989 constant
971 928 1109 1006 castigat,
1131 934 1162 989 et
1180 945 1219 988 cx
1232 927 1403 988 coelcstium
1417 926 1593 1006 globorum,
1610 947 1644 988 ac
1667 928 1745 988 side-

145 1020 270 1093 natnra,
290 1022 376 1078 ortus
397 1023 429 1079 et
446 1018 701 1081 incolumitatis⁰;
715 1042 731 1078 υ
748 1021 855 1082 Merite
871 1020 922 1081 hic
970 1037 1042 1079 rum
1070 1021 1199 1100 perenni
1227 1025 1318 1095 statu,
1345 1025 1374 1080 ct
1397 1019 1540 1098 aequabili
1566 1019 1745 1098 agitatione,

145 1109 323 1171 Alexander
335 1129 374 1171 ex
385 1128 493 1172 rernm
508 1112 711 1192 perpetuitate
730 1132 766 1174 ac
783 1120 922 1175 constan·
972 1113 1071 1172 Deum
1090 1112 1204 1173 borum
1226 1131 1261 1172 ac
1280 1117 1465 1173 caeterorum
1479 1112 1620 1172 omnium
1639 1113 1747 1192 praesi-

143 1201 190 1262 tia
212 1202 350 1263 divinam
377 1222 458 1278 esse,
485 1223 547 1284 qua
571 1206 745 1267 constitutae
767 1212 859 1281 sunt,
887 1225 923 1267 ac
971 1203 1044 1264 dem
1056 1209 1270 1284 rectoremque
1283 1206 1563 1265 csse'demonstrat.

144 1293 291 1374 deinceps
310 1302 542 1369 conservantur,
558 1297 784 1376 providentiam
798 1299 921 1360 conclu·
1012 1298 1049 1359 V.
1073 1298 1144 1359 Jam
1157 1298 1191 1358 in
1204 1297 1281 1359 coelo
1295 1297 1440 1377 subjectis
1453 1297 1557 1373 rebus,
1583 1303 1614 1358 et
1627 1297 1749 1359 caducis
1793 1338 1822 1383 E,
1837 1341 1903 1385 raons

144 1385 203 1446 dit.
219 1387 252 1447 Si
265 1388 350 1448 enirn
363 1406 435 1450 casn
450 1394 480 1449 et
498 1389 637 1466 fortuito,
649 1408 713 1450 non
728 1396 811 1452 certa)
823 1392 922 1452 consi·
972 1390 1134 1469 perspIcua
1147 1409 1212 1451 non
1225 1390 1329 1451 minus
1343 1397 1388 1451 cst
1404 1390 1597 1470 providentia
1611 1391 1749 1451 numinis
1775 1392 1922 1492 ίνίγγῖγιίγγο

143 1477 200 1553 lio,
220 1485 252 1541 et
271 1481 426 1560 sapienter
444 1481 657 1543 administrata
678 1488 863 1557 constarent,
888 1503 924 1546 ac
972 1482 1097 1558 summi,
1114 1500 1186 1543 cum
1200 1488 1231 1542 et
1240 1482 1401 1543 contrariae
1415 1499 1465 1543 res
1477 1482 1620 1557 invicem,
1633 1488 1664 1543 et
1677 1502 1747 1543 mu·
1824 1502 1920 1546 arcenus

144 1570 208 1630 nisi
229 1590 294 1633 non
311 1574 464 1634 universis
483 1574 588 1648 modo,
605 1573 658 1635 sed
679 1575 774 1636 etiam
794 1576 924 1654 singulis
971 1574 1090 1649 nabes,
1111 1595 1147 1636 ac
1162 1581 1270 1654 suapte
1288 1581 1401 1636 natura
1414 1575 1587 1655 praecipites
1607 1576 1641 1637 in
1662 1594 1747 1638 occa-

144 1662 226 1723 ratio
242 1664 345 1744 aliqua
365 1667 563 1746 prospiceret,
578 1667 660 1728 inter
672 1672 719 1728 tot
735 1674 875 1745 eventus,
888 1688 924 1730 ac
972 1684 1053 1743 sum,
1070 1673 1100 1728 et
1116 1667 1288 1745 interitum,
1303 1667 1423 1729 tamdiu
1437 1668 1470 1728 in
1483 1668 1537 1729 illa
1555 1668 1749 1731 conflictione

143 1755 311 1818 varietates
324 1759 500 1819 conservari
514 1778 550 1819 ac
567 1759 694 1820 retineri
708 1778 773 1820 non
786 1766 921 1839 possent,
973 1764 1083 1820 mutua
1108 1765 1326 1839 perseverent,
1355 1779 1456 1840 neque
1475 1760 1531 1821 'vel
1557 1760 1750 1840 perimantur

144 1849 315 1926 quominus
326 1851 489 1912 interirent
501 1851 651 1912 funditus.
668 1852 742 1924 Quae
752 1853 837 1913 enlm
851 1873 924 1915 casu
973 1851 1137 1929 universae,
1153 1852 1202 1913 vel
1216 1871 1327 1913 cararm
1340 1853 1449 1912 saltem
1470 1853 1585 1932 species
1603 1853 1706 1934 aliqua
1720 1860 1750 1914 et

145 1939 301 2018 accidunt,
318 1960 355 2004 ea
367 1949 472 2004 carent
491 1943 667 2021 stabilitate,
685 1962 721 2004 ao
741 1947 922 2007 constantia
973 1950 1107 2019 natura,
1137 1944 1241 2005 hostili
1268 1945 1353 2006 velut
1379 1945 1581 2025 impressione
1609 1950 1747 2021 vastata,

145 2031 232 2093 Licet
244 2032 304 2095 hoc
317 2035 351 2094 in
374 2035 549 2097 caelestibus
567 2036 723 2115 praeeipue
745 2037 925 2116 corporibus
974 2036 1123 2098 concidat.
1133 2038 1250 2117 ltaque,
1267 2037 1313 2097 uti
1326 2036 1441 2116 paucis,
1456 2042 1487 2097 et
1496 2037 1654 2116 eleganter
1667 2038 1751 2099 hunc

145 2122 274 2201 intueri,
289 2144 424 2205 quorum
445 2128 658 2202 immutabilis,
676 2148 710 2190 ac
731 2130 925 2209 sempiternis
974 2128 1076 2189 locum
1091 2133 1281 2208 pertractans
1293 2129 1458 2208 Gregorius
1468 2129 1678 2191 Nazianzenus
1693 2130 1752 2191 dis

146 2220 180 2275 ct
201 2235 364 2297 nunquam
393 2221 575 2300 interruptis
594 2221 854 2283 vicissitudinibus
871 2223 925 2284 de·
973 2220 1057 2295 serit,
1082 2221 1472 2301 «Deuavelutperorbem
1483 2221 1649 2300 quemdam
1662 2240 1752 2283 mun·

145 2309 260 2388 scripta
282 2312 452 2390 conversio,
472 2331 627 2394 summam
646 2313 781 2393 aliquam
795 2333 926 2394 praeesse
974 2313 1050 2372 dum
1064 2312 1149 2373 hunc
1163 2314 1236 2393 egit,
1263 2320 1294 2375 et
1306 2313 1461 2393 gubernat
1475 2304 1675 2389 uni'rcrsum3
1691 2333 1753 2376 res

146 2401 302 2463 rabonem
311 2404 456 2481 ostendit,
473 2404 649 2485 quaeinilla
661 2406 873 2484 gubernanda,
890 2427 927 2470 ac
975 2422 1036 2482 que
1049 2404 1125 2464 adeo
1137 2411 1257 2467 nosbas
1274 2412 1339 2467 tam
1349 2405 1517 2485 agitabilcs,
1533 2424 1628 2485 quarn
1644 2405 1752 2467 incon·

146 2494 265 2555 tuenda
292 2514 418 2574 prorsus
433 2497 552 2558 intenta
566 2497 614 2557 sit.
639 2499 737 2571 Quam
754 2517 826 2560 cum
844 2518 927 2561 erre
975 2514 1087 2572 cussus,
1104 2514 1174 2575 quae
1196 2498 1419 2559 mutationibus
1442 2498 1573 2575 cientur,
1597 2499 1679 2559 etin
1694 2499 1754 2560 alia

146 2584 235 2647 ribus
244 2589 383 2649 occaecati
394 2589 524 2668 gentiles
538 2589 650 2650 mentis
659 2591 756 2651 oculis
770 2591 884 2668 videre,
896 2597 927 2653 et
975 2594 1150 2664 vertuntur,
1175 2595 1207 2651 et
1228 2591 1317 2651 aliter
1340 2595 1433 2670 atque
1454 2591 1544 2651 aliter
1566 2609 1599 2652 se
1622 2591 1750 2667 habent,

148 2697 314 2757 agnoscere
327 2700 393 2742 non
402 2687 537 2761 possent;
552 2700 609 2742 neo
621 2687 727 2743 tamen
736 2683 924 2762 dubitarent,
976 2700 1155 2761 quanquam
1180 2682 1382 2762 providentia·
1406 2683 1515 2744 ordine
1537 2682 1607 2743 fixae
1628 2683 1700 2757 sint,
1723 2690 1755 2745 et

146 2772 227 2850 quur
252 2773 368 2853 absque
398 2773 524 2834 consilio
554 2779 585 2835 et
613 2775 778 2854 prudentia
803 2776 927 2837 totilla
974 2774 1162 2849 immobiles,
1176 2776 1301 2835 tametsi
1314 2793 1370 2854 per
1385 2775 1537 2835 contraria
1551 2775 1753 2854 progredian-

146 2864 228 2939 fieri,
244 2870 369 2946 tamque
383 2865 576 2927 admirabilia
595 2867 770 2946 nequ'uent,
787 2867 826 2927 ad
849 2868 926 2929 illud
975 2872 1038 2942 tur,
1064 2885 1134 2944 qnae
1161 2866 1275 2927 rationi
1293 2867 1419 2946 quidem
1445 2868 1624 2947 procuranti
1649 2869 1755 2930 omnia

147 2961 306 3036 postremo
327 2959 444 3039 delapsi
467 2964 550 3034 sunt,
575 2962 611 3018 ut
628 2958 696 3019 haec
713 2960 780 3038 ipsa
797 2960 927 3021 totidem
976 2959 1138 3020 manifesta
1150 2964 1234 3031 sunt,
1250 2959 1340 3020 nobis
1362 2964 1467 3020 arctam
1486 2960 1620 3039 ignota⁰.
1639 2982 1655 3018 n
1673 2962 1753 3022 Peu-

147 3067 216 3110 esse
229 3051 474 3111 divinannmina
487 3050 658 3112 crederent.
678 3051 766 3125 Quod
785 3051 927 3112 Julianus
976 3049 1059 3111 linus
1077 3050 1186 3112 itidem
1205 3052 1342 3112 Nolanus
1359 3052 1486 3131 epistola
1500 3067 1620 3126 mxvrrr,
1652 3052 1755 3126 «eris

146 3141 296 3221 Apostata
315 3150 385 3204 turn
405 3142 565 3205 communi
578 3162 617 3204 ex
630 3161 722 3204 sensu
735 3144 925 3221 mortalium,
976 3160 1041 3203 non
1055 3142 1148 3217 videt,
1167 3144 1278 3223 iuquit,
1293 3145 1447 3205 mundum
1461 3145 1556 3205 istum
1569 3162 1754 3224 corporeum

147 3239 220 3293 tum
245 3252 284 3295 ex
298 3235 469 3296 caelestium
501 3235 649 3296 firmitate
673 3239 704 3296 et
725 3235 926 3297 immutabili·
976 3234 1008 3294 vi
1033 3234 1216 3315 incorporea
1237 3235 1417 3315 gubernari,
1443 3241 1602 3315 totamque
1624 3237 1751 3312 molem,

146 3330 224 3403 tate,
235 3327 319 3406 apud
328 3328 479 3409 cyrillum
493 3328 626 3408 probare
639 3327 759 3389 nititur.
776 3329 926 3406 Primum,
976 3325 1080 3387 infusa
1104 3333 1199 3406 atque
1227 3327 1376 3407 permista
1409 3345 1524 3407 magno
1547 3328 1755 3391 universitatis

151 3439 169 3475 ιι
184 3419 269 3497 quod
283 3439 375 3482 nemo
400 3427 455 3496 est,
472 3422 526 3502 qui
546 3440 611 3482 non
633 3439 747 3481 manus
762 3421 881 3482 attollat
894 3422 928 3482 in
977 3419 1099 3499 corpori
1113 3419 1210 3480 divini
1231 3419 1355 3499 spicitus
1378 3426 1493 3493 mente,
1510 3439 1572 3500 qua
1592 3421 1673 3483 lacta
1695 3427 1752 3495 est,

149 3511 275 3588 eoelum,
292 3532 364 3575 curn
378 3519 532 3594 precatur,
546 3519 600 3575 aut
609 3513 705 3593 jurat,
721 3518 775 3574 aut
789 3533 929 3593 quoquo-
977 3511 1087 3590 agitari
1108 3512 1147 3572 ad
1161 3511 1278 3572 uam?
1291 3513 1457 3592 temperari
1474 3514 1514 3574 ad
1528 3513 1642 3574 usum?
1655 3515 1753 3575 conti-

149 3604 246 3664 modo
274 3605 443 3667 divinitatis
465 3624 582 3667 nomen
604 3607 738 3667 inuocat.
765 3627 780 3663 υ
812 3606 928 3668 Deinde
977 3603 1097 3665 neriad
1123 3603 1260 3666 statum?
1278 3606 1416 3666 ordinari
1435 3607 1474 3666 ad
1498 3606 1755 3667 diutrnnitatem‘l

154 3697 297 3758 «merito
318 3698 417 3760 lacere
436 3699 495 3759 hoc
514 3698 560 3759 illi
580 3698 735 3759 videntur.
758 3699 837 3758 Nam
856 3716 929 3759 cum
978 3698 1276 3775 Cnmergoconstet,
1294 3698 1377 3776 quod
1391 3699 1537 3775 cernitur,
1554 3703 1608 3759 aut
1624 3699 1755 3760 sentitur

149 3795 315 3851 cernerent
342 3790 420 3851 nibil
437 3809 543 3851 rorarm
566 3790 736 3851 celestium
751 3790 801 3852 vel
816 3790 926 3865 minui,
977 3788 1085 3850 aliene
1099 3789 1177 3869 opis,
1191 3795 1225 3850 ut
1239 3790 1384 3851 consistat
1402 3796 1432 3851 et
1444 3798 1577 3864 mancat,
1602 3791 1752 3872 indigere3

149 3881 202 3941 rel
220 3883 337 3962 augeri,
360 3883 408 3944 vel
429 3882 555 3959 mutari,
575 3882 625 3943 vel
643 3882 856 3962 perturbatam
875 3882 929 3942 ali-
978 3901 1043 3942 non
1055 3885 1155 3961 potest
1167 3881 1295 3960 ambigi,
1315 3882 1439 3943 aliunde
1454 3884 1556 3956 etiam,
1579 3889 1615 3944 ut
1632 3902 1752 3946 creare·

150 3991 250 4053 quam
271 3974 467 4037 affectionem
490 3975 631 4056 perpeti,
664 3975 717 4037 sed
744 3975 929 4036 concinnam
978 3981 1041 4049 tur,
1061 3972 1192 4052 eguisse
1209 3973 1297 4046 Quod
1314 3992 1385 4034 cum
1399 3975 1441 4035 ita
1453 3974 1502 4051 sit,
1518 3975 1624 4036 omnia
1638 3994 1676 4037 ex
1691 3978 1754 4038 Deo

151 4265 247 4341 ρεῗοόαι
262 4260 305 4337 μέν
318 4262 367 4319 όπθ
381 4268 431 4318 τῶν
445 4260 668 4334 φαινομένωνῆτε
675 4259 722 4333 γάρ
730 4266 780 4314 τῶν
789 4258 924 4333 γινομένων
974 4250 1155 4326 ἐλαττούμενόν
1164 4272 1187 4308 τι
1195 4258 1244 4308 τῶν
1252 4255 1307 4327 περί
1313 4253 1356 4308 τόν
1365 4252 1539 4327 aspectante
1547 4253 1689 4329 άυξόμενον,
1698 4256 1754 4317 οὔτε

151 4346 220 4410 τάξις
234 4348 301 4419 ebora
316 4347 353 4400 άεί
368 4345 544 4419 παραπλησίως
558 4343 660 4417 ἔχουσα,
676 4344 751 4415 μέγας
765 4343 867 4415 ἔλεγχος
880 4345 924 4395 τοῦ
975 4340 1134 4411 τρεπόμενον.
1149 4336 1206 4391 οὔτε
1220 4338 1295 4399 πάθος
1306 4337 1428 4410 όπομένον
1448 4358 1471 4392 τι
1487 4344 1535 4393 τῶν
1550 4337 1671 4394 ἀτάκτων·
1691 4336 1750 4395 ἀλλ’

152 4432 189 4505 μὴ
203 4432 267 4485 κατὰ
280 4430 356 4503 τθχην
371 4429 575 4501 tetraplantur,
590 4433 645 4482 ele.
945 4476 963 4507 γ,
975 4420 1119 4493 ίναρμόνιον
1135 4419 1179 4493 μίν
1195 4420 1270 4475 abacti
1285 4421 1328 4489 τὴν
1343 4421 1435 4490 κίνησιν
1458 4420 1552 4494 ἐμμελῆ
1572 4421 1598 4476 bl
1613 4423 1657 4492 τὴν
1672 4422 1750 4487 τάξιν,

191 4531 212 4569 a
230 4516 370 4569 dartana.
386 4512 454 4568 ibid.
470 4510 519 4578 Τὴν
526 4510 574 4582 γὰρ
582 4516 632 4563 τῶν
641 4507 742 4563 ἐνταῦθα
751 4508 874 4581 σωτηρίαν
887 4527 923 4572 τε,
974 4504 1122 4576 ὡρισμένους
1136 4503 1163 4557 δὲ
1177 4503 1280 4575 θεσμοθς
1294 4505 1413 4573 σελήνης,
1428 4503 1499 4572 atlon
1522 4505 1548 4557 δὲ
1570 4504 1693 4569 ἀνατολὰς
1712 4508 1752 4560 καί

152 4598 196 4653 καί
205 4598 309 4670 γένεσιν,
317 4596 419 4649 ααλαοιτ“
431 4588 495 4655 εἶδος
505 4590 583 4646 άίδιον
592 4592 721 4665 διαμονὴν,
737 4590 781 4645 olor
791 4592 847 4644 ἄνευ
861 4590 926 4652 θείας
974 4584 1054 4647 δόσεις
1076 4586 1214 4659 ὡρισμένας
1238 4584 1262 4637 έν
1287 4587 1431 4658 ὡρισμένοις
1456 4586 1493 4640 ciel
1517 4590 1628 4661 καιροῖς,
1653 4588 1754 4654 είαότως

152 4679 271 4752 προνοίας
288 4678 458 4751 Ἀριστοτέλης
471 4678 528 4748 ρησί
542 4676 660 4749 γενέσθαι.
688 4674 764 4746 ἡγὰρ
779 4673 827 4727 ἀπό
841 4693 868 4727 τε
882 4677 925 4727 τοῦ
974 4669 1038 4733 θεόν,
1054 4671 1095 4723 καί
1109 4671 1163 4724 θεοῦ
1178 4670 1264 4741 θρόνον
1274 4667 1409 4723 θπίλοιόον.

152 4763 236 4831 ἡλίου,
251 4763 357 4815 καὶτῶν
372 4760 454 4814 ἄλλων
469 4760 564 4832 άστρων
579 4755 927 4831 τὼἥλίῳσυνόμωνδόναμις
1011 4753 1173 4811 οΝΛτΙιιντ.
1207 4752 1282 4808 Orat.
1312 4769 1321 4807 ι
1349 4758 1423 4809 cont.
1450 4752 1512 4809 lul.
1541 4754 1588 4807 Καί
1613 4753 1688 4809 σίονεί
1712 4756 1753 4809 διὰ

153 4845 212 4901 κατ’
227 4846 298 4901 αὐτόν
313 4850 356 4913 τῆς
368 4844 485 4915 γενέσεως
499 4845 551 4904 τοῖς
565 4842 633 4913 μίσει
651 4845 802 4905 συνεστῶσι,
821 4841 862 4893 καί
883 4843 927 4907 τῆς
975 4835 1063 4889 datos
1079 4835 1143 4897 τινός
1164 4832 1265 4888 εθθόνων
1280 4836 1321 4888 καί
1350 4834 1466 4909 διεξάγων
1482 4836 1524 4890 τόν
1539 4838 1621 4891 πάντα
1647 4840 1751 4910 κόσμον,

155 4930 282 5001 σωτηρίας
295 4927 376 4981 αθτῶν
390 4925 440 4998 ἔχει
455 4926 498 4994 τὴν
514 4924 604 4978 αἰτίαν.
975 4921 1015 4972 uel
1029 4918 1061 4973 τό
1074 4919 1179 4990 ἡμέτερα
1193 4920 1347 4991 σαλευόμινά
1362 4939 1388 4972 τε
1402 4920 1475 4992 όμοθ,
1490 4921 1529 4973 καί
1547 4920 1580 4993 μὴ
1597 4922 1755 4993 σαλευόμενα

193 5014 211 5067 b
229 5013 335 5067 leuari.
350 5010 425 5081 apud
441 5011 503 5080 Cyl.
521 5008 568 5063 lib.
586 5007 620 5064 II.
639 5006 725 5068 θθθτίς
740 5005 815 5070 ἔστιν,
838 5007 865 5069 θς
883 5004 928 5059 υθιι
975 5001 1326 5075 ταῖςμιταόολαῖςαινοόμενα,
1337 5003 1378 5055 καί
1388 5004 1592 5075 περιτρεπόμενα,
1608 5004 1649 5056 καὶ
1660 5004 1752 5059 άλλοττ

155 5094 278 5149 ἀνατείνει
294 5093 337 5166 μέν
352 5092 385 5155 είς
398 5091 499 5164 οθρσινόν
514 5090 557 5153 τθις
571 5093 656 5165 χεῖρας
670 5090 817 5163 εθχόμενος,
832 5087 927 5160 όμνόων
976 5087 1058 5149 άλλως
1080 5085 1180 5159 ἔχοντα,
1204 5090 1235 5158 τῇ
1259 5084 1324 5147 τάξει
1345 5083 1370 5138 δὲ
1394 5090 1436 5153 τῆς
1459 5085 1575 5156 προνοίας
1598 5087 1687 5159 πάγια,
1710 5088 1753 5140 καί

155 5178 223 5244 θεόν,
237 5178 302 5245 ,ἤτοι
310 5177 387 5241 θεοὺς,
398 5175 492 5229 ἔννοιαν
507 5175 570 5237 όλως
578 5177 620 5227 τοῦ
630 5173 694 5227 θείου
705 5172 838 5244 λαμόάνων
847 5169 924 5225 ἐκεῖσε
977 5168 1088 5237 ἀκίνητα,
1113 5171 1157 5222 κᾶν
1181 5168 1222 5222 διὰ
1246 5173 1294 5222 τῶν
1319 5166 1433 5223 ἐναντίων
1457 5168 1528 5241 όθεθῃ
1554 5176 1590 5243 τῷ
1612 5172 1683 5244 λόγῳ
1708 5170 1751 5241 μὲν

155 5261 392 5334 ρίρεται.αοι“ιτοῦτο
400 5257 444 5312 οὖν
452 5257 585 5319 ἀπεικότως
595 5254 695 5310 ἔπαθον·
706 5253 865 5327 όρὼντεςγόιρ
873 5252 929 5308 οὔτε
977 5252 1069 5321 δήλων,
1084 5251 1141 5324 ἡμῖν
1155 5251 1182 5305 δὲ
1196 5251 1376 5326 ἀγνοουμένων.

298 5461 375 5525 Τοιι.
400 5460 422 5520 ί.
1553 5452 1593 5511 li
