3942 6168
306 323 367 383 set
811 312 1137 376 incommonitum
1157 312 1386 375 DOGMATUM.

306 487 389 548 inter
407 503 445 547 ea
464 481 636 564 presertim
649 497 720 560 qua
740 484 814 540 sunt
833 476 1075 539 substantiam.»
1127 476 1274 556 dogmate
1285 476 1386 537 obiter
1397 475 1615 538 amiscimm¹t
1633 479 1704 541 «ud
1715 497 1814 541 unum
1825 499 1882 561 per

307 579 380 640 liceo
402 582 507 638 autem
530 591 662 635 numero
685 576 759 633 sunt
780 588 890 646 unum,
906 568 1079 648 cujusmodi
1127 567 1226 629 tinere
1239 588 1275 629 ac
1288 567 1498 645 referriidem,
1514 569 1799 651 simileetaequals:
1813 575 1881 636 rnul-

306 671 416 732 siverc
430 675 462 730 et
479 673 515 728 ut
532 665 651 728 suntin
669 682 734 726 sese
752 663 995 736 considerentur,
1011 661 1080 722 nul-
1126 660 1267 722 titudinis
1308 679 1382 722 vero
1420 662 1581 743 proprium
1618 681 1684 725 esse
1728 665 1881 743 diversum,

305 759 591 840 lamintelligentioe
602 755 808 819 differentiam
817 754 961 816 afferunt.
974 754 1017 829 si,
1029 753 1078 815 in·
1128 752 1285 830 dissimile,
1297 754 1450 834 inequale
1460 753 1513 815 ἦν
1531 755 1597 830 Qua
1606 774 1645 817 ex
1658 757 1810 818 sententia
1821 777 1883 820 con·

306 873 412 934 quam,
424 853 550 914 illorum
563 856 674 911 natura
683 847 802 929 liquido
811 866 847 910 ac
857 847 974 911 sincere
984 846 1080 925 perci-
1127 844 1260 907 cluditur
1272 847 1418 909 eumdem
1431 852 1463 909 et
1476 848 1627 928 aequalem
1641 869 1677 911 ac
1694 849 1825 911 similem
1836 853 1883 913 Ρι-

306 948 419 1027 piatur,
441 946 508 1006 sine
531 944 601 1005 iaco
625 948 656 1003 et
673 941 834 1002 involucro
852 939 1079 1002 adhaerentium
1126 937 1182 999 tris
1199 956 1264 1000 esse
1283 939 1405 1015 Filium,
1421 959 1493 1001 cum
1512 940 1551 1001 sit
1569 941 1734 1004 amborum
1746 961 1810 1004 uua
1821 944 1883 1006 sub·

306 1039 491 1119 qualitatum
511 1042 542 1097 et
565 1034 781 1108 accidentium,
802 1033 885 1111 quod
906 1033 964 1092 ista
985 1031 1080 1091 verba
1127 1031 1249 1109 stantia,
1265 1032 1304 1093 dc
1317 1051 1380 1113 quo
1393 1033 1467 1094 alias
1479 1033 1578 1113 plura.

305 1126 640 1192 demonstrant:Notio
654 1124 998 1207 iduqaoereiettentiom
1008 1142 1078 1204 per-
1168 1124 1316 1197 Quocirce
1329 1144 1400 1187 cum
1417 1127 1539 1188 «unius
1547 1145 1663 1189 nomen
1676 1128 1883 1209 multiplicium
1951 1206 1954 1213 Ι

305 1224 386 1304 cipit.
405 1223 470 1283 Hoc
491 1227 538 1283 est
555 1225 591 1281 ut
613 1224 695 1280 recte
713 1217 847 1279 declarat
868 1216 1025 1296 Asclepius
1049 1214 1079 1276 in
1127 1216 1216 1278 divisi
1245 1218 1443 1297 negationem
1465 1219 1626 1298 significet,
1651 1242 1667 1278 u
1701 1221 1748 1280 uti
1773 1229 1884 1284 sanctus

305 1314 430 1377 Sciotiis
442 1334 481 1376 ee
496 1312 649 1376 Ammonio
659 1330 671 1372 .·
689 1331 705 1368 ιι
719 1328 789 1389 quas
803 1309 966 1370 essentiam
979 1308 1079 1388 ipsam
1127 1309 1279 1371 Maximus
1301 1310 1391 1372 docet
1400 1320 1426 1387 ·;
1452 1312 1507 1391 qui
1526 1314 1682 1393 precipua
1703 1315 1834 1394 quadam
1845 1335 1884 1377 ra·

305 1426 362 1488 per
375 1407 572 1487 semetipsam
589 1402 744 1482 intelligit,
765 1419 866 1480 neque
879 1400 991 1461 adhoc
1004 1400 1080 1460 soci·
1126 1402 1211 1464 tione
1234 1421 1316 1464 unus
1331 1409 1377 1464 est
1387 1404 1410 1479 ⁸,
1427 1410 1469 1480 et,
1485 1410 1522 1466 ut
1537 1405 1712 1467 Bernartius
1720 1406 1852 1487 loquitur
1862 1408 1881 1485 ⁸,

306 1501 398 1561 dente
418 1496 549 1561 unturt.
572 1518 587 1555 o
615 1497 667 1556 Fst
689 1496 783 1574 igitur
805 1492 956 1572 ejusmodi
978 1508 1078 1552 unum
1127 1495 1282 1557 coutimur
1291 1495 1435 1573 Deus,ab
1448 1498 1535 1558 omni
1550 1502 1597 1559 est
1611 1497 1791 1578 longissime
1799 1518 1884 1563 remo

306 1610 449 1655 numero.
458 1592 502 1653 Ac
511 1590 652 1670 proxime
661 1593 754 1649 antea
766 1587 926 1666 scripserat
934 1584 1080 1645 Aristote-
1125 1591 1177 1649 tus
1189 1587 1339 1650 divisione
1348 1607 1384 1649 ac
1394 1588 1594 1651 multitudine
1602 1591 1749 1670 partium.
1762 1593 1845 1666 Quod
1855 1592 1884 1654 n

305 1684 369 1746 les:
385 1707 401 1743 ι
415 1684 471 1745 Ille
481 1701 583 1745 uuum
596 1699 661 1743 esse
675 1698 810 1761 quorum
822 1678 901 1739 ratio
913 1676 1078 1738 essentiam
1126 1679 1248 1741 duobus
1261 1680 1372 1741 modis.
1389 1681 1468 1741 Nam
1482 1687 1514 1742 et
1526 1683 1715 1745 essentiavel
1728 1683 1883 1746 substanfia

304 1777 350 1837 rei
370 1777 528 1838 declarans
546 1773 677 1835 indivisa
695 1778 741 1835 cst
760 1772 800 1832 ad
814 1771 919 1847 aliam,
941 1788 1012 1849 quae
1032 1769 1078 1830 rei
1125 1772 1290 1851 singularis
1312 1777 1359 1833 est
1376 1772 1469 1850 iliius,
1495 1792 1595 1855 neque
1623 1776 1883 1856 multiplicaturiu

304 1870 468 1931 essentiam
482 1866 638 1947 exprimit.
661 1867 741 1927 Nam
755 1863 857 1926 omnis
870 1862 948 1923 ratio
969 1880 1025 1943 per
1045 1880 1077 1923 ae
1125 1883 1272 1944 personas
1296 1884 1333 1925 ao
1352 1866 1438 1927 velut
1459 1866 1636 1944 individua,
1663 1870 1710 1930 uti
1731 1870 1836 1931 forme
1854 1888 1883 1930 ac

304 1961 371 2041 ipsa
390 1961 569 2022 dividiturt.
582 1982 597 2017 ν)
618 1958 683 2019 Hoc
699 1957 793 2018 modo
808 1960 881 2017 sunt
895 1973 996 2017 unum
1006 1972 1077 2034 quae
1125 1957 1250 2036 speeies.

303 2072 368 2115 una
394 2054 526 2115 essentia
544 2058 575 2113 et
602 2050 742 2112 essentiae
770 2049 871 2111 indice
898 2047 1077 2109 definitione
1165 2051 1272 2129 ltaque
1280 2050 1434 2111 Maximus
1444 2052 1528 2131 apud
1537 2052 1883 2132 Euthymium*2«Unu

303 2152 478 2223 consentin,
502 2146 549 2205 uti
569 2144 738 2223 singularia
757 2142 815 2203 sub
840 2141 949 2202 eadem
968 2139 1078 2200 infime
1125 2147 1181 2217 est,
1209 2141 1330 2221 inquit,
1361 2144 1461 2218 Deus,
1491 2144 1640 2223 quoniam
1662 2164 1728 2207 una
1755 2147 1884 2209 divimm

303 2239 403 2318 specie
416 2236 649 2318 comprehensa.
668 2238 747 2297 Nam
761 2234 935 2295 communis
949 2237 995 2293 est
1007 2231 1076 2292 illo·
1125 2241 1170 2296 est
1179 2234 1267 2295 initio
1276 2253 1394 2312 carens,
1406 2235 1881 2316 simplexetsupersubstautiaiis,

303 2348 375 2391 rum
388 2329 526 2391 definitio
544 2347 614 2408 quae
628 2328 722 2388 aliam
737 2326 794 2388 sub
813 2344 845 2387 se
863 2325 1077 2386 definitionem
1124 2326 1261 2406 partium
1279 2346 1388 2408 expers
1401 2332 1432 2388 et
1444 2328 1614 2405 individua,
1629 2331 1738 2392 eadem
1752 2331 1884 2392 unitasd

303 2441 368 2482 non
381 2422 529 2495 continet,
551 2419 815 2499 quemadmodum
834 2435 985 2497 generum
1003 2416 1078 2477 dcii-
1124 2420 1268 2481 Trinitas.
1280 2421 1358 2481 Tota
1366 2420 1469 2481 unitm
1478 2421 1544 2500 ipsa
1554 2427 1586 2482 et
1594 2427 1660 2483 tota
1672 2423 1740 2503 ipsa
1752 2424 1881 2497 Trinitas,

303 2605 543 2667 mmmessentiae
557 2604 780 2678 definitionem,
797 2602 1077 2681 quamvisipsamet
1123 2605 1256 2666 Trinitas
1273 2609 1339 2665 tota
1360 2605 1532 2667 secundum
1554 2606 1734 2686 hypostases
1756 2608 1880 2688 ipset.»

302 2698 336 2758 in
347 2716 379 2759 se
393 2698 487 2759 dividi
496 2697 591 2777 possit
604 2695 637 2755 in
648 2713 700 2756 eas
709 2713 747 2755 ex
756 2694 869 2774 quibus
879 2693 1076 2773 componitur
1163 2697 1201 2758 Et
1214 2698 1421 2758 Damascenus
1434 2698 1586 2759 unitatem
1595 2704 1715 2760 natura
1724 2700 1884 2761 communis
1958 2768 1959 2771 Ἴ

302 2796 415 2870 partes,
425 2791 485 2851 hoc
498 2794 544 2850 est
559 2806 658 2868 genus
671 2793 702 2848 et
716 2787 934 2861 differentiam,
951 2786 990 2846 ad
1004 2803 1074 2863 quas
1123 2806 1193 2867 quse
1207 2789 1316 2850 creatis
1329 2788 1423 2849 rebus
1436 2788 1663 2870 individuisque
1677 2792 1827 2867 mevenit,
1840 2810 1882 2853 ra·

301 2884 404 2944 omnis
423 2882 561 2944 definitio
580 2881 741 2960 redigitur.
762 2880 849 2954 Quod
870 2879 896 2939 si
912 2879 958 2939 rei
976 2878 1076 2957 cujus-
1122 2880 1206 2942 tione
1221 2886 1252 2942 et
1264 2879 1467 2958 intelligentia
1481 2882 1546 2942 sola
1559 2901 1625 2943 non
1639 2884 1739 2963 reipsa
1758 2890 1882 2946 constare

301 2975 385 3055 piam
408 2993 446 3036 ca
467 2975 546 3036 ratio
564 2973 758 3051 essentiaque
781 2973 820 3033 sit
839 2971 873 3032 in
896 2990 959 3051 qua
978 2970 1074 3042 nullae
1122 2970 1243 3052 putat⁸,
1260 2977 1296 3033 ut
1317 2991 1391 3033 cum
1404 2973 1532 3034 Petrum
1553 2992 1590 3035 ac
1603 2975 1735 3037 Paulum
1755 2975 1882 3039 eamdem

301 3067 434 3129 discerni
447 3073 549 3148 partes
558 3072 685 3146 queant,
698 3066 723 3126 si
733 3065 851 3145 liquido
861 3071 1072 3143 cognoscatur,
1121 3064 1236 3127 hahere
1255 3069 1399 3126 naturam
1418 3065 1564 3142 dicimus;
1580 3072 1612 3128 at
1629 3067 1830 3147 singularium
1840 3069 1881 3128 in·

301 3161 371 3240 quis
390 3159 510 3221 dubitet
529 3159 690 3219 excellenti
710 3158 796 3219 illurn
814 3174 928 3236 genere
948 3157 1075 3218 unitatis
1121 3161 1169 3217 ter
1189 3175 1221 3218 se
1235 3157 1400 3218 discrimen
1416 3158 1518 3237 reipsa
1532 3159 1731 3221 considerari.
1751 3161 1785 3220 ln
1797 3178 1882 3221 sacro

303 3271 370 3313 esse
382 3252 555 3333 preditam,
567 3253 651 3330 quod
660 3257 771 3312 cetera
786 3250 892 3311 omnia
905 3255 1030 3328 superet
1043 3254 1075 3310 et
1121 3255 1227 3310 sancta
1245 3268 1319 3311 vero
1339 3249 1488 3310 Trinitate
1509 3257 1655 3313 naturam
1678 3252 1780 3333 reipsa
1798 3269 1881 3315 unam

300 3343 448 3404 excellat?
461 3343 543 3403 Talis
562 3349 608 3404 est
621 3345 702 3404 Deus
716 3342 813 3423 quiet
835 3340 1007 3401 substantia
1029 3347 1075 3402 est
1121 3359 1198 3418 csse,
1217 3360 1282 3402 non
1299 3341 1412 3402 mentis
1426 3347 1541 3403 nostre
1556 3344 1756 3423 cogitatione;
1776 3343 1882 3406 divido·

300 3435 464 3515 singularis
477 3453 620 3510 numero,
641 3440 677 3495 ut
690 3453 755 3496 esse
773 3433 878 3514 plures
895 3440 1071 3512 nequeant:
1122 3452 1195 3495 nem
1209 3439 1315 3495 eutem
1327 3439 1359 3494 ct
1367 3434 1455 3513 quasi
1465 3435 1672 3498 divulsionem
1681 3455 1699 3497 a
1708 3456 1742 3497 se
1751 3437 1879 3509 invicem,

301 3533 332 3588 et
351 3527 534 3603 essentia,si
553 3528 642 3588 utin
658 3545 691 3587 se
705 3532 751 3588 est
763 3525 964 3605 intelligetur,
982 3526 1074 3606 plane
1121 3545 1187 3587 non
1208 3527 1255 3587 rei
1277 3527 1331 3586 sed
1356 3526 1484 3587 rationis
1511 3545 1598 3589 esse:
1627 3548 1702 3590 rac
1730 3542 1881 3610 personam

300 3618 430 3699 simplici
443 3637 480 3679 ac
492 3618 595 3679 nullas
606 3624 709 3698 partes
718 3617 851 3679 habente
865 3619 1071 3695 constituitur,
1121 3636 1375 3698 unumquemque
1384 3637 1449 3679 non
1459 3619 1564 3682 minus
1573 3639 1645 3683 oum
1655 3621 1752 3683 altera
1761 3619 1882 3701 qualibet

301 3710 347 3771 uti
360 3711 474 3791 partim
487 3729 526 3771 ex
539 3711 700 3773 antedictis
718 3716 856 3791 apparet,
872 3711 986 3790 partim
1000 3711 1074 3773 alibi
1122 3729 1222 3773 unum
1246 3730 1310 3773 esse
1332 3730 1428 3791 quam
1442 3730 1515 3774 cum
1534 3713 1648 3794 seipsa,
1677 3714 1831 3794 quonum,
1842 3710 1881 3791 (ut

300 3802 572 3865 demonstrabitur.
1121 3804 1312 3884 moxaddit'),
1326 3804 1504 3865 indivisain
1518 3805 1623 3868 divisis
1636 3806 1877 3868 ardumum.»

340 3896 392 3957 tv.
415 3896 496 3970 Quin
513 3895 591 3957 iilud
612 3894 782 3957 Aristotelis
800 3895 938 3974 ejusdem
956 3896 995 3957 dc
1008 3915 1073 3958 uno
1122 3897 1166 3957 Da
1179 3915 1242 3977 quo
1256 3898 1437 3959 damasceni
1448 3898 1516 3960 loro
1530 3900 1630 3979 deque
1643 3900 1881 3979 umunsganue

299 3988 417 4049 dicaam
430 3988 464 4050 in
477 3988 597 4050 decimo
615 3987 834 4069 metaphysica
847 3987 927 4049 libro
940 4005 1072 4067 magno·
1121 3988 1180 4050 isto
1198 3988 1232 4050 in
1251 3989 1433 4070 explicando
1453 3990 1611 4053 Trinitatis
1623 3993 1772 4073 mysterio
1788 3991 1879 4070 dispu-

299 4099 373 4162 pere
397 4080 566 4161 probamus
593 4086 624 4143 et
646 4081 685 4142 ad
705 4081 888 4142 illustranda
908 4080 1072 4160 theologica
1120 4080 1209 4142 tandi
1221 4086 1345 4162 tempus
1358 4084 1429 4144 erit.

335 4298 356 4338 a
374 4281 464 4338 Astur.
484 4281 539 4339 loc.
555 4284 603 4339 cit.
622 4280 748 4345 'cinget
766 4277 828 4349 dot]
842 4284 925 4351 νόησις
935 4282 1071 4354 ἀδιαίρετος
1121 4281 1236 4338 scilcet·
1247 4288 1291 4339 τοῦ
1309 4283 1337 4338 dl
1353 4283 1470 4353 πλήθους,
1489 4284 1519 4339 τὸ
1538 4283 1632 4356 ἰτερον,
1649 4285 1691 4338 καὶ
1710 4283 1828 4359 ἀνόμοιον,
1844 4280 1879 4334 ssi

298 4363 455 4434 ἡνοοῦσατδ
473 4365 497 4420 ri
513 4363 544 4434 ἢν
564 4360 636 4431 εἶναι,
650 4367 691 4419 καὶ
711 4365 744 4438 μὴ
760 4366 861 4419 δύναται
869 4366 989 4439 χωρίσαι,
1010 4367 1072 4438 μήτι
1122 4364 1216 4421 ἄνισον.

299 4449 394 4521 χρόνῳ.
405 4449 466 4520 μήτι
480 4449 560 4520 τόπῳ,
584 4451 645 4522 μήτε
657 4448 737 4521 λόγῳ,
750 4449 857 4521 μάλιστα
874 4453 952 4507 reite
970 4449 1011 4513 ἓν,
1030 4448 1072 4503 καὶ
1156 4466 1172 4508 e
1192 4451 1293 4507 mixta.
1313 4448 1377 4505 sid
1395 4450 1443 4521 γὰρ
1460 4449 1489 4505 td
1508 4449 1589 4522 ὄνομα
1607 4448 1637 4507 τὸ
1655 4450 1682 4505 ἓν
1701 4449 1716 4504 ὁ
1732 4442 1878 4523 lirum&
1956 4404 1957 4413 ἵ

298 4531 393 4585 τούτων
403 4532 450 4585 ὅσα
464 4530 554 4587 eiciat.
1121 4532 1242 4606 ἀπόφασιν
1252 4538 1295 4593 τοῦ
1306 4533 1451 4589 πολλατλιῦ
1461 4537 1535 4589 τοῦτο
1545 4533 1670 4606 σημαίνει.

336 4613 352 4668 ὁ
371 4614 483 4668 Asctssr.
504 4610 704 4682 “lltrrvoei'rqu
725 4612 810 4667 οὖσῑαν
822 4613 896 4682 αὐτὴν
916 4616 976 4668 καθ’
995 4615 1070 4683 αὑτὴν
1158 4615 1178 4690 f
1193 4616 1279 4672 idem.
1295 4609 1340 4677 Εἷς
1349 4616 1412 4681 θεὸς,
1424 4618 1462 4670 ὅτι
1473 4616 1517 4688 μία
1535 4616 1619 4686 θεότης
1637 4612 1877 4690 ἅναρχος,ιιαὶἇῐλῆι

300 4694 508 4768 μὴπροσχωμένη
517 4698 689 4769 συμὸεόηκότι·
701 4698 766 4751 ἔστιν
782 4693 826 4752 οὖν
837 4699 866 4752 τὸ
876 4703 988 4753 τοιοῦτον
998 4700 1024 4752 ἓν
1035 4704 1072 4770 τῷ
1120 4699 1161 4752 καὶ
1170 4698 1322 4771 ὓπεροῦτιος,
1333 4698 1373 4752 καὶ
1383 4697 1484 4771 ἀμερὴς,
1494 4700 1534 4752 καὶ
1553 4698 1700 4771 ἀδιαίρετος,
1710 4700 1727 4767 ἡ
1736 4697 1793 4766 αὐτὴ
1802 4694 1876 4769 [totle

300 4777 405 4851 ἀριθμῷ.
1120 4783 1161 4835 καὶ
1171 4784 1248 4856 τριάς·
1260 4782 1306 4851 ὅλη
1318 4781 1418 4855 posted}
1433 4781 1505 4850 ὠιὴ,
1516 4783 1557 4839 tel
1574 4783 1621 4850 tin
1631 4782 1723 4855 apitii
1734 4781 1800 4848 criti·
1810 4775 1878 4849 pmii

335 4876 350 4917 t
368 4862 459 4918 laiss.
478 4859 540 4917 ’Ἔτι
550 4861 576 4916 tt
586 4862 611 4916 iv
621 4863 720 4935 λέγεται
735 4864 824 4919 &avt
842 4865 917 4937 λόγος
936 4865 950 4918 ὁ
968 4862 1070 4933 etrite
1121 4863 1292 4935 ὅληιιατὰτὴν
1304 4863 1414 4933 adoleri)
1425 4863 1496 4934 αὐτὴ,
1508 4859 1876 4937 ιιτὶτριὰςὸληιιιιτὰτᾶιῦτω·

299 4937 362 4996 εἶναι
370 4943 450 5017 λέγων
460 4943 596 5017 ἀδιαίρετος
605 4945 666 5017 πρὸς
684 4945 760 4998 ἄλλον
779 4947 822 5001 τὸν
837 4947 959 5016 δηλοῦντα
968 4948 997 5001 τὸ
1008 4947 1032 5001 tl
1040 4945 1070 5019 ἦν
1120 4946 1307 5017 statumini.

300 5020 362 5095 εἶναι
375 5027 405 5082 τὸ
423 5030 534 5100 πρᾶγμα·
556 5026 630 5089 αὐτὸς
648 5028 696 5101 γὰρ
714 5027 856 5087 καθἀὑτὴν
865 5031 912 5092 πᾶς
921 5031 996 5102 λόγος
1005 5032 1069 5084 itar-
1155 5032 1311 5104 stnssc.
1343 5029 1391 5087 Ἕν
1411 5030 1459 5104 γὰρ
1478 5030 1582 5089 Teucros
1604 5030 1686 5089 αὑτῶν
1714 5032 1763 5107 ἔχιι
1779 5023 1876 5101 spitii
1955 5068 1956 5113 q

300 5110 378 5177 ριτός.
1120 5113 1203 5185 ἕτερον
1213 5112 1262 5189 οὔχ
1278 5109 1353 5182 ἧττον
1371 5115 1386 5182 ἢ
1405 5115 1467 5188 πρὸς
1488 5113 1571 5173 ἑαυτό.
1593 5115 1633 5171 ld.
1655 5115 1779 5189 ἀμέριστος
1794 5109 1837 5183 tlt>
1853 5104 1875 5163 tt

335 5189 463 5249 ddum.
485 5191 564 5248 Ἔστι
582 5193 609 5247 δὲ
626 5199 669 5247 τοῦ
690 5194 732 5267 μὲν
752 5194 815 5260 ἐνὸς,
835 5197 917 5268 ὥσπερ
935 5196 977 5249 καὶ
996 5195 1019 5250 ἐν
1039 5201 1070 5270 τῇ
1120 5196 1354 5269 suprauiueret
1362 5199 1538 5273 defecerimus
1547 5196 1766 5273 elutiuffiietrqt.

299 5273 413 5344 dicipiant
422 5281 471 5330 τῶν
482 5274 597 5331 ἐναντίων
607 5278 784 5350 διεγράψαμεν,
803 5279 833 5333 τὸ
852 5277 923 5344 atu,
933 5280 974 5333 καὶ
983 5280 1069 5352 ὅμοιον

324 5456 406 5563 ltnqsq
421 5455 542 5574 'lp-13¹⁰
554 5467 604 5513 cap.
621 5470 669 5502 ιιιι.
685 5457 749 5505 titos.
765 5461 792 5504 de
803 5460 851 5506 lito.
865 5471 922 5507 ιιοιιι.
931 5459 979 5505 -8
991 5459 1039 5505 tis.
1052 5461 1077 5505 t.
1093 5460 1120 5506 ds
1134 5462 1221 5507 ocor.
1234 5472 1283 5517 esp.
1297 5473 1336 5507 ιιι.
1344 5462 1394 5508 -l
1406 5464 1488 5518 Ρτιιιρ.
1502 5469 1559 5519 part.
1575 5463 1592 5511 Ι.
1609 5462 1647 5509 tit.
1660 5463 1688 5512 11.
1702 5473 1750 5519 m.
1766 5457 1795 5505 ii
1806 5456 1873 5503 itt·-

299 5521 313 5563 5
342 5531 372 5563 ι.
397 5531 464 5563 .cn.
503 5550 508 5561 .
