3942 6168
293 332 342 393 DE
362 331 437 393 1)Εο
458 330 600 404 DElQUE
620 328 969 408 PROPRIETATIBUS,
991 332 1064 394 ΠΒ.
1089 334 1125 410 ll,
1148 335 1231 397 CAP.
1254 337 1306 397 Vl.
1538 344 1594 402 alt

38 503 70 562 tia
86 501 270 580 persuadent;
284 516 349 561 non
362 504 428 559 erat
453 504 560 560 tamen
587 497 671 577 quod
695 496 775 559 invi·
825 496 1058 578 participatione
1094 502 1315 580 magnitudinis
1349 521 1472 585 magna
1508 514 1595 585 sunt,

38 594 102 654 diam
114 592 249 672 magistro
259 591 297 652 ob
306 591 440 670 idipsum
452 591 577 668 moeret,
588 608 660 652 cum
669 591 776 670 utique
826 589 939 668 quihus
948 597 994 652 θεῖ
1007 591 1092 653 aliud
1106 611 1186 670 esse,
1201 595 1285 656 aliud
1295 612 1424 675 magnas
1433 616 1508 675 esse,
1520 600 1599 661 sicut

38 685 161 745 nonnulla
179 684 216 744 de
236 684 297 744 Deo
317 684 501 763 qualitatum
521 689 553 745 et
572 683 776 745 accidentium
826 700 942 762 magna
963 684 1075 745 domus
1097 689 1128 746 et
1150 704 1283 767 magnus
1304 706 1395 748 mons
1413 696 1444 751 θῖ
1466 709 1598 771 maguus

38 795 106 837 nore
123 775 243 854 intelligi
264 776 384 855 dicique
407 781 526 837 veteres
542 775 679 854 theologi
701 793 775 836 con-
825 775 966 851 animus;
988 776 1022 836 in
1042 777 1091 837 his
1114 797 1187 857 ergo
1206 780 1300 840 rebus
1318 781 1402 842 aliud
1420 789 1466 843 est
1481 787 1599 863 magni-

38 869 154 929 sautiant.
169 869 203 928 Et
215 869 404 947 Augustinus
421 889 437 927 ε
449 870 572 930 Patrem
586 874 617 929 θῖ
625 868 737 929 Filium
745 873 778 930 et
824 867 919 943 tudo,
933 867 1018 930 aliud
1028 869 1111 948 quod
1127 871 1166 930 ab
1176 889 1213 931 ea
1223 873 1436 951 magnitudine
1447 893 1598 955 magnum

38 961 161 1039 Spiritum
183 966 321 1021 εεεθῖιιει
344 980 409 1022 ιιοιι
436 961 530 1022 divid
556 961 591 1020 in
617 960 777 1021 divinitate
826 965 886 1036 θεῖ,
907 965 940 1020 et
955 979 1081 1040 prorsus
1098 980 1162 1023 nou
1180 964 1239 1024 hoc
1257 970 1303 1025 eat
1323 967 1503 1045 magnitudo
1515 970 1599 1047 qnod

39 1053 110 1128 dixit,
123 1052 171 1113 sed
179 1053 211 1113 in
220 1071 423 1132 personarum
436 1053 583 1133 qualitate
598 1051 621 1128 ¹,
637 1073 652 1111 ι)
670 1070 778 1132 quam·
827 1056 873 1112 cst
885 1070 1000 1131 magna
1013 1054 1134 1115 domus.
1147 1056 1207 1117 Sed
1216 1056 1269 1117 illa
1278 1064 1324 1118 θεῖ
1334 1077 1408 1120 ιθιθ
1416 1061 1598 1139 magnitudo

38 1144 72 1205 u's
85 1145 239 1206 secundum
260 1164 329 1208 rem
358 1146 398 1207 ab
424 1145 594 1207 substantia
619 1146 687 1225 ipsa
712 1163 779 1206 non
827 1162 889 1223 qua
917 1163 983 1206 non
1014 1147 1115 1207 solum
1155 1166 1270 1228 magna
1299 1156 1345 1211 θεῖ
1381 1152 1493 1212 domus
1528 1173 1598 1233 qua

38 1237 193 1316 disuapent,
216 1238 289 1317 quia
309 1238 425 1300 nullius
443 1238 674 1318 participatione
697 1239 779 1299 Deus
827 1253 941 1315 magna
954 1243 1000 1298 est
1017 1244 1048 1300 θῖ
1066 1257 1128 1319 qua
1143 1258 1275 1319 magnus
1291 1247 1337 1301 θεῖ
1354 1259 1445 1304 mons
1462 1245 1600 1324 quisquis

38 1326 81 1387 ista
92 1329 220 1408 possidet.
239 1330 341 1409 Atque
355 1331 466 1394 eodem
478 1331 572 1392 modo
594 1330 727 1410 Cyrillus
744 1330 779 1390 in
828 1345 961 1408 magnus
974 1335 1035 1406 est,
1048 1332 1205 1393 sedetiam
1219 1352 1281 1413 qua
1292 1351 1443 1413 magnum
1457 1343 1503 1396 θεῖ
1514 1339 1601 1417 quid-

38 1421 171 1482 undecimo
192 1421 335 1483 Thesauri
352 1423 409 1484 etsi
428 1424 507 1484 nihil
519 1422 655 1484 accidere
668 1422 780 1484 sentiat
828 1421 903 1499 quid
914 1421 998 1483 aliud
1014 1441 1166 1503 magnum
1186 1425 1312 1502 dicium
1331 1432 1367 1486 ut
1380 1428 1464 1488 aliud
1482 1429 1521 1489 sit
1534 1430 1601 1510 ipsa

38 1511 780 1594 susantauei,quedamtamenvelutacoidentia
828 1514 1026 1592 magnitude,
1051 1515 1135 1577 aliud
1154 1536 1191 1578 ea
1212 1536 1282 1598 quae
1298 1519 1337 1579 ah
1358 1520 1411 1580 illa
1427 1539 1541 1600 magna
1557 1523 1601 1584 di-

38 1604 143 1666 discerni
154 1607 186 1666 in
197 1607 250 1667 illo
263 1607 370 1685 docet,
388 1614 423 1669 ut
431 1609 512 1670 inter
525 1608 586 1670 alia
595 1609 777 1689 ingenitam,
828 1611 951 1666 cuntm.
961 1607 1221 1688 Quaamagnitudo
1227 1610 1334 1690 utique
1339 1612 1482 1691 primitus
1487 1631 1601 1693 magna

38 1713 112 1775 quam
125 1716 254 1777 personae
270 1700 493 1780 proprietatem
511 1701 626 1781 alloqui
639 1700 779 1767 catholici
829 1704 875 1759 est
886 1698 1045 1778 mrdtoque
1054 1701 1252 1763 excellentius
1261 1720 1360 1781 quom
1377 1721 1413 1764 ea
1429 1723 1499 1783 qua
1509 1707 1602 1785 parti-

38 1788 147 1868 theologi
166 1793 365 1854 constituunt.
392 1793 452 1855 Sed
474 1793 542 1855 haee
563 1794 597 1854 in
624 1794 688 1855 Deo
712 1794 779 1873 ipso
828 1790 980 1869 cipatione
996 1791 1062 1869 ejus
1080 1800 1294 1873 magnasunt.
1319 1796 1399 1856 Deua
1413 1803 1519 1858 autem
1528 1799 1602 1877 quia

38 1880 106 1941 nulla
116 1882 256 1945 distinctio
280 1892 343 1961 θεῖ,
369 1891 403 1946 ut
421 1891 453 1947 et
470 1886 634 1966 Dionysius
656 1887 780 1965 egregie
828 1900 893 1943 non
906 1901 943 1944 ea
957 1884 1172 1962 magnitudine
1185 1903 1317 1964 magnus
1335 1894 1381 1947 est
1397 1907 1466 1967 qua
1477 1908 1541 1949 non
1556 1897 1602 1951 est

39 1973 171 2035 mufirmat
178 1977 350 2055 praesertim
362 1978 396 2038 in
408 1978 488 2039 libro
507 1977 542 2038 de
550 1977 673 2040 [licinia
688 1979 781 2040 nomi-
828 1976 913 2054 quod
927 1980 973 2037 θεῖ
980 1975 1059 2055 ipse,
1071 1982 1107 2037 ut
1118 1978 1205 2056 quasi
1219 1978 1371 2057 particeps
1387 1980 1426 2041 sit
1441 1981 1508 2059 ejus
1521 1984 1601 2043 lleus

39 2063 116 2142 ulus,
126 2066 174 2128 nbi
182 2069 314 2149 explicat
322 2071 478 2150 quomodo
489 2071 643 2131 Βθιιεῖειε
652 2070 780 2150 pulcher
828 2086 900 2128 cum
909 2086 1041 2147 magnus
1055 2075 1111 2145 est,
1126 2070 1264 2149 alioquin
1281 2071 1335 2131 illa
1351 2072 1410 2131 erit
1425 2074 1525 2151 major
1538 2094 1602 2136 ma-

39 2160 312 2239 quumpulchritudo
328 2163 395 2242 ipsa
413 2163 549 2240 dicatur,
570 2164 691 2225 dilectio
705 2164 780 2225 item
828 2160 958 2238 gnitudo
975 2179 1070 2240 quam
1083 2162 1174 2223 Deus.
1190 2162 1254 2225 Deo
1273 2167 1379 2223 autem
1405 2183 1470 2225 nou
1489 2174 1535 2227 est
1549 2168 1603 2228 ali-

40 2266 66 2309 ac
76 2250 199 2329 dlectm,
214 2272 288 2334 quae
300 2254 455 2316 increatis
469 2255 611 2317 distincta
623 2254 734 2334 rebus,
746 2257 780 2318 in
828 2253 904 2332 quid
925 2254 1037 2333 majus.
1063 2255 1106 2315 Ea
1124 2255 1219 2333 igitur
1241 2256 1456 2334 magnitudine
1470 2277 1603 2339 magnus

40 2359 136 2403 summa
152 2347 293 2408 omnium
311 2365 401 2408 causa
423 2347 553 2409 minime
575 2348 672 2410 divisa
694 2356 777 2411 sunt.
828 2351 875 2406 θεῖ
893 2365 956 2425 qua
973 2352 1019 2407 θεῖ
1035 2347 1100 2426 ipse
1119 2347 1228 2408 eadem
1250 2349 1444 2427 magnitudo.
1473 2353 1511 2411 Et
1532 2355 1603 2416 ideo

41 2432 364 2519 quueinsequentihus
382 2440 531 2520 capitibus
549 2441 646 2502 1ιιε1ιιε
654 2442 693 2504 (1θ
706 2443 779 2504 reli·
829 2439 907 2499 sicut
920 2456 985 2499 non
1004 2438 1135 2499 dicimus
1153 2445 1215 2500 tres
1229 2441 1390 2518 essentias,
1413 2443 1456 2503 sic
1469 2463 1527 2505 nee
1541 2453 1604 2508 tres

41 2526 164 2606 quisquae
181 2532 332 2593 attributa
345 2514 494 2594 vocantur
507 2533 648 2614 exponit,
662 2553 733 2614 qua
746 2537 780 2596 in
828 2531 1069 2611 magnitudines.
1095 2533 1161 2594 Hoc
1180 2538 1227 2593 θεῖ
1245 2535 1330 2594 enim
1353 2534 1500 2597 Decesse
1520 2542 1604 2618 quod

40 2619 143 2681 mudum
157 2636 293 2701 mortam
302 2625 450 2686 declarari
469 2644 488 2685 a
507 2626 596 2687 nobis
613 2628 730 2704 solent,
745 2647 781 2692 ac
828 2642 980 2704 magnum
996 2642 1072 2685 esse.
1091 2625 1207 2686 Eadem
1224 2644 1315 2686 causa
1331 2643 1528 2707 neomagnos
1541 2638 1604 2694 tres

40 2716 89 2770 ῖθιε
103 2721 214 2786 datam
233 2717 265 2777 id
293 2723 340 2778 θεῖ
358 2715 577 2795 substantiales,
591 2738 685 2799 quam
702 2724 778 2784 aoei-
829 2716 959 2778 dicimus
977 2718 1031 2778 sed
1044 2735 1146 2777 unum
1160 2736 1326 2797 magnum,
1343 2720 1415 2797 quia
1433 2740 1498 2781 non
1511 2725 1605 2801 parti·

40 2800 124 2865 dentes
134 2809 333 2888 proprietates
345 2810 619 2889 complectitur,ut
627 2818 700 2874 sunt
711 2815 781 2875 auh
828 2809 981 2889 cipatione
994 2808 1218 2889 magnitudinis
1241 2812 1322 2871 Deus
1345 2829 1477 2891 magnus
1493 2817 1604 2878 estsed

40 2899 136 2973 ιῖεεῖῖε,
145 2901 213 2976 vita,
228 2902 366 2979 bonitas,
378 2908 606 2966 θεεθθθθιθῖθιε
619 2924 689 2986 quae
700 2908 781 2970 Deus
829 2920 862 2962 εθ
875 2902 942 2981 ipso
955 2919 1071 2980 magno
1085 2919 1218 2980 magnus
1241 2907 1303 2979 ast,
1321 2903 1394 2981 quia
1406 2904 1470 2982 ipse
1485 2923 1540 2966 sua
1559 2914 1605 2969 θεῖ

40 2994 74 3046 θεῖ
89 2988 154 3069 ipse.
172 2993 253 3054 Nihil
285 2994 371 3056 enim
396 2994 481 3056 aliud
507 3014 573 3058 esse
593 3005 623 3059 th
636 3007 665 3060 εν
685 3018 780 3078 quam
829 2993 1021 3073 magnitudo.
1038 2994 1104 3054 Hoc
1118 3000 1149 3054 et
1171 2994 1210 3054 de
1233 2993 1370 3055 bonitate
1384 3000 1416 3055 et
1429 2997 1467 3056 de
1481 3001 1603 3059 aeterni-

14 3130 18 3135 .
39 3077 145 3157 bouum,
155 3091 184 3146 et
195 3093 365 3168 utrumque
380 3087 459 3148 nihil
474 3088 558 3150 aliud
570 3107 666 3170 quam
683 3099 780 3169 otetav,
829 3092 892 3147 tate
905 3087 983 3147 etde
997 3085 1222 3164 omnipotentia
1236 3085 1291 3145 Dei
1305 3086 1422 3147 dictum
1438 3089 1491 3165 sit,
1505 3092 1605 3152 omni-

39 3168 188 3254 bcnitatcm,
204 3180 312 3256 utam,
323 3179 504 3260 sapientiam
514 3191 539 3241 ⁰.
829 3178 949 3258 busque
970 3177 1100 3238 omnino
1123 3177 1371 3257 praedicamentis
1394 3198 1465 3259 quae
1484 3181 1522 3243 de
1541 3184 1604 3245 Deo

70 3266 122 3326 t'll.
135 3270 241 3332 Gracia
250 3272 431 3333 auctoribus
447 3291 560 3353 paucos
576 3275 782 3338 elatinisad·
829 3276 958 3352 possunt
982 3269 1211 3350 pronuntiasti.
1241 3291 1256 3329 ι)
1295 3271 1414 3345 Quibus
1438 3273 1605 3353 Augustini

36 3354 779 3446 jungantquiqualitatesinlleonullasagnoscunt,
830 3365 931 3427 verbis
952 3363 1045 3425 etiam
1072 3363 1126 3424 illa
1152 3363 1231 3424 ratio
1260 3365 1435 3425 continetur
1464 3385 1525 3447 qua
1550 3369 1605 3430 Dei

38 3450 79 3509 scd
93 3453 231 3535 quidquid
249 3458 287 3517 in
307 3456 415 3517 creada
437 3458 530 3519 rebus
550 3457 589 3518 ab
612 3459 782 3523 ειὼεῖιιεῖῖθ
830 3455 1058 3538 simplicitatem
1080 3461 1172 3517 antea
1195 3456 1410 3536 probavimus,
1435 3459 1518 3537 quod
1545 3461 1605 3523 nisi

39 3538 165 3606 divumm
177 3554 237 3625 θεῖ,
248 3549 352 3630 ipsam
363 3548 396 3609 in
409 3551 472 3612 Deo
483 3551 550 3629 ejus
559 3569 623 3613 case
638 3552 780 3615 substan-
831 3554 911 3613 Deus
933 3568 990 3611 sua
1011 3549 1077 3628 ipse
1099 3548 1281 3629 magnitudo
1303 3549 1353 3610 vel
1372 3549 1494 3612 bonitas
1507 3559 1602 3632 esset,

37 3632 95 3695 fian
106 3647 246 3703 amarunt.
831 3662 887 3724 per
903 3642 1019 3721 aliquid
1033 3640 1117 3702 aliud
1131 3642 1214 3720 quod
1237 3660 1303 3703 non
1324 3648 1370 3703 est
1388 3643 1453 3722 ipse
1467 3645 1606 3726 adeoque

66 3729 228 3796 Ambrosius
247 3734 286 3796 in
309 3734 411 3815 primo
427 3735 507 3795 libro
530 3733 566 3797 de
583 3735 660 3798 Fide
684 3739 782 3819 capite
831 3737 989 3798 diversum
1012 3734 1050 3795 ah
1073 3752 1107 3795 se
1130 3752 1263 3814 magnus
1287 3740 1367 3796 esset
1389 3754 1425 3796 ac
1443 3735 1554 3799 boum.
1571 3741 1606 3801 ld

38 3821 158 3898 septimo:
183 3848 199 3885 c
218 3829 320 3889 Deum
340 3827 384 3888 ait
405 3835 524 3890 natrnae
549 3828 695 3909 simplicis
717 3850 783 3892 θεεθ
831 3834 936 3890 autam
950 3826 1037 3906 cujus
1050 3826 1283 3906 participatione
1306 3845 1438 3906 magnus
1456 3834 1487 3889 et
1504 3829 1606 3893 bonus

38 3926 86 3971 εεε
104 3917 269 3996 conjunctas
297 3924 389 3999 stupe
418 3921 610 4002 composita,
635 3923 685 3982 cui
704 3923 783 3984 nihil
832 3926 924 3998 esset,
940 3920 1091 3999 majasco
1105 3923 1185 3979 esset
1202 3937 1238 3980 ac
1256 3919 1378 3980 melius.
1390 3921 1506 3997 Quare,
1523 3928 1558 3982 ut
1571 3925 1605 3984 in

37 4007 325 4082 contumacium
334 4013 418 4091 quod
427 4013 568 4074 divium
578 4014 784 4077 estinnatum
832 4013 973 4095 sequenti
991 4012 1090 4091 capite
1109 4011 1236 4090 repetit,
1255 4032 1272 4069 ι(
1285 4012 1353 4072 hac
1370 4012 1503 4073 'lhinitas
1523 4033 1606 4077 ιιειιε

38 4092 126 4160 habeat
139 4119 232 4164 sua.»
248 4106 290 4166 Et
300 4104 380 4166 libro
396 4105 505 4185 quinto
521 4107 619 4186 capite
639 4108 730 4190 teptio
744 4108 783 4171 de
833 4109 914 4169 Deus
927 4106 1005 4166 εἰθιιῖ
1018 4104 1130 4164 maun
1147 4121 1294 4181 magnus,
1316 4102 1431 4181 bonus,
1454 4110 1603 4185 aeternus,

37 4186 784 4278 muumperfeecioneloquensqusmhomnibus
833 4198 1045 4278 omnipotens,
1075 4195 1159 4256 idem
1187 4195 1252 4274 ipse
1274 4195 1318 4256 sio
1340 4214 1397 4256 sua
1419 4195 1479 4256 dici
1505 4204 1607 4276 potest

37 4286 360 4366 llffl'ipaithisverhis
368 4290 516 4365 Christus,
529 4290 633 4351 Estote
641 4291 780 4372 perfecti,
832 4292 947 4366 deitas,
962 4290 1028 4369 ipsc
1042 4306 1099 4348 sua
1112 4289 1311 4367 magnitudo,
1322 4289 1389 4368 ipae
1402 4307 1459 4350 sua
1472 4289 1604 4369 bonitas,

36 4371 95 4434 ε’θεῖ
110 4386 137 4438 et
157 4380 251 4443 Pater
275 4390 369 4444 vester
390 4382 512 4444 calcatio
529 4382 678 4464 perfectus
697 4384 758 4445 θεῖ’
772 4405 784 4449 .·
833 4384 898 4463 ipse
920 4400 977 4443 sua
999 4381 1170 4455 aeternitas,
1196 4380 1261 4461 ipse
1283 4399 1340 4441 sua
1354 4381 1604 4460 ,omnipotentia

37 4462 785 4556 ffle.inqnt,seeunaumplenauainemmaj0sass
833 4476 907 4555 qus
920 4476 985 4554 ipse
1000 4473 1057 4534 sni
1071 4478 1118 4533 est
1135 4472 1252 4549 unias,
1276 4474 1389 4548 aeras,
1405 4474 1604 4553 magnitudo,

35 4573 84 4619 δεῖ
95 4564 240 4641 perfectus
259 4573 320 4645 est,
343 4586 400 4630 nos
416 4574 521 4629 autem
539 4568 662 4647 perlecti
679 4587 785 4631 secun·
833 4568 970 4640 bonitas,
995 4565 1230 4645 omnipotentia.
1255 4586 1271 4623 a
1304 4565 1441 4643 ldipsum
1460 4567 1542 4627 etin
1562 4585 1607 4629 se-

35 4649 217 4720 immtatis
225 4660 392 4722 accidentis
400 4661 582 4740 profectum.
834 4659 1000 4739 quentihus
1013 4658 1100 4718 libris
1112 4654 1275 4733 inculcat‘,
1291 4663 1322 4718 ct
1341 4675 1380 4718 ex
1396 4676 1433 4719 eo
1450 4657 1502 4719 alii
1517 4659 1605 4720 dein·

64 4744 346 4826 Augustinusitem:
365 4774 381 4813 ε
397 4753 434 4814 ln
449 4754 557 4831 rebus,
579 4752 696 4832 inquit,
714 4771 785 4833 quae
833 4770 905 4834 ceps
926 4751 1061 4814 mutuati
1078 4758 1168 4828 sunt,
1190 4755 1227 4812 ut
1239 4754 1346 4811 auctor
1359 4750 1511 4812 sermonis
1522 4751 1606 4813 illius

61 5062 74 5104 0
88 5052 160 5110 Dm.
171 5055 209 5113 de
221 5058 290 5113 Dlv.
305 5073 384 5114 nom.
396 5073 422 5114 c.
435 5073 474 5114 lv.
486 5058 521 5112 'lh
533 5057 560 5113 δὲ
570 5058 656 5123 καλὸν,
668 5058 710 5111 καὶ
720 5058 781 5112 κάλ·
833 5055 890 5130 χὰς,
902 5057 944 5108 sal
957 5055 1094 5127 μετέχοντα
1105 5057 1267 5126 διαιροῦντες,
1279 5055 1356 5109 καλὸν
1369 5055 1412 5126 plu
1425 5049 1487 5108 εἶναι
1497 5054 1603 5126 λέγομεν

34 5130 239 5210 haemeraeo
264 5137 304 5194 aa
325 5144 369 5208 τῆς
393 5138 417 5194 tv
441 5139 477 5194 to
499 5140 531 5195 τὰ
549 5142 596 5195 ὅλα
613 5142 783 5213 συνειληφὼς
832 5140 861 5194 th
872 5139 979 5199 κάλλους
991 5137 1110 5209 μετέχον,
1130 5137 1221 5198 κάλλος
1232 5138 1259 5191 δὲ
1271 5136 1314 5204 ιήν
1334 5135 1442 5210 μετοχὴν
1454 5140 1498 5190 τοῦ
1509 5137 1602 5192 καλλε-

36 5212 105 5280 ιζῐίῦῖ·
117 5226 194 5277 ταῦτα
204 5222 255 5296 γὰρ
267 5220 307 5278 aa
319 5222 367 5295 μὴν
379 5230 429 5278 τῶν
445 5223 523 5278 ὄντων
542 5223 657 5278 ἁπάντων
668 5223 702 5286 εἰς
713 5243 784 5297 μετο-
832 5227 904 5277 amat
915 5227 965 5276 τῶν
978 5221 1044 5274 ὅλων
1055 5219 1139 5273 καλῶν
1152 5218 1241 5281 αἰτίας.

54 5468 125 5530 Mus.
135 5486 201 5521 m.
213 5476 264 5522 tw.
275 5477 301 5522 io
312 5475 519 5532 tvm-tuaac.
530 5477 553 5521 5.
568 5476 727 5533 ta-tlug.
740 5475 781 5521 lib.
797 5476 822 5519 V.
839 5474 866 5522 dc
882 5475 944 5521 aas.
960 5486 1010 5531 cap.
1028 5486 1049 5519 ιι.
1065 5471 1116 5517 vido
1132 5477 1156 5516 ct
1170 5470 1237 5527 epist.
1254 5469 1455 5517 ar.-tusxima
1470 5468 1494 5515 in
1511 5470 1552 5517 lib.
1567 5471 1603 5516 Vl.

35 5541 73 5588 “t-
84 5547 111 5581 ιι
122 5538 251 5585 ultavit.
263 5550 312 5597 asp.
325 5551 341 5585 1.
350 5545 409 5586 ctu.
419 5544 444 5584 ct
454 5538 495 5584 tlt.
507 5539 564 5585 1111.
577 5551 626 5597 cap.
637 5550 653 5584 ι.
