3956 6168
363 372 423 431 aaa
867 371 1191 435 THEOLOGICQRUM
1221 371 1437 434 DQGMATUM

363 534 656 615 consultationisque
670 536 755 598 velut
767 538 932 614 terramus,
947 539 1007 599 hoo
1020 544 1066 600 est
1078 557 1132 598 vo·
1183 555 1310 618 proram
1327 537 1495 598 assentitur
1513 537 1650 597 maxime
1671 536 1707 596 iu
1721 535 1850 614 dialogo
1862 542 1946 603 sexto,

363 627 466 687 luntas
481 627 557 707 ipsa,
578 630 621 689 sic
637 635 786 709 tanquam
804 630 1003 709 inquisitione
1021 630 1135 692 delibe-
1183 629 1238 689 ubi
1251 630 1306 691 Dei
1319 630 1432 691 Filium
1444 651 1460 685 ιι
1471 629 1569 708 ipsam
1583 629 1628 688 ait
1642 646 1708 688 esse
1718 629 1785 688 vim
1800 626 1946 707 perquam

363 719 543 799 rationeque
555 720 628 798 fixa,
646 728 682 783 ut
695 723 729 783 in
742 723 853 784 creatis
867 723 960 785 rebus
971 724 1135 785 moliendis
1183 721 1291 783 efficax
1302 722 1343 783 ad
1354 740 1390 783 ea
1401 721 1508 782 omnia
1515 738 1586 800 quae
1597 720 1679 781 facta
1691 719 1854 781 molienda
1863 721 1945 780 {nitet

364 829 430 871 non
439 812 588 873 naturalis
596 813 787 893 intelligatur
796 815 1136 891 necessitas,sedlibera
1184 820 1230 875 est
1246 820 1277 875 et
1293 814 1353 876 erit
1373 812 1496 887 rator,
1521 835 1537 869 ο
1566 813 1837 891 quemadmodum
1856 814 1948 874 artifex
1975 868 1976 889 ,

365 902 474 981 suique
495 903 575 982 juris
598 906 694 965 arumi
723 925 759 967 ac
788 905 954 968 voluntatis
983 907 1133 969 inductio.
1184 925 1249 967 non
1258 906 1347 967 aliter
1360 904 1512 966 suceartis
1525 921 1630 984 opera,
1652 920 1749 983 quam
1770 922 1872 964 manu
1888 923 1946 983 pro

365 994 558 1075 Quapropter
572 997 605 1058 in
620 997 700 1058 libro
715 1003 825 1078 qrrarto
843 1000 898 1060 Dei
910 1001 1008 1075 Patris
1027 1000 1137 1062 vulun-
1184 999 1262 1079 pria,
1284 997 1562 1075 exerdtationcque
1585 1015 1621 1057 ac
1640 996 1796 1076 sapientia
1809 996 1946 1057 fabrican-

366 1090 461 1147 tatem
480 1087 579 1167 ipsam
592 1089 704 1151 diserte
722 1091 765 1151 ait
785 1091 819 1151 in
833 1091 954 1153 Ghrmto
972 1093 1082 1168 inesse,
1098 1112 1136 1154 er
1184 1092 1278 1171 dique
1302 1090 1413 1170 peritia
1436 1089 1565 1169 perficit.
1589 1109 1606 1145 ιι
1627 1090 1678 1149 Sic
1691 1090 1786 1163 Deus,
1803 1089 1946 1168 inquitet

366 1180 534 1256 quostiam
546 1184 679 1243 ostendit
691 1202 757 1244 non
767 1184 857 1244 ilium
868 1184 1026 1245 voluntate
1040 1187 1137 1246 Patris
1186 1184 1274 1244 Pater
1288 1200 1492 1263 quacumque
1506 1180 1671 1241 conditrice
1684 1180 1852 1241 efficientia
1863 1179 1945 1243 incur

367 1287 432 1331 esse
446 1273 643 1350 productum,
657 1275 827 1353 quenula
841 1275 900 1336 nisi
912 1277 946 1336 in
960 1277 1026 1356 ipso
1040 1278 1137 1339 Patris
1184 1274 1327 1351 voluerit,
1347 1292 1402 1354 per
1422 1274 1533 1334 Filium
1555 1278 1707 1351 tanquam
1725 1272 1944 1351 vimproprisn

367 1367 412 1422 est
423 1363 576 1426 voluutas.
592 1366 751 1427 Athanasii
760 1368 875 1442 locum,
886 1368 960 1447 quia
974 1374 1004 1429 et
1016 1370 1056 1430 ad
1068 1389 1137 1432 rem
1184 1367 1304 1430 efficiet.
1330 1367 1436 1446 ltaque
1454 1365 1577 1427 divinus
1596 1364 1673 1425 iliud
1690 1364 1793 1424 David
1809 1364 1944 1425 sciensi'a

367 1459 484 1532 spectat
493 1461 524 1516 et
536 1462 582 1517 est
590 1457 982 1520 luculentissimusaocum
994 1460 1138 1540 Augusti·
1185 1460 1260 1520 lium
1286 1478 1350 1520 esse
1375 1459 1531 1519 viventem
1557 1476 1593 1517 ao
1618 1457 1841 1517 subsistentem
1866 1458 1943 1517 Patris

367 1546 461 1607 niano
481 1548 535 1609 illo
557 1550 697 1628 proxime
721 1550 812 1611 citato
832 1569 958 1630 prorsus
981 1555 1134 1632 congruit,
1185 1549 1940 1630 efficientiamatquevim,orabatdieens⁰:iiuada

367 1656 431 1697 nou
445 1638 500 1699 abs
513 1641 597 1701 rasit
614 1642 797 1703 adscribere.
818 1664 832 1699 ιι
847 1643 1007 1719 Quocirca,
1022 1645 1134 1725 inquit,
1186 1642 1274 1719 Deus,
1297 1643 1406 1704 virtuti
1420 1650 1508 1703 tacca‘.
1534 1663 1550 1697 ο
1582 1641 1631 1701 Sic
1650 1640 1684 1701 in
1707 1641 1832 1701 decimo
1852 1642 1941 1721 quinta

368 1729 422 1789 Dei
442 1732 585 1793 voluutas
603 1752 697 1812 qurum
715 1735 777 1795 sive
798 1735 836 1795 de
859 1737 1048 1813 regeneratis
1068 1756 1134 1799 om·
1188 1735 1215 1796 T
1212 1735 1421 1797 hesaurorum:
1450 1756 1466 1791 c
1487 1734 1532 1794 Qb
1551 1733 1585 1793 id
1601 1732 1938 1795 dextrumetbrachiun

367 1822 469 1899 nibus,
488 1825 551 1885 sire
563 1825 604 1891 ,de
623 1828 718 1887 semel
735 1828 866 1888 conditis
883 1828 988 1903 habet,
1006 1830 1085 1890 inest
1103 1832 1136 1892 in
1185 1828 1238 1888 Dei
1250 1828 1406 1889 nominari
1415 1827 1469 1886 ait.
1484 1825 1515 1886 Si
1530 1825 1656 1904 quidem
1670 1825 1779 1885 omnia
1791 1842 1847 1903 per
1857 1826 1939 1904 ipsiu

367 1914 468 1974 Verbo
480 1917 514 1977 in
528 1936 590 1996 quo
603 1923 633 1977 ct
647 1937 718 1998 quae
732 1920 798 1979 visa
813 1926 886 1980 sunt
901 1921 1007 1981 omnia
1017 1921 1088 1982 iacit
1101 1941 1136 1984 ac
1184 1919 1280 1981 veluti
1301 1938 1357 1999 per
1376 1935 1508 1979 manum
1529 1914 1710 1996 operabat.
1739 1936 1755 1972 ο
1793 1916 1830 1976 in
1849 1924 1939 1996 qanrto

366 2014 539 2084 regenerat.
549 2010 649 2089 Atque
658 2011 718 2070 hoc
725 2011 839 2072 iterum
849 2012 1012 2090 Apostolus
1023 2014 1137 2075 iudicat
1185 2030 1257 2073 vero
1295 2010 1487 2091 Dicloqorum
1523 2008 1646 2089 planius
1680 2009 1724 2069 uit
1757 2027 1818 2087 per
1848 2009 1938 2068 Fdiun

366 2099 502 2160 scribens
513 2100 552 2161 ud
569 2101 828 2163 Thessalonicenses
838 2122 849 2162 .·
863 2101 935 2164 Hoec
945 2111 988 2163 est
1000 2105 1076 2165 enain
1089 2125 1137 2167 co-
1184 2104 1291 2164 0mnia
1301 2120 1465 2183 procreare
1479 2103 1601 2162 Patrem
1623 2099 1737 2160 «velut
1750 2119 1811 2179 per
1823 2101 1937 2162 t'erbun

366 2188 462 2251 luntas
475 2192 534 2253 Dei
542 2194 574 2253 io
587 2192 705 2256 (bristo
716 2195 788 2255 lesu
801 2214 872 2275 erpa
884 2214 932 2256 cos
943 2194 964 2254 ¹.
978 2197 1048 2257 Jam
1062 2217 1136 2259 vcro
1184 2202 1215 2256 et
1227 2196 1411 2276 sapientiam
1422 2199 1454 2254 et
1467 2194 1625 2268 virtutem,
1647 2211 1716 2270 quae
1738 2193 1823 2253 inest
1839 2194 1934 2272 ipsit·

366 2282 392 2341 si
412 2283 446 2342 in
471 2302 533 2363 quo
556 2284 638 2359 facit,
665 2287 699 2347 in
720 2288 788 2366 ipso
808 2292 904 2347 estet
926 2288 1080 2365 voluntas,
1102 2292 1136 2352 in
1183 2288 1264 2362 Quid
1281 2294 1327 2349 est
1343 2292 1448 2348 autem
1463 2285 1547 2345 aliud
1559 2293 1709 2366 tcpthuoe
1721 2284 1934 2355 inastinPatu,

367 2374 486 2436 Christo
498 2383 603 2437 auum
620 2378 701 2438 inest
715 2379 810 2439 Patris
826 2378 978 2455 voluntas,
998 2399 1136 2459 quonam
1184 2380 1244 2440 nisi
1257 2379 1408 2441 efficiendi
1419 2379 1465 2438 vis
1476 2383 1508 2438 et
1521 2374 1772 2456 omnipotentia?
1976 2368 1977 2449 ξ

366 2467 624 2544 pactoroluntate
634 2470 685 2530 ille
699 2476 871 2549 potestesse
884 2471 1001 2532 tactus?
1011 2473 1043 2533 Si
1052 2475 1135 2536 enim
1224 2473 1341 2533 [trusus
1364 2471 1444 2532 libro
1467 2467 1602 2530 secundo
1637 2470 1670 2528 iu
1700 2467 1844 2529 locassem
1860 2471 1935 2549 capte
1976 2460 1977 2473 ¹

367 2558 460 2619 etiam
474 2560 538 2639 ipse
550 2560 720 2636 voluntate,
736 2567 835 2623 utros
846 2563 954 2639 dicitis,
970 2570 1016 2625 est
1026 2566 1134 2644 iactus,
1184 2563 1292 2642 quinto
1306 2564 1418 2624 Filium
1436 2562 1577 2622 nominat
1598 2560 1694 2621 uicum
1710 2568 1742 2620 et
1756 2559 1934 2623 subarata·

253 2682 258 2691 -
367 2669 489 2711 necesse
511 2658 557 2712 est
577 2653 770 2715 voluntatem
786 2655 824 2715 dc
847 2674 884 2717 eo
909 2664 1083 2737 susceptam
1102 2661 1135 2720 in
1185 2654 1291 2717 Patris
1319 2652 1528 2716 ulcerarent.
1557 2653 1594 2713 Et
1608 2652 1718 2713 eodem
1743 2658 1835 2713 vocat
1853 2656 1935 2728 ὄαρον

366 2741 427 2802 alio
441 2744 577 2823 quodam
589 2745 684 2805 verbo
696 2753 848 2821 constare,
865 2765 921 2826 per
932 2750 1016 2826 quod
1028 2755 1059 2810 et
1071 2751 1135 2829 ipsc
1184 2753 1337 2829 ἃνεργηιιιὴι
1353 2747 1449 2807 Patris
1470 2746 1532 2805 uim
1559 2746 1652 2825 ipsam
1673 2744 1858 2823 effectum,
1870 2744 1936 2802 uude

366 2834 406 2895 sit
416 2834 524 2896 factus.
537 2838 789 2899 Demonstratum
800 2839 885 2899 enirn
897 2846 943 2899 est
956 2841 1010 2901 Dei
1023 2842 1134 2903 volun·
1184 2828 1351 2913 concludit,
1367 2854 1433 2899 nou
1446 2838 1533 2916 prius
1546 2855 1637 2916 agere
1653 2837 1816 2916 quippiam
1837 2837 1936 2895 raum

365 2931 462 2987 tatem
475 2945 540 2988 non
556 2929 590 2989 iu
601 2930 639 2989 iis
650 2948 715 2990 csse
731 2949 801 3010 quae
813 2931 905 3006 fiunt,
917 2932 1016 2993 sedin
1030 2952 1067 2994 co
1080 2952 1136 3013 per
1184 2932 1268 3012 quod
1296 2932 1436 2993 imitetur
1458 2931 1671 3009 exprimatque
1685 2930 1791 3005 Filius,
1811 2929 1878 3009 quis
1886 2946 1936 2987 uun

365 3036 460 3098 quem
469 3025 500 3080 et
510 3020 542 3080 in
552 3039 613 3100 quo
624 3027 725 3082 creata
734 3023 814 3082 fiunt
823 3023 987 3084 omniur.»
999 3025 1055 3086 Hic
1063 3044 1135 3087 eum
1184 3025 1244 3085 nisi
1257 3043 1312 3104 per
1325 3023 1509 3084 efficientem
1527 3023 1591 3083 rim
1613 3040 1702 3083 suam
1720 3022 1794 3083 iacit
1809 3019 1937 3100 meque

365 3109 399 3171 in
422 3112 524 3172 Verbo
543 3114 598 3174 Dei
617 3114 810 3175 voluntatem
832 3116 931 3175 inesse
954 3116 1037 3193 dicit,
1057 3118 1136 3179 nihil
1185 3117 1260 3197 quid
1272 3117 1400 3177 demum
1410 3114 1491 3175 tacit.

365 3201 449 3263 aliud
460 3204 612 3282 siguificat
623 3224 719 3285 quam
730 3207 815 3285 quod
828 3207 907 3267 libro
915 3209 1006 3268 tertio
1017 3210 1133 3287 docmt,
1223 3209 1271 3270 Ad
1278 3208 1389 3269 haecin
1400 3206 1582 3286 fragmentis
1600 3206 1671 3267 libri
1685 3207 1739 3267 Vli
1750 3206 1859 3267 etvtu
1868 3220 1935 3265 con·

365 3295 504 3355 Verbum
522 3297 621 3376 ipsam
643 3298 699 3359 Dei
719 3316 784 3359 esse
802 3299 1006 3376 voluntatem,
1021 3300 1084 3362 sivo
1100 3308 1137 3363 ut
1184 3300 1409 3363 mcutariorum
1420 3298 1791 3360 eorumdeminlouarem
1805 3298 1935 3359 aarum

365 3384 399 3444 iu
419 3386 531 3447 scholis
555 3389 737 3467 loquuntur,
763 3388 944 3468 volitantem,
966 3410 1037 3470 quae
1063 3393 1136 3471 quia
1184 3392 1228 3453 ait
1240 3393 1375 3472 seipsum
1388 3390 1544 3471 appellare
1569 3412 1585 3447 ιι
1603 3387 1936 3469 omnipotententmis

366 3478 509 3538 omnium
521 3480 723 3556 esteffectrix,
740 3482 868 3562 ipsaque
879 3483 955 3543 adeo
967 3484 1014 3544 vis
1024 3486 1137 3563 agendi
1184 3484 1344 3546 dexteram
1358 3501 1396 3544 eo
1408 3483 1493 3562 quod
1507 3482 1613 3543 omnia
1624 3500 1682 3561 per
1700 3482 1804 3561 ipsum
1814 3485 1936 3561 operum

366 3574 397 3629 et
410 3570 633 3650 omnipotentia
644 3574 711 3651 Dei,
726 3574 799 3652 jure
812 3575 961 3655 suspicari
970 3575 1052 3652 licet,
1063 3578 1137 3638 Ver·
1185 3578 1284 3645 Pater,
1308 3575 1481 3656 cujusmodi
1504 3580 1577 3635 suut
1597 3579 1629 3634 ct
1647 3592 1719 3654 quse
1744 3592 1801 3654 per
1828 3587 1935 3634 mmnn

365 3660 442 3721 bum
452 3661 492 3722 ab
504 3664 669 3725 Athanasio
681 3667 846 3745 ipsammet
860 3668 914 3727 Dei
924 3668 1022 3728 Patris
1037 3669 1137 3729 omni·
1184 3674 1323 3730 nostram
1335 3686 1354 3728 a
1364 3667 1455 3728 nobis
1467 3666 1675 3728 efficiuntur.
1689 3667 1800 3727 Manus
1809 3662 1935 3727 euinbei

366 3755 536 3834 potentiam
550 3755 692 3818 habitum
704 3758 810 3819 tuisse.
1183 3761 1363 3840 simpliciter
1383 3760 1496 3821 dicitur
1514 3759 1561 3819 ris
1579 3764 1611 3820 et
1620 3764 1756 3838 potestas
1767 3752 1937 3819 omnnnei

406 3847 456 3909 Vi.
481 3848 612 3927 Cyrillus
630 3851 706 3913 item
726 3850 954 3913 Alexandrinus
970 3851 1136 3913 Athanasio
1183 3851 1314 3915 fectrix¹¹
1329 3873 1345 3911 ο
1360 3852 1445 3913 addit
1455 3851 1549 3913 idern.

402 4067 423 4107 a
441 4052 546 4109 Aratu.
562 4052 609 4110 tib.
624 4053 670 4110 lv.
695 4052 788 4107 θῦιιοῦν
810 4054 824 4122 ἡ
848 4056 902 4127 περὶ
924 4054 1022 4109 πάντων
1043 4060 1093 4110 τῶν
1113 4075 1140 4110 τι
1189 4055 1324 4128 ιιατλρτὴν
1338 4047 1428 4126 ἕρόἴς
1442 4057 1471 4108 ἂν
1487 4052 1621 4122 ἐθελήσειεν
1634 4052 1756 4126 ἐνέργειαν
1774 4048 1934 4125 ὂνριωρῐιιλν.

366 4134 581 4208 ἀναγιννωρένοιν,
591 4137 632 4190 καλ
642 4142 691 4191 τῶν
703 4136 767 4200 ἅπαξ
782 4138 951 4210 γιγνομένων,
960 4143 1005 4192 τοῦ
1019 4139 1073 4193 θεοῦ
1083 4139 1140 4211 dci
1190 4138 1225 4200 ιὀς
1238 4137 1280 4191 διὰ
1293 4138 1419 4210 δυνάμιος
1440 4135 1501 4200 ἰδίας
1520 4138 1649 4203 ποιήσεται
1667 4140 1711 4190 τοῦ
1727 4136 1790 4190 οἱοῦ·
1805 4136 1846 4187 ni
1859 4129 1936 4204 pist

365 4219 436 4288 λησις
452 4217 476 4272 ἐν
491 4220 613 4292 τῷλόγῳ
628 4218 703 4287 ἐστὶν,
719 4219 743 4273 ἐν
758 4216 780 4292 ᾧ
793 4221 835 4274 καὶ
848 4220 881 4274 τὰ
895 4220 1000 4283 δόξαντα
1014 4225 1087 4287 ποιεῖ,
1101 4222 1142 4276 aci
1190 4221 1255 4283 θεῖος
1269 4220 1345 4273 aaut
1359 4219 1441 4282 ζῶσάν
1456 4238 1493 4282 τι,
1507 4216 1723 4273 saltuariorum
1738 4217 1852 4291 ἐνάργειάν
1865 4234 1895 4275 π,
1904 4215 1935 4265 fl

367 4300 499 4374 ἀναγεννᾷ·
516 4303 641 4357 καὶτοῦτο
655 4304 728 4357 πάλιν
740 4303 754 4356 ὁ
765 4302 904 4366 ἀπόστολος
918 4305 1031 4377 σημαίνει
1043 4307 1143 4378 γράρων
1191 4304 1291 4376 δύναμιν
1306 4306 1349 4358 τοῦ
1362 4304 1454 4375 πατρὸς
1469 4301 1539 4365 tibba
1552 4302 1594 4356 aba
1614 4302 1666 4355 aibr
1684 4302 1850 4371 αατηντιὸόλει
1864 4299 1933 4369 >spo

368 4383 402 4447 εἰς
424 4386 616 4454 θεσσαλονῑκην·
641 4389 714 4439 τοῦτο
733 4385 781 4459 γὰρ
802 4386 897 4459 θέλημα
921 4387 975 4440 θεοῦ
1000 4386 1024 4440 ἐν
1044 4389 1142 4460 Χριστῷ
1192 4385 1298 4441 ἔντειλαι
1311 4386 1325 4439 ὁ
1339 4386 1392 4447 θεὸς
1407 4391 1438 4458 τῇ
1453 4386 1554 4457 δυνάμει
1571 4404 1625 4439 σου.

368 4466 452 4537 Ἰησοῦ
465 4467 498 4531 εἰς
512 4466 683 4540 ὓμᾶς·εἰδὲέν
698 4464 720 4540 ᾧ
733 4470 809 4531 ποιεῖ’,
827 4466 850 4521 ἰν
863 4467 930 4541 αιίτῷ
944 4469 1012 4537 καὶὴ
1029 4470 1143 4541 βούλησίς
1228 4470 1250 4526 d
1267 4468 1346 4525 ldem
1360 4468 1390 4524 ill
1408 4467 1552 4524 Thesacr.
1569 4466 1615 4523 lib.
1631 4467 1690 4523 XV.
1702 4460 1933 4521 attremat&

368 4549 429 4615 ἔστι,
444 4553 485 4605 καὶ
501 4549 525 4605 ἐν
547 4552 644 4625 Χριστῷ
666 4550 716 4605 ἔστι
738 4551 767 4605 ab
788 4552 881 4624 θέλημα
894 4556 938 4607 aod
961 4553 1063 4626 πατρὸς,
1086 4560 1141 4616 πῶς
1192 4553 1234 4606 καλ
1249 4552 1357 4625 βραχίων
1372 4551 1518 4623 ὀνομάζεται
1532 4551 1597 4605 θεοῦ·
1612 4550 1693 4605 πάντα
1707 4550 1756 4623 γὰρ
1775 4551 1807 4603 δι’
1826 4544 1935 4609 stuata

369 4634 468 4689 δύναται
479 4636 521 4689 καλ
535 4633 606 4698 αὐτὸς
621 4633 645 4688 ἄν
660 4636 767 4705 θελήσει,
780 4636 820 4688 aut
835 4635 972 4708 βουλήματι
982 4637 1108 4708 paulatum
1121 4636 1143 4690 si
1193 4635 1234 4690 διὰ
1241 4635 1325 4707 χειρὸς
1339 4633 1477 4708 ἰργάζιται.

370 4717 417 4791 γὰρ
432 4719 471 4771 καλ
487 4717 559 4781 οὗτος
579 4716 604 4772 ἔν
626 4718 762 4790 βουλήματι
783 4717 836 4771 καθ’
850 4718 912 4790 ὑμᾶς
925 4720 1035 4791 γέγονεν,
1051 4718 1144 4793 ἀνάγκη
1230 4733 1245 4774 e
1263 4717 1350 4790 idem,
1367 4716 1433 4773 dial.
1450 4717 1496 4773 [V.
1530 4714 1576 4778 Ὣς
1595 4714 1638 4769 ut
1654 4716 1742 4789 λόγον,
1755 4717 1795 4769 καὶ
1806 4712 1894 4784 σοφίας.
1905 4708 1935 4760 ΰὶ

367 4801 408 4854 καὶ
420 4802 464 4870 τὴν
478 4801 532 4873 περὶ
548 4799 621 4855 αὐτοῦ
636 4800 748 4873 βαλληοιν
771 4800 795 4854 ἐν
818 4800 895 4873 ἑτέρῳ
916 4803 962 4855 τινὶ
975 4803 1046 4874 λόγῳ
1076 4803 1144 4857 cuut-
1194 4805 1238 4869 τῆς
1253 4799 1351 4869 ἐνούσης
1366 4799 1449 4874 ἰσχύος
1462 4798 1540 4872 abab.

369 4886 484 4955 cauetur,
500 4884 533 4938 δι’
548 4879 577 4937 οὗ
593 4884 634 4937 καλ
650 4884 722 4949 αὐτὸς
735 4885 853 4957 γίγνεται·
870 4886 988 4939 δέδεικται
1004 4886 1076 4958 γὰρὴ
1097 4891 1141 4940 ou
1232 4881 1252 4959 s
1267 4883 1355 4940 Idem.
1374 4882 1423 4940 lib.
1440 4883 1473 4939 ll.
1496 4886 1530 4939 ci
1545 4886 1631 4940 Joau.
1650 4882 1686 4935 Τὸ
1706 4885 1756 4946 ζῶν
1768 4900 1807 4945 τι,
1819 4880 1857 4932 καὶ
1869 4874 1937 4930 baad

376 4970 431 5023 θεοῦ
446 4968 560 5040 βοΰλησις
574 4967 620 5020 οὖν
633 4965 657 5021 ἔν
670 4969 722 5030 τοῖς
732 4969 886 5041 γιγνομένοις
900 4963 971 5032 oica,
988 4967 1044 5022 ἀλλ’
1060 4967 1085 5021 ἐν
1099 4974 1145 5041 τῷ,
1196 4967 1386 5040 στατονθέλημα
1399 4972 1443 5021 τοῦ
1457 4966 1557 5041 πατρὸς,
1566 4966 1716 5020 τοοτέατινὸ
1728 4964 1786 5028 υἱός.

374 5051 407 5105 δι’
422 5045 450 5105 οὔ
464 5052 505 5104 καλ
519 5048 544 5104 ἔν
558 5046 580 5122 ᾧ
593 5050 702 5123 γίγνεται
717 5050 748 5104 τὰ
757 5052 883 5121 ποιήματα
896 5051 985 5105 πάντα.
1231 5066 1252 5122 y
1271 5050 1358 5105 idem.
1390 5046 1498 5103 Ἑαυτὸν
1519 5050 1567 5121 γάρ
1577 5068 1637 5120 φησι
1654 5048 1699 5116 τὴν
1717 5046 1886 5115 mactum
1903 5042 1936 5091 ²³3

413 5135 429 5189 b
448 5135 542 5190 Crura.
562 5133 647 5196 Obana
661 5133 741 5187 uocia'
757 5135 785 5186 dr
800 5135 840 5187 aut
852 5133 960 5207 διἰναρις,
975 5130 1148 5207 δι’ἦςέντργδς
1196 5133 1289 5205 πατρὸς
1297 5131 1387 5198 δεξιὰν,
1397 5133 1431 5194 ὡς
1441 5134 1472 5185 δι’
1481 5131 1555 5185 αὑτοῦ
1562 5132 1643 5185 πάντα
1651 5124 1936 5204 aequaevum

375 5215 409 5280 εἰς
421 5220 470 5270 πᾶν
485 5217 509 5281 ὁ,
524 5222 592 5271 τιοῦν
609 5223 659 5272 τῶν
674 5218 844 5290 πεποιημένων
859 5217 959 5289 γέγονέν
977 5236 1013 5283 τε,
1028 5218 1069 5273 καλ
1085 5215 1146 5281 ἐστὶ,
1197 5216 1279 5278 ὣςιιαλ
1287 5216 1328 5269 διὰ
1337 5219 1381 5284 τῆς
1389 5215 1508 5288 ἡμετέρας
1515 5216 1598 5289 χειρὸς
1605 5214 1637 5268 ad
1645 5214 1703 5285 παρ’
1715 5213 1783 5286 ἡμῶν
1792 5210 1936 5282 ramam

373 5299 415 5352 καὶ
429 5299 508 5354 ἔσται.
1234 5298 1253 5354 lt
1272 5298 1342 5355 ibid.
1358 5299 1406 5352 uu
1422 5298 1507 5360 ἁπλῶς
1523 5299 1578 5372 χεὶρ
1592 5297 1740 5370 ὀνομάζεται
1751 5296 1801 5351 θεοῦ
1812 5294 1828 5361 ἢ
1841 5306 1938 5357 tm?

412 5396 427 5437 ο
445 5381 515 5439 ibid.
543 5384 613 5438 Κατὰ
630 5384 673 5438 τον
696 5381 780 5446 οὗτοι,
802 5376 884 5454 οἶμαι,
900 5382 977 5455 λόγον
999 5383 1013 5436 ὁ
1033 5383 1096 5446 Θεὸς,
1107 5383 1149 5436 καὶ
1198 5382 1253 5456 pud
1270 5380 1377 5455 ἕνέργειτι
1389 5383 1430 5435 καὶ
1443 5380 1522 5454 ἰσχύς.

401 5560 410 5602 t
425 5557 432 5601 1
447 5558 522 5603 rbus.
536 5557 652 5601 uid—i
663 5556 724 5602 Ρατλ
740 5568 807 5607 trau,
819 5554 853 5600 tt.
