3952 6170
358 365 407 426 DE
427 364 501 426 ulto
522 364 668 440 Deloue
687 364 1031 441 redemerimus,
1053 363 1125 427 ue.
1149 362 1206 438 ΙΙΙ,
1229 361 1312 423 CAP.
1336 360 1387 420 iv.
1610 358 1669 423 tte

85 532 121 595 αό
133 530 270 593 Tereum
283 531 419 607 Proelns,
437 530 492 595 uhi
507 531 660 593 interulis
673 529 795 593 differre
806 533 850 593 eit
897 531 969 593 libri
994 532 1117 611 septimi
1135 528 1364 611 quamplurimo
1386 528 1425 589 de
1450 527 1560 589 eodem
1579 544 1669 605 argu

86 623 222 704 hooquod
232 623 345 687 dicitu
356 642 468 705 semper
478 624 697 705 temporaleah
711 630 847 686 eterno:
897 630 1005 687 mento
1017 631 1048 686 et
1061 625 1174 686 eximie
1188 624 1330 705 pertexit,
1343 620 1538 700 ostenditque
1552 638 1625 681 eum
1635 622 1670 681 in

89 718 173 779 ιΗοο
196 716 280 779 enim
303 717 396 778 simul
421 722 452 777 et
477 717 640 779 confertim
664 723 710 779 est
733 722 846 795 totum,
897 719 1016 780 unitate
1029 719 1166 799 positum
1179 735 1254 793 esse,
1274 721 1343 779 tum
1364 733 1429 776 non
1455 713 1570 775 hahere
1584 713 1669 775 eliud

85 810 152 871 illud
174 827 246 870 vero
272 827 346 871 eum
367 814 433 870 tota
464 811 669 890 perpetrntate
700 812 849 891 temporis
896 818 989 892 atque
1007 812 1101 886 eliud,
1125 829 1226 891 neque
1246 808 1444 871 intervallum
1469 806 1595 885 aliquod
1612 825 1669 869 neo

85 902 247 965 extendar
268 902 491 982 infinitumque
507 908 573 965 est:
587 908 680 983 etque
701 904 762 964 hoe
783 904 849 984 qui·
896 906 1106 968 evolutionem
1121 910 1176 967 eut
1189 903 1412 978 extensionem,
1430 919 1496 963 non
1510 900 1596 979 prius
1614 905 1669 963 aut

85 996 148 1057 dam
161 996 194 1057 in
207 1013 245 1057 eo
265 996 351 1075 quod
365 1001 410 1057 est
429 1015 524 1069 nuno,
546 997 694 1072 eonsisfit,
714 996 848 1058 alterum
896 997 1081 1080 posterius².

84 1092 177 1151 eutem
193 1088 227 1148 in
242 1088 381 1167 quodem
402 1088 565 1150 mtervallo
579 1090 663 1169 quod
684 1108 848 1170 nunquam
936 1092 1117 1152 Plutarchus
1125 1090 1200 1151 item
1210 1089 1329 1151 inlihro
1339 1088 1377 1149 de
1388 1094 1432 1149 13⁸1
1444 1086 1526 1166 apud
1536 1084 1669 1166 Delphos

85 1181 186 1243 desinit
197 1187 229 1243 et
244 1199 370 1261 semper
383 1182 543 1243 enodet»
895 1183 1096 1246 hunoloeum
1105 1184 1248 1258 illustrat,
1264 1178 1669 1243 Deumessedieenssolum

119 1272 248 1335 Plotinus
261 1278 354 1335 seetae
368 1273 531 1336 Platonieoe
547 1274 730 1354 eorypheus
741 1274 847 1338 multis
896 1295 968 1337 eum
987 1277 1041 1356 qui
1064 1292 1139 1338 rere
1162 1276 1211 1351 sit,
1241 1275 1301 1336 hoo
1321 1274 1405 1335 enim
1426 1271 1576 1351 ejusmodi
1604 1288 1669 1333 esse

84 1367 112 1426 iu
133 1366 201 1427 loeis
220 1366 259 1427 de
273 1367 447 1427 eternitate
466 1367 520 1428 illa
537 1367 601 1427 sive
621 1373 692 1428 αἰῶνι
711 1368 764 1447 qui
783 1370 846 1431 Deo
899 1370 1162 1450 equodaeternum
1169 1368 1376 1445 estimatum
1383 1370 1414 1425 et
1421 1366 1666 1443 incorruptumt,

85 1460 193 1538 proprie
218 1461 382 1535 eonvenit,
408 1460 473 1520 imo
492 1461 575 1520 Deus
592 1464 649 1534 est,
674 1462 846 1524 orationem
878 1467 1018 1541 ¹tempus
1052 1481 1126 1522 vero
1154 1461 1277 1542 proprie
1307 1477 1372 1519 non
1404 1457 1549 1532 existere,
1581 1456 1669 1534 eujus

85 1551 211 1627 instituit,
230 1570 327 1631 quem
341 1552 435 1614 etiam
449 1551 588 1628 definitl,
603 1553 647 1613 ite
658 1558 693 1613 ut
708 1555 793 1615 evita
808 1556 846 1616 sit
895 1561 997 1635 partes
1009 1560 1083 1617 sunt
1095 1554 1288 1635 preteritum
1301 1558 1333 1612 et
1350 1550 1502 1623 futurum,
1518 1565 1588 1627 quae
1603 1565 1668 1608 non

84 1641 191 1703 infinita
219 1661 256 1703 eo
288 1644 357 1723 ipso
385 1645 469 1723 quod
496 1649 561 1705 tote
591 1644 685 1705 simul
709 1648 846 1708 censistit
895 1655 977 1709 sunt.
999 1649 1105 1729 ltaque
1127 1666 1192 1708 non
1215 1649 1345 1727 possunt
1364 1644 1430 1704 hee
1453 1642 1512 1703 diei
1530 1641 1569 1701 de
1593 1640 1665 1701 Deo.

85 1734 208 1814 nihilque
221 1736 350 1812 amittit,
366 1755 438 1797 eum
455 1737 534 1797 nihil
547 1737 731 1816 praeterierit
743 1739 793 1799 vel
806 1742 846 1801 sit
898 1742 984 1802 «Sed
1006 1746 1052 1801 est
1070 1743 1161 1815 Deus,
1184 1739 1210 1799 si
1226 1739 1270 1799 ite
1286 1737 1375 1815 loqui
1386 1734 1431 1797 ias
1452 1740 1509 1809 est,
1530 1739 1560 1795 et
1575 1739 1621 1795 eet
1634 1733 1668 1793 in

84 1825 218 1904 emron,
241 1828 361 1909 alioqui
384 1829 452 1908 jem
471 1834 537 1889 tota
557 1848 623 1890 non
641 1837 773 1891 σῶον.»
796 1834 845 1893 Sia
894 1833 980 1893 nullo
993 1838 1146 1912 tempore,
1168 1831 1269 1892 sedin
1283 1829 1454 1890 eternitate
1470 1826 1623 1887 immobih
1637 1831 1668 1887 et

43 1966 48 1973 .
85 1919 244 1997 psuloante
264 1922 346 1982 dixit
359 1929 438 1984 αἰῶνα
456 1922 628 1982 seeundum
643 1932 728 1985 στάσιν
749 1924 845 1986 idest
893 1925 1111 1999 indeclinabili,
1127 1925 1215 2004 eujus
1228 1923 1307 1984 nihil
1320 1927 1367 1982 est
1385 1921 1482 2000 prius,
1498 1919 1578 1980 nihil
1595 1937 1665 1999 pos-

84 2018 177 2072 αἰῶνα
196 2015 354 2093 usurpari,
373 2015 636 2093 quomadmodum
656 2020 779 2095 tempus
796 2035 842 2079 se-
891 2018 999 2093 terius,
1015 2036 1116 2097 neque
1129 2018 1280 2091 summm,
1297 2031 1398 2093 necque
1412 2012 1615 2092 preteritum,
1632 2031 1666 2073 ee

85 2103 205 2165 eundum
228 2111 365 2181 matrim,
388 2107 470 2167 etin
491 2107 608 2167 unitate
626 2108 791 2170 consistere
808 2129 844 2171 ae
892 2109 994 2170 solum
1007 2115 1054 2171 est
1064 2128 1120 2189 per
1133 2128 1166 2169 se
1183 2126 1293 2170 resera
1311 2125 1366 2166 ens
1379 2105 1463 2184 quod
1482 2103 1664 2182 nequefuit,

85 2195 190 2257 nahum
201 2198 340 2277 spatium
350 2205 405 2260 eut
418 2200 632 2261 extensionem
642 2199 790 2262 haberet
807 2203 844 2263 Et
892 2219 994 2281 neque
1004 2202 1146 2262 turturum
1157 2207 1213 2277 est,
1229 2218 1331 2279 neque
1345 2199 1447 2277 eoepit,
1464 2214 1566 2276 neque
1585 2197 1665 2257 desi·

85 2288 257 2351 hseenndo
279 2291 392 2370 eapite,
417 2290 506 2373 finem
527 2291 617 2352 illum
631 2298 720 2353 voest
734 2292 843 2355 indivi-
892 2298 1000 2354 turum
1014 2292 1094 2354 estl.
1109 2314 1124 2351 ιι

84 2378 169 2455 draeo,
179 2381 261 2462 cqjer
275 2383 378 2444 meeth
391 2392 459 2444 root
474 2384 505 2444 in
515 2392 653 2464 pendet.
666 2385 756 2458 Quod
769 2404 843 2448 sene
933 2386 985 2446 Est
999 2392 1029 2446 et
1044 2385 1189 2446 Numenii
1204 2383 1389 2464 Pythagorei
1406 2381 1615 2461 pulcherrima
1628 2381 1667 2443 de

85 2480 310 2537 mesentaneum
322 2482 369 2537 est
382 2477 409 2537 ei
423 2477 505 2556 quod
521 2495 560 2536 ex
575 2477 736 2539 Aristotele
750 2496 844 2559 supra
892 2479 1062 2539 eternitate
1083 2478 1138 2538 llel
1158 2477 1311 2538 sententia
1329 2475 1412 2556 apud
1435 2473 1600 2535 Eusebium
1618 2473 1668 2533 his

44 2602 48 2609 ·
84 2569 390 2643 commemoravimus,
416 2574 494 2630 αἰῶνα
512 2569 608 2630 finem
629 2587 693 2630 esse
707 2571 762 2649 qui
775 2570 844 2632 infi-
892 2569 1012 2631 verbis:
1026 2592 1041 2627 ιι
1052 2571 1124 2645 Ens,
1140 2570 1252 2648 inquit,
1269 2568 1307 2628 de
1322 2586 1359 2629 eo
1375 2568 1506 2646 loquens
1526 2565 1610 2645 quod
1622 2570 1668 2626 est

84 2657 197 2721 niuem
227 2678 360 2722 omnem
391 2659 637 2740 compleotitur¹.
669 2662 843 2725 Herennius
892 2660 994 2737 versi,
1011 2680 1113 2741 neque
1135 2667 1202 2722 eret
1219 2660 1386 2739 aliquando
1406 2677 1509 2738 neque
1531 2658 1590 2718 erit
1610 2656 1666 2717 eli·

85 2748 147 2810 item
164 2771 201 2813 ex
220 2754 333 2814 eedem
355 2753 491 2814 Platonis
511 2759 606 2813 seete:
632 2755 787 2816 «AEonem
801 2758 843 2817 ait
892 2756 1028 2833 quando,
1044 2755 1097 2815 sed
1112 2760 1157 2815 est
1171 2772 1293 2833 semper
1311 2755 1345 2813 in
1364 2752 1492 2813 definito
1513 2756 1664 2830 tempore,

84 2844 181 2919 metim
196 2845 358 2906 inlinitum
378 2862 454 2921 ease,
474 2846 589 2926 partim
606 2845 703 2907 finem
724 2866 759 2908 ee
779 2854 842 2909 ter·
892 2847 957 2906 solo
985 2864 1097 2926 nempe
1122 2846 1277 2926 presenti.
1306 2847 1371 2906 Hoo
1402 2845 1498 2923 igitur
1532 2859 1667 2922 presens

84 2935 198 2997 minum.
225 2939 307 2999 Nam
334 2944 488 3017 qrmtenus
510 2956 672 3016 nunquam
698 2939 843 3003 deficiens
892 2942 1014 3018 tempus
1039 2939 1158 3018 siquis
1185 2956 1306 3001 aeonem
1334 2935 1489 3017 appellare
1514 2935 1591 3009 vult,
1616 2952 1666 2995 me

84 3028 196 3089 attrita
211 3030 403 3109 prinoipium
417 3036 448 3092 st
462 3030 509 3091 vis
521 3031 758 3110 perpetuitatem
773 3050 843 3114 sup
892 3032 1018 3111 quidem
1043 3036 1168 3091 auctore
1196 3029 1315 3090 laeiet‘.
1325 3052 1339 3088 ν
1359 3030 1477 3090 Rursus
1498 3047 1505 3087 ε
1536 3048 1551 3083 ιι
1561 3028 1598 3086 Et
1612 3043 1667 3086 ens

84 3119 215 3197 editam,
231 3128 280 3183 est
293 3121 446 3183 infinitus.
464 3123 505 3183 Ut
519 3129 625 3184 autern
637 3141 784 3185 mensura
797 3132 843 3187 est
892 3129 1044 3184 eternum
1067 3128 1113 3183 est
1141 3142 1177 3184 ee
1203 3122 1321 3197 stabile,
1351 3139 1473 3201 semper
1498 3120 1532 3179 in
1557 3118 1667 3179 eodem

85 3210 266 3291 intelligdrilis
289 3214 394 3274 omnis
417 3216 606 3294 operationis
630 3234 666 3275 ao
689 3217 843 3279 terminus
891 3222 973 3278 stetu
987 3216 1217 3296 perseveraret.
1232 3236 1247 3273 ν
1264 3210 1602 3277 Moxnullaminillud
1615 3229 1665 3271 ee-

84 3300 142 3362 u‘te
164 3308 276 3369 mentis
302 3324 342 3367 ex
368 3307 431 3368 alto
456 3324 527 3368 eam
554 3309 744 3384 terminans,
771 3309 843 3371 finis
891 3309 965 3370 dere
978 3310 1184 3369 mutationem
1197 3307 1264 3368 ait:
1285 3307 1387 3386 oquin
1401 3305 1505 3385 potius
1522 3302 1666 3364 consistet

86 3393 176 3455 ‘'lif-¹>
892 3401 1067 3462 aodrmum
1076 3401 1136 3461 erit
1145 3405 1176 3461 et
1187 3399 1306 3473 stabile,
1320 3399 1430 3459 eodem
1441 3397 1534 3458 modo
1546 3412 1667 3473 semper

117 3488 161 3551 ΙΙΙ.
187 3490 306 3553 Rursus
332 3491 415 3553 idem
444 3491 583 3553 Plotinus
608 3493 717 3570 quinto
742 3494 841 3572 eapite
892 3491 1063 3555 habens¹.o
1079 3494 1251 3568 Quosensu
1266 3490 1470 3553 eternitatem
1486 3489 1579 3569 paulo
1595 3491 1666 3547 ente

112 3732 273 3791 oPsoctt's.
293 3732 374 3789 ’Ἄλλο
399 3735 445 3811 γὰρ
472 3737 502 3789 τὸ
530 3735 568 3789 ἀεὶ
598 3734 627 3791 τὸ
647 3737 772 3809 χρονικὸν,
801 3738 842 3791 καί
894 3734 957 3791 ἔστιν
972 3736 1059 3807 αἴτιος,
1072 3738 1113 3791 καί
1139 3736 1173 3799 ὡς
1198 3737 1298 3809 δύναμις
1317 3739 1360 3790 τοῦ
1375 3733 1413 3787 del
1427 3732 1544 3807 χορηγὸς,
1568 3730 1666 3804 ἄπειρός

83 3812 174 3871 Ιλλοτὸ
187 3814 297 3871 αἰώνιον·
315 3816 398 3889 τὸμὲν
413 3814 505 3890 ἀθρόως
526 3820 574 3872 πᾶν
595 3818 633 3870 όν·
656 3816 686 3872 τὸ
710 3816 736 3872 δέ
750 3824 781 3892 τῇ
795 3820 841 3892 etp
894 3818 968 3873 Ιστιν·
985 3820 1045 3873 καθὸ
1060 3820 1086 3873 δὲ
1111 3820 1199 3893 μέτρον
1225 3812 1275 3872 έστί
1287 3819 1366 3887 πάσης
1377 3817 1460 3889 νοερᾶς
1476 3813 1603 3888 ἰνερηείας,
1624 3817 1665 3868 καί

83 3898 180 3971 εννιχεία
193 3904 235 3954 τοῦ
248 3900 342 3974 χρόνον
364 3900 591 3972 σννεκτεινόμενον,
612 3901 652 3954 καί
674 3902 782 3972 ἄπειρον·
801 3900 842 3955 καί
893 3900 949 3976 θρος
964 3908 1008 3970 τῆς
1021 3908 1064 3956 νοῦ
1078 3904 1144 3970 ζωῆς
1155 3902 1245 3955 ἄνωθεν
1260 3896 1332 3955 αἰετὸν
1347 3899 1446 3973 όρίζων,
1460 3899 1535 3970 πέρας
1550 3895 1610 3951 ἐστέ.

83 3978 194 4053 diesis
214 3989 252 4056 τῷ
273 3988 328 4047 νῦν,
341 3983 371 4036 τὸ
392 3978 419 4036 δέ
441 3981 465 4036 έν
479 3983 614 4050 διαστάσει,
630 3986 673 4052 τῆς
694 3985 843 4048 διαστάσεως
927 3982 1117 4058 ςιΡιιιτιιιοιι.
1137 3985 1168 4038 ΙΙ
1182 3976 1224 4038 σὸν
1247 3985 1325 4044 όντως
1346 3982 1374 4035 όν
1390 3979 1455 4049 teri,
1478 3980 1507 4034 τὸ
1521 3976 1609 4047 ditior,
1624 3982 1664 4035 καί

84 4062 235 4135 “dim
249 4066 427 4139 memte,
441 4066 531 4121 καίἆθ
544 4068 699 4140 welhet·
892 4068 1038 4141 ἀγέννητον,
1068 4068 1108 4122 καί
1133 4061 1309 4140 όφθαρτον,ᾧ
1332 4067 1422 4137 χρόνος
1435 4062 1513 4125 otest<
1528 4062 1664 4135 μεταόολὴν

113 4147 250 4207 θΡιοτιίἰ.
267 4154 344 4206 Eun.
363 4151 391 4207 3.
408 4149 456 4206 ΙΙΙ).
473 4151 530 4207 vll.
552 4165 615 4221 esp·
635 4167 674 4205 ἰν.
695 4149 771 4205 Ὅθεν
785 4168 844 4223 σεμ·
893 4151 986 4225 tat-,ru

84 4230 221 4300 νὸνὸαίἰον,
236 4234 279 4287 καί
296 4232 384 4287 rateto
399 4239 435 4306 τῷ
449 4234 525 4306 θεῷὴ
542 4233 623 4286 ἔννοια
643 4235 719 4307 λέγει·
735 4235 801 4306 λέγει
816 4235 841 4288 δὲ
928 4235 1052 4291 laidem:
1077 4234 1145 4286 Ἀλλ’
1164 4232 1229 4287 ἔστιν
1246 4232 1260 4284 ό
1278 4232 1344 4298 θεὸς,
1364 4229 1386 4284 εἰ
1398 4229 1447 4303 χρὴ
1461 4231 1544 4301 φάναι,
1558 4230 1600 4282 καί
1614 4230 1666 4284 ἔστι

84 4317 151 4387 :oiim
163 4316 222 4383 (ier.
247 4315 354 4383 ταὸτὸν)
375 4322 411 4388 τῷ
432 4317 488 4388 θεῷ·
505 4317 546 4370 καί
566 4317 648 4379 καλῶς
669 4319 698 4370 ἂν
716 4317 814 4390 λέγοιτο
828 4318 842 4370 ό
891 4320 946 4373 κατ’
960 4318 1047 4372 οὸὸένα
1060 4318 1161 4391 χρόνον·
1178 4316 1244 4370 ἀλλὰ
1258 4314 1320 4369 κατὰ
1335 4316 1376 4369 τὸν
1392 4312 1470 4368 αἰῶνα
1482 4312 1524 4367 τὸν
1539 4312 1663 4382 ἀκίνητον,

84 4395 134 4450 elie
146 4400 205 4466 θεὸς,
220 4399 401 4474 έμραένων,καί
415 4400 556 4471 προραίνων
572 4398 667 4465 ἑαυτὸν,
682 4392 735 4463 οἰός
749 4398 799 4457 ἰστι
814 4400 842 4455 τὸ
891 4402 931 4455 καί
943 4402 1058 4475 έχρονον,
1069 4400 1109 4454 καί
1125 4396 1277 4472 ἆνέγκλιτον,
1292 4398 1332 4453 καὶ
1344 4391 1372 4451 ot
1379 4399 1497 4470 πρότερον
1508 4396 1576 4450 οὸθέν
1589 4395 1664 4464 ἔστιν,

85 4473 146 4547 εἶναι,
160 4483 191 4546 ῶς
205 4481 319 4557 ὸτρεμές,
332 4483 373 4536 καί
388 4480 488 4536 ταὸτὸν.
892 4482 946 4538 otti
974 4482 1085 4558 ὕστερον,
1115 4481 1170 4539 olet
1199 4482 1302 4555 μέλλον,
1329 4479 1384 4534 otei
1407 4480 1599 4554 παρῳχημένον,
1620 4480 1664 4534 παὶ

113 4564 199 4621 εθΙοΧ
215 4587 221 4622 :
240 4564 287 4618 Kal
308 4562 331 4618 εἴ
358 4584 394 4629 τις
418 4564 495 4627 οὕτως
516 4565 558 4619 τὸν
582 4565 660 4619 αἰῶνα
682 4562 751 4637 λέγοι
776 4566 842 4635 ζωὴν
892 4568 967 4641 μόνον
988 4566 1038 4621 έστί
1058 4567 1087 4621 τὸ
1104 4568 1159 4620 κατ’
1182 4565 1241 4619 αὐτὸ
1263 4564 1339 4627 ὄντως
1356 4562 1396 4629 θν,
1411 4560 1467 4616 etet
1481 4564 1592 4635 γεγονὸς,
1608 4560 1663 4617 otti

83 4642 168 4717 ἄπειρον
181 4650 227 4718 ἤδη
241 4654 278 4722 τῷ
293 4650 374 4703 πᾶσαν
396 4641 468 4712 εἶναι,
487 4648 527 4703 καί
550 4648 624 4723 μηδὲν
643 4647 782 4702 ἀναλίσκειν
797 4646 841 4702 αθ·
892 4648 1019 4723 ἐσόμενον,
1034 4648 1088 4703 otei
1104 4648 1249 4723 ἀρξάμενον,
1264 4646 1319 4700 etet
1334 4648 1497 4719 παυσόμενον.

84 4731 170 4802 tien}
183 4732 215 4803 pi,
227 4730 429 4805 παρεληλυθέναι,
440 4730 497 4803 μηδ’
513 4725 659 4804 αὸμελλειν·
672 4732 720 4801 ἤδη
734 4730 785 4805 γὰρ
798 4729 842 4785 οὸκ
926 4737 939 4790 ἰ
957 4734 1065 4794 Numae.
1085 4733 1120 4787 Τὸ
1134 4730 1163 4786 ὸν
1178 4730 1233 4786 οὔτε
1248 4730 1308 4785 ποτὲ
1319 4726 1360 4800 ἦν,
1372 4728 1426 4785 οὔτε
1439 4728 1540 4802 antiph
1552 4730 1661 4803 γένηται·

85 4812 108 4863 θ’
121 4811 155 4881 th
169 4818 241 4868 πᾶσα·
258 4813 328 4889 iubs
340 4816 369 4867 ἂν
384 4811 422 4883 tle
436 4818 479 4868 τῡῦ
493 4812 624 4887 &efflet
892 4816 948 4870 ἀλλ’
963 4816 1028 4871 έστιν
1043 4816 1080 4871 ἀεὶ
1096 4815 1119 4869 έν
1134 4814 1218 4890 χρόνῳ
1233 4813 1371 4887 ὡρισμένῳ,
1394 4816 1430 4885 τῷ
1451 4808 1565 4867 ἐνεστῶτι
1582 4812 1661 4884 μόνῳ·

113 4892 133 4950 εἰ
148 4896 232 4967 Idem,
250 4914 310 4969 rep.
332 4915 355 4952 1.
381 4896 429 4950 Τὸν
444 4895 523 4950 αἰῶνα
537 4898 565 4951 οὸ
580 4896 654 4969 μόνον
670 4896 694 4950 έν
706 4898 789 4951 στάσει
804 4900 845 4953 te
891 4902 978 4953 τοῦτον
992 4899 1035 4971 μὸν
1050 4893 1092 4951 οὖν
1106 4900 1148 4953 τὸν
1162 4895 1283 4952 ἐνεστῶτα
1299 4894 1370 4959 εἴτις
1385 4892 1460 4949 έθέλει
1473 4896 1556 4949 καλεῖν
1572 4891 1661 4961 αἰῶνα,

84 4978 149 5055 νοεῖν,
173 4979 236 5035 ἀλλὰ
262 4982 303 5037 καί
325 4976 350 5034 έν
372 4978 417 5043 tu,
430 4976 484 5036 εἶτα
503 4981 544 5033 καί
556 4978 713 5035 ἀδιάστατον·
736 4978 778 5032 ἰνα
806 4980 839 5054 μὴ
890 4980 960 5054 κᾴηὼ
974 4981 1141 5052 σομόοολεόω.

84 5058 161 5116 :alito
174 5061 189 5138 ᾖ
202 5067 295 5139 χρόνῳ.
925 5062 1041 5120 ltMox:
1064 5062 1099 5116 Τὸ
1120 5083 1146 5118 τε
1160 5064 1189 5117 ὸν
1211 5059 1289 5117 ιίἰὸιόν
1310 5081 1347 5129 τε,
1371 5061 1467 5134 βέόαιόν
1489 5062 1515 5113 τέ
1537 5059 1601 5113 ἔστιν
1624 5059 1660 5114 det

114 5161 128 5200 e
143 5144 227 5219 Idem,
242 5164 292 5220 cap
318 5163 348 5203 ιι.
372 5144 450 5201 'litt
464 5148 535 5211 τέλος
558 5146 663 5221 ἀμερές,
686 5140 739 5203 οἷον
755 5146 779 5201 έν
794 5168 839 5217 ση-
890 5147 952 5201 κατὰ
965 5144 1065 5212 ταὸτὸν,
1079 5146 1119 5199 καί
1132 5145 1232 5201 ταίιτὸν.

85 5228 139 5299 peip
151 5228 211 5301 ὁμοῦ
224 5232 320 5285 πάντων
333 5228 422 5285 ὄντων.
926 5228 938 5286 l
956 5228 1043 5285 Idem.
1069 5227 1145 5282 Ἀλλὰ
1160 5229 1256 5301 μᾶλλον
1267 5230 1307 5280 καί
1323 5224 1456 5294 ἑστήξεται,
1469 5226 1510 5278 καί
1519 5226 1608 5300 ἀραρός
1622 5246 1659 5292 τε,

115 5310 248 5384 sileres.
268 5308 333 5368 λίὼν
348 5312 395 5386 ηὸρ
422 5314 484 5385 ὸμοῶ
510 5315 551 5367 καί
578 5314 676 5386 ἄπειρός
706 5312 779 5385 ἔστιν,
807 5314 840 5376 ῶς
889 5313 929 5368 καί
949 5312 1048 5383 ἑστηκὸς
1067 5308 1147 5379 ἔσται,
1165 5311 1228 5364 κατὰ
1246 5308 1323 5365 ταθτθι
1341 5307 1399 5382 ἔχον
1414 5307 1462 5383 tet,
1479 5308 1658 5371 seleseiense.

85 5392 179 5465 εΙρηται,
204 5399 244 5451 καί
268 5399 353 5470 πέρας·
382 5397 442 5450 καθὸ
470 5397 512 5468 μὲν
531 5397 579 5470 γὰρ
593 5397 758 5467 ἀνέκλειπτος,
775 5399 839 5464 ζωῆς

111 5574 153 5617 tln
165 5578 249 5631 Ιείαρίε.
262 5577 363 5620 nondam
375 5575 454 5620 editas.
462 5576 509 5618 -t
519 5575 573 5619 Vide
583 5584 605 5619 ει
617 5578 674 5620 Bne.
687 5576 706 5618 s.
722 5574 760 5618 tih.
774 5576 798 5617 V.
812 5586 860 5630 rap.
873 5587 902 5619 rs.
910 5576 958 5619 -ὸ
968 5574 1015 5621 tit.
1029 5574 1064 5621 ΙΙ.
1077 5575 1104 5623 έν
1113 5576 1182 5628 lm
1194 5582 1271 5629 mu.
