4096 6190
295 200 355 261 622
805 192 1130 259 ruuoroorcoruu
1151 192 1370 256 DOGMATUM

295 376 424 457 posttrrs,
439 379 521 437 certe
532 391 658 436 securus
671 378 812 452 expectas
821 372 930 451 judicii
940 372 1033 435 diem.
1045 392 1061 431 υ
1113 385 1234 445 corum,
1247 384 1342 449 quam
1351 366 1531 428 Latinorum
1540 365 1626 426 varia
1635 365 1714 434 lora,
1727 364 1763 426 in
1774 364 1888 445 qrrilrns

296 468 378 531 'ihm
397 467 431 528 in
453 484 596 529 sermone
615 482 676 540 aru,
695 465 730 527 de
750 465 890 542 Diversis,
912 467 1010 547 rapite
1023 483 1063 528 v:
1114 478 1294 541 suspensam
1307 465 1378 521 ante
1388 459 1534 520 ultimum
1541 458 1652 539 judicii
1665 458 1749 520 diem
1763 466 1886 520 sancto-

300 579 317 618 ε
337 559 376 620 Et
396 558 465 620 brec
487 559 613 639 quidem
632 558 706 633 vita,
730 558 842 637 inquit,
864 576 960 639 quarn
982 577 1067 620 nunc
1114 573 1185 616 rum
1199 553 1374 616 felicitatem
1387 552 1544 614 adstruere
1552 551 1708 628 ridentur,
1719 570 1791 633 que
1802 553 1890 632 apud

296 649 379 712 beati
400 656 552 735 manyres
572 650 699 727 habent,
724 651 952 731 quamvisjam
974 651 1067 713 nullis
1115 647 1237 708 Sixtum
1262 648 1431 707 Senensem
1454 644 1516 724 legi
1538 649 1678 724 possunt.
1703 644 1782 719 Quid
1802 646 1889 727 quod

296 742 392 822 possit
408 743 512 804 seculi
531 743 625 822 hujus
643 742 848 811 felicitatibus,
866 744 917 804 vel
934 745 1065 806 suavita-
1114 739 1198 801 idem
1221 739 1457 820 cuyscstomus
1479 737 1512 798 in
1539 737 1668 799 homilia
1692 739 1829 799 mcunda
1853 737 1889 799 de

295 832 380 895 tibus
392 835 575 915 comparari,
589 852 685 914 parva
695 835 844 915 particula
856 837 1068 916 promissionis
1115 829 1311 909 Moriere,
1340 831 1434 892 etiam
1466 835 1538 891 ante
1569 829 1681 893 Christi
1717 831 1890 893 adventum

296 924 393 1002 istius,
408 927 472 988 imo
486 927 632 988 sohtium
642 927 806 1002 dilationis,
819 933 877 989 cte.
890 928 1068 990 Sicutenim
1116 930 1293 985 sanctorum
1316 922 1435 983 animas
1456 921 1489 981 in
1510 920 1587 982 coelo
1606 928 1743 983 versams
1759 940 1839 999 esse,
1857 928 1891 983 ei

296 1018 468 1098 plurimum
496 1019 588 1081 distat
619 1020 701 1081 inter
730 1019 869 1094 latitius,
892 1021 1068 1083 miseriasve
1115 1033 1263 1076 eoronam
1276 1014 1447 1095 percepisse
1456 1010 1674 1075 docet¹iNam
1682 1014 1721 1075 de
1730 1021 1889 1095 posu-emo

296 1111 531 1187 somniantium,
547 1117 579 1172 et
591 1110 797 1191 vigilantium,
812 1113 855 1173 ita
868 1113 1004 1174 multum
1022 1113 1069 1174 in-
1117 1125 1155 1168 ex
1167 1108 1228 1168 iliis
1239 1113 1357 1187 septem
1370 1105 1516 1166 fratribus
1528 1123 1633 1186 agens,
1648 1112 1680 1167 et
1693 1106 1807 1168 illustri
1822 1107 1890 1186 ejus

296 1207 391 1264 ter-est
409 1205 491 1265 inter
503 1209 659 1265 tormenta
672 1204 722 1265 vel
738 1204 851 1284 gaudia
872 1212 1068 1267 mortuorum
1117 1200 1296 1274 certamine,
1317 1219 1332 1257 υ
1352 1198 1418 1259 Ηοο
1436 1196 1655 1278 spectaculum,
1675 1198 1789 1279 inquit,
1812 1199 1888 1261 adeo

297 1301 329 1357 et
351 1296 591 1375 resurgentium,
614 1314 679 1357 non
700 1297 785 1376 quod
807 1297 939 1377 Spiritus
961 1300 1070 1360 deiun-
1116 1291 1317 1371 magnificum
1333 1296 1400 1352 erat
1425 1291 1589 1370 etingens,
1604 1291 1702 1351 utrel
1714 1292 1820 1371 ipsum
1836 1309 1890 1352 an·

298 1393 431 1463 ctorum,
448 1390 527 1450 sicut
539 1388 770 1465 dormientium,
792 1407 915 1451 necessa
934 1391 973 1451 sit
991 1391 1066 1468 falli,
1116 1383 1259 1463 80101'11111
1270 1382 1668 1462 ssoeiumsssivtlfflfiusipws
1679 1382 1890 1445 flfiflfflfissffl

297 1480 351 1541 sod
365 1482 449 1561 quod
464 1481 524 1542 alia
542 1486 589 1543 est
606 1481 782 1542 animarum
800 1481 866 1543 sine
878 1482 950 1543 ullis
964 1502 1070 1564 corpo
1117 1481 1301 1556 spectatores
1320 1475 1464 1550 haberet,
1487 1492 1551 1535 non
1569 1473 1638 1554 jam
1657 1493 1675 1536 e
1692 1481 1788 1551 terra,
1805 1474 1889 1535 sede

297 1572 384 1634 ribus
397 1574 531 1652 requies,
545 1573 605 1634 alia
620 1592 691 1635 cum
704 1574 884 1652 corporibus
898 1575 1070 1636 coelestibus
1118 1568 1206 1629 coelo·
1223 1569 1302 1629 Nam
1323 1566 1463 1628 coronati
1481 1565 1543 1627 illic
1560 1567 1719 1642 sedebunt,
1740 1567 1889 1647 quemad·

298 1662 429 1741 claritas,
443 1671 474 1726 et
488 1665 615 1726 felicitas
627 1665 822 1745 angelorum,
836 1666 949 1745 qrribus
965 1686 1068 1746 acqua-
1118 1661 1247 1720 modum
1268 1660 1301 1718 in
1322 1658 1503 1738 olympiacis
1522 1659 1673 1738 agonibus
1685 1659 1809 1738 judices
1826 1657 1848 1720 ⁶.
1870 1678 1886 1717 r

298 1754 383 1817 bitur
395 1757 624 1837 resurgentium
637 1758 803 1818 multitudo
817 1758 967 1820 fidelium.
1119 1752 1235 1825 Quibus
1254 1750 1334 1811 illud
1359 1750 1544 1811 Theodoreti
1568 1750 1640 1812 licet
1660 1751 1830 1831 adjungere
1852 1770 1891 1813 ex

338 1847 377 1909 X.
400 1850 593 1929 Quapropter
608 1868 721 1929 anceps
735 1850 773 1911 de
785 1851 845 1911 hac
858 1870 892 1912 re
906 1849 1071 1931 Augustini
1119 1843 1241 1923 dialogo
1252 1842 1355 1922 primo
1370 1862 1377 1903 ε
1402 1842 1571 1920 «Divinus,
1585 1843 1699 1925 inquit,
1713 1843 1887 1925 APOSiOlffl,

298 1934 358 1997 fuit
376 1937 518 2013 animus;
539 1944 575 1998 ut
592 1939 626 1999 in
641 1938 826 2018 quibusdam
844 1938 982 2016 illorum,
1001 1958 1070 2020 quae
1119 1955 1192 1998 cum
1210 1936 1352 1998 nondum
1363 1936 1538 1997 eommunis
1550 1935 1733 1999 resurrectio
1746 1937 1829 1998 facta
1840 1935 1889 2011 sit,

299 2028 471 2104 citavimus,
495 2029 637 2092 locorum
655 2030 781 2091 indicat.
806 2031 1002 2092 Constantior
1023 2038 1070 2093 ta·
1119 2047 1177 2090 nec
1197 2029 1298 2089 adhuc
1318 2044 1451 2107 regnum
1463 2029 1614 2091 coelorum
1627 2028 1771 2090 fidelibus
1785 2028 1891 2090 datum

299 2136 374 2182 men
391 2121 424 2182 in
438 2121 491 2182 illo
509 2121 603 2184 fuisse
618 2123 750 2198 ridetur,
768 2128 804 2183 ut
817 2123 937 2184 animas
955 2129 1073 2185 saneto
1120 2122 1169 2197 sit,
1185 2122 1298 2182 clamat
1314 2118 1435 2180 :simut
1445 2119 1587 2181 excitavit
1600 2138 1660 2195 zos,
1671 2128 1701 2182 et
1713 2118 1811 2182 cdere
1823 2120 1891 2200 serit

299 2229 372 2273 rum
392 2213 427 2273 in
447 2213 524 2274 orsio
545 2215 758 2289 constitueret,
784 2233 849 2276 non
872 2220 908 2275 ut
927 2215 1070 2276 Novatia-
1124 2212 1156 2272 io
1169 2210 1328 2273 scurribus
1342 2211 1375 2272 io
1392 2210 1508 2274 Christo
1521 2212 1622 2274 Jecur.
1641 2233 1657 2270 ο
1673 2213 1755 2274 Nam
1768 2213 1890 2275 delier-

301 2322 361 2366 nus
369 2303 392 2381 ¹,
401 2306 455 2385 qrri
464 2306 522 2366 sub
532 2312 615 2368 terra
626 2312 741 2369 certam
751 2307 943 2386 putavitesse
954 2308 1071 2384 sedem,
1121 2306 1219 2367 nardo
1229 2304 1389 2366 notissima
1401 2323 1452 2366 res
1465 2308 1521 2380 est,
1536 2305 1621 2366 hunc
1634 2305 1667 2367 iu
1680 2306 1828 2386 opinione
1840 2303 1892 2367 illa

305 2415 405 2476 aquo
420 2397 546 2477 piorum
565 2399 677 2460 animae
692 2399 923 2478 impiorumque
953 2400 1071 2462 ducun-
1120 2397 1224 2459 fuisse.
1254 2398 1290 2458 ln
1313 2416 1375 2477 qua
1395 2397 1615 2477 fluctuantem,
1643 2402 1674 2458 et
1698 2397 1891 2459 hesitantem

300 2492 365 2564 tur,
380 2488 592 2569 futrnijudicii
602 2490 781 2570 prejudicio
789 2492 988 2553 sentientes*.
1005 2512 1020 2549 a
1122 2507 1229 2550 cernes
1241 2488 1402 2550 lulianum
1416 2488 1601 2550 Toletanum
1618 2487 1653 2548 in
1664 2488 1746 2550 libro
1760 2488 1891 2551 mundo

343 2581 507 2660 Gregorius
521 2582 730 2643 Nazianzenus
742 2583 882 2643 oratione
895 2599 925 2658 x,
936 2585 1074 2647 animam
1121 2581 1333 2661 Prognoctr'coo
1348 2580 1371 2641 ¹.
1395 2583 1433 2641 Et
1453 2581 1569 2643 ibidem
1587 2586 1695 2643 tamen
1710 2581 1891 2662 Gregorium

303 2673 439 2752 corporis
458 2673 591 2734 solutam
612 2674 742 2735 vinculis
763 2675 801 2735 ad
822 2676 991 2736 Dominum
1013 2677 1073 2737 mi·
1123 2674 1238 2752 Papam
1257 2672 1339 2749 citat,
1363 2672 1501 2752 quisine
1524 2691 1613 2735 mora
1632 2673 1763 2755 perduci
1777 2673 1892 2735 animas

303 2779 394 2840 grarc
407 2762 523 2838 scribit,
543 2781 608 2824 aaa
630 2763 698 2841 jam
713 2763 799 2824 velut
816 2781 872 2842 per
891 2764 1072 2843 imaginem,
1123 2770 1226 2826 censet
1239 2765 1272 2824 in
1287 2764 1400 2826 coelum
1410 2762 1432 2825 ⁸.

304 2857 335 2914 at
348 2853 548 2915 simulacrum
562 2855 754 2916 reconditam
767 2856 990 2917 beatitudinem
1004 2876 1074 2937 per-
1163 2857 1312 2918 Nonnulli
1329 2875 1423 2938 porro
1442 2857 1580 2919 medium
1598 2859 1767 2939 quemdam
1782 2863 1891 2919 stataun

304 2945 406 3025 cipere
420 2965 427 3007 ε
444 2953 513 3027 post
526 2947 621 3009 etiam
633 2947 810 3026 aliquando,
827 2966 899 3008 cum
913 2954 1076 3027 cognatam
1122 2949 1205 3010 inter
1213 2947 1400 3026 felicitatem,
1411 2967 1447 3009 ac
1456 2949 1603 3030 supplicia
1612 2951 1816 3025 constituunt,
1830 2969 1892 3011 non

304 3057 430 3100 carnem
444 3058 464 3100 a
480 3045 573 3114 terra,
596 3058 666 3120 que
683 3045 714 3100 et
734 3040 871 3117 dederat,
888 3047 919 3101 et
931 3041 965 3101 in
981 3041 1076 3104 fidem
1124 3041 1224 3102 solum
1248 3041 1396 3121 parvulis,
1421 3042 1505 3120 quod
1529 3042 1685 3122 Pelagiani
1705 3049 1736 3103 et
1770 3042 1893 3122 quidem

305 3136 473 3211 acceperat.
496 3132 647 3211 receperit
667 3131 760 3212 (quod
779 3133 935 3210 quomodo
954 3133 1018 3209 fiet,
1051 3134 1077 3194 is
1124 3134 1218 3195 etiam
1234 3133 1374 3194 catholici
1393 3133 1543 3211 fecerunt,
1559 3135 1613 3195 sed
1630 3134 1742 3195 adultis
1760 3134 1843 3215 ipsis,
1860 3139 1894 3193 ut

305 3224 403 3300 novit,
419 3222 474 3302 qui
490 3242 526 3285 aa
539 3225 621 3284 inter
634 3241 666 3284 se
678 3223 850 3301 conjunxit,
866 3229 958 3303 atque
972 3225 1077 3285 dissol-
1125 3225 1291 3305 Gregorius
1309 3226 1527 3302 Nazianzenus,
1545 3226 1684 3288 oratione
1701 3243 1773 3290 xxrr
1799 3232 1831 3286 et
1848 3242 1891 3286 rr„

306 3312 450 3395 vit),tum
463 3316 592 3377 demum
606 3334 676 3377 eam
689 3334 813 3396 quoque
833 3317 872 3376 ad
892 3317 999 3395 gloriae
1019 3335 1078 3378 cce
1126 3318 1192 3391 Qua
1212 3317 1288 3377 item
1301 3316 1336 3377 in
1350 3317 1489 3379 oratione
1511 3317 1643 3380 infantes
1658 3319 1726 3380 sinc
1743 3318 1893 3399 baptismo

306 3405 391 3468 lestis
402 3407 615 3470 hereditatem
629 3427 736 3470 secum
747 3408 949 3469 admissuram
958 3418 1013 3469 ν.»
1126 3410 1307 3471 decedentes
1327 3411 1464 3475 mediam
1477 3410 1563 3472 illam
1580 3411 1615 3471 in
1635 3410 1801 3472 stationem
1816 3426 1893 3473 cour

349 3499 429 3563 Sunt
446 3506 477 3561 et
494 3500 713 3581 Chrysostomi,
731 3506 761 3562 et
774 3501 907 3563 aliorum
920 3506 986 3563 tam
997 3502 1079 3564 Grae-
1126 3502 1223 3581 pellit.
1243 3503 1324 3563 ‘ium
1342 3503 1508 3582 Gregorius
1525 3503 1683 3583 Nyssenus
1704 3503 1738 3563 in
1759 3502 1893 3565 oratione

344 3865 366 3907 α
384 3851 448 3911 Nu.
468 3846 516 3909 let
529 3844 585 3907 οἶον
607 3850 654 3920 ἤδη
676 3852 707 3925 τῇ
730 3852 853 3924 φαντασίᾳ
874 3854 1008 3925 capaciter
1034 3849 1078 3919 τὴν
1128 3851 1224 3923 μένους,
1239 3848 1320 3906 eiciar
1335 3849 1384 3906 ἀπὸ
1398 3855 1440 3920 τῆς
1453 3848 1814 3926 ᾖςᾶλλᾶἔκτῶνοῦρσνόεν·
1830 3846 1892 3905 ἔστι·

310 3926 470 4007 ἇποκειμόνην
485 3936 662 4008 μακαριότητα,
678 3935 762 4008 μικρόν
777 3935 803 3989 δὲ
817 3935 918 4008 ὕστερον
932 3935 1013 3991 καὶτὸ
1027 3954 1080 4006 συγ-
1127 3936 1267 4007 perspicer
1284 3935 1332 4007 γὰρ
1350 3933 1475 4004 ἐκάθηντο,
1489 3936 1596 4009 καθάπερ
1609 3934 1634 3993 ἓν
1647 3938 1702 4001 τοῖς
1726 3934 1895 4009 Ὀλνμκιαοῖς

310 4016 376 4091 γενὲς
387 4018 487 4090 σαρκίον
501 4016 668 4082 incisuras,
678 4013 699 4090 ᾧ
709 4018 739 4077 τό
756 4017 844 4075 ἐκεῖθεν
861 4018 1078 4090 συνεφιλοσόφησε,
1128 4017 1222 4091 ἀγῶσιν
1237 4017 1391 4075 claruerat.

310 4099 480 4173 aspir-igaal
495 4101 593 4170 δούσης,
616 4103 657 4157 καὶ
679 4102 844 4171 πιστευθείσης
861 4105 915 4175 γῆς,
935 4104 1036 4175 τρόπον,
1051 4102 1079 4153 ὃν
1165 4102 1372 4161 oTusouoaer.
1396 4100 1429 4155 ‘0
1444 4102 1507 4167 θεῖος
1528 4101 1685 4169 Ἀοόστολος
1713 4103 1816 4175 μηδέπω
1837 4099 1895 4174 aar&

310 4176 375 4237 οἶδεν
386 4184 487 4237 strom
499 4187 626 4253 συνδήσας,
641 4183 682 4237 καὶ
695 4185 809 4247 διολέσας
818 4185 881 4252 θεός,
890 4186 970 4257 τούτῳ
980 4184 1081 4257 opta·
1128 4187 1171 4251 τῆς
1179 4188 1260 4254 κοινῆς
1274 4185 1428 4247 ἀναστάσεως
1442 4184 1581 4257 peraptum,
1591 4186 1654 4258 pairs
1667 4189 1711 4253 τῆς
1724 4191 1774 4241 κῶν
1789 4184 1895 4257 ὠμῶν

312 4268 414 4338 ρονομεΐ
425 4271 468 4339 τῆς
482 4265 571 4321 ἐκεῖθεν
582 4265 661 4336 δόξης.
1130 4268 1251 4340 βασιλείας
1263 4270 1315 4331 τοῖς
1335 4270 1505 4323 πεπιστευκόσι
1525 4270 1727 4343 πορσοχεθείσης,
1750 4270 1804 4340 βοᾷ·
1822 4267 1896 4333 Συνή-

348 4349 483 4406 bCurrs.
514 4351 594 4407 Hom.
611 4366 672 4405 xor.
692 4350 772 4403 Τοῦτο
799 4349 825 4404 δὲ
839 4350 869 4404 τό
895 4348 996 4422 θέατρον
1015 4349 1080 4405 οὕτω
1129 4370 1204 4423 pcipe,
1213 4351 1254 4409 καὶ
1268 4352 1419 4405 συνεκάθισεν
1428 4351 1492 4423 ἡμᾶς
1506 4348 1530 4404 ἔν
1539 4354 1591 4415 τοῖς
1599 4350 1750 4427 ἐπουρανίοις
1765 4348 1789 4405 ἒν
1803 4351 1896 4422 Χριστῷ

311 4432 400 4504 σεμνὸν
413 4429 454 4501 ἦν,
468 4433 509 4487 καὶ
523 4434 596 4506 μέγα,
616 4431 732 4486 ὥστεκαὶ
746 4431 827 4486 αὐτῶν
846 4438 896 4487 τῶν
912 4431 1023 4506 ἀγγέλων
1038 4433 1080 4486 τόν
1131 4434 1212 4502 lusci.

310 4515 402 4586 δῆμον,
418 4516 512 4587 μᾶλλον
535 4515 561 4570 ei
574 4517 614 4569 rai
633 4516 691 4577 τοὶνς
705 4514 823 4588 όδιλφοός
851 4509 918 4588 εἶχεν
939 4514 1083 4569 sithrico

346 4804 506 4861 ‘rcumdius
522 4808 601 4861 doctu
619 4805 761 4861 sorbonicus
779 4805 921 4872 pereruditus
933 4806 1084 4871 hamaticum
1132 4811 1213 4865 cordos
1234 4811 1325 4878 quidam
1338 4810 1436 4863 leucius
1457 4810 1571 4863 iohannes
1593 4809 1715 4868 ῦυόοοίοἰς
1731 4812 1795 4878 cnjus
1811 4812 1897 4878 qnam

314 4882 467 4953 presbitfflffl
487 4889 564 4937 ceusu
585 4897 638 4935 cum
662 4882 793 4934 Milltsstfils
815 4882 928 4942 sensis&
954 4880 983 4932 ab
1006 4895 1084 4933 eorum
1132 4888 1248 4940 lauduenr
1267 4886 1397 4949 consilium,
1411 4887 1455 4937 nisi
1475 4886 1566 4951 iugenio
1588 4900 1630 4938 suo
1644 4885 1763 4952 indulgere
1775 4888 1896 4947 maiust,

314 4962 394 5016 deiude
413 4973 491 5013 errore
510 4960 650 5013 discessisse.
676 4958 752 5010 linitis
765 4960 845 5009 contra
860 4956 1007 5007 Tarraciiuur
1028 4957 1085 5009 Vio-
1132 4976 1200 5030 quam
1213 4962 1327 5015 verinum
1341 4961 1408 5014 mari,
1423 4960 1482 5013 Audi
1491 4963 1566 5029 ponus
1577 4961 1765 5015 amusium&
1773 4962 1897 5021 m,

314 5039 392 5090 dicim
413 5036 600 5103 Auotaiior'cuoe
620 5035 650 5086 ab
672 5034 832 5100 imputatione
854 5033 932 5097 Regni
949 5032 1085 5083 milenarii
1132 5053 1184 5106 cap.
1200 5049 1266 5091 xvir,
1795 5039 1824 5090 Α,
1840 5038 1866 5089 z,
1900 5090 1905 5097 ι

315 5114 432 5166 intusa
448 5125 571 5178 οςςνοεεοο
585 5115 620 5163 est
632 5109 692 5163 edito
706 5109 823 5162 Cumano
841 5106 900 5159 libro
913 5122 936 5159 a.
954 5107 1028 5170 liii,
1043 5120 1084 5159 sa·

256 5249 262 5259 η
315 5294 353 5401 pi
369 5294 400 5339 rr
413 5292 479 5399 Ίννκεὲ
488 5304 536 5396 οἷον),
551 5303 565 5334 ι.
578 5312 606 5325 -
616 5293 630 5335 2
640 5291 688 5337 Lib.
700 5291 727 5334 Vi
739 5290 841 5336 Bititotir.
855 5291 914 5333 Anu.
927 5286 967 5333 fiii
979 5294 1001 5332 et
1011 5286 1059 5332 ars.
1071 5298 1099 5320 ν·
1110 5285 1178 5332 iser.
1191 5297 1218 5330 ur
1231 5292 1253 5331 at
1266 5297 1288 5330 rr
1299 5286 1326 5332 do
1338 5287 1414 5332 Sonat.
1424 5301 1452 5321 -··
1463 5287 1476 5331 t
1487 5286 1539 5343 Gap.
1549 5298 1590 5331 uu
1602 5294 1623 5331 et
1634 5298 1680 5342 aco.
1693 5286 1756 5337 'i'ana
1767 5285 1897 5332 thuim.

333 5358 415 5401 (κόννον.
426 5364 454 5387 -2
507 5364 542 5410 ap.
554 5366 592 5397 ru.
