3956 6168
359 320 407 381 DE
426 320 502 381 1)Εο
523 318 666 394 DEIQUE
687 318 1017 382 PROPRIETATIBUS
1038 322 1111 384 LlB.
1134 324 1171 385 V.
1195 325 1278 387 CAP.
1301 326 1383 388 vin.
1610 328 1666 388 sor

73 484 474 549 iiliumsiveVerbumesse
484 486 558 548 dicit
567 487 846 566 eonsiliumaquasi
893 486 1013 548 tionem
1033 489 1138 550 attulit
1160 489 1255 552 etiam
1280 492 1518 572 chrysostomus
1541 493 1671 555 homilia

71 577 192 658 prolem
212 578 326 640 mentis
344 584 376 639 et
394 579 506 641 Filium
524 580 635 641 eordis.
658 580 746 641 Prius
759 581 844 642 enim
893 580 1254 663 seeundainla'pistolum
1265 582 1306 645 od
1317 583 1475 647 Hebrum:
1490 586 1560 647 «Ut
1571 587 1668 663 enim,

71 689 123 731 eor
138 677 269 751 generat
286 672 465 748 eonsilium,
484 676 519 733 ut
537 672 674 752 aliquam
696 672 844 736 fabricam
893 671 948 749 ait,
973 675 1132 736 neminem
1150 674 1202 738 ille
1214 676 1333 755 judicat
1351 683 1383 738 et
1395 677 1534 756 Judieare
1557 679 1670 741 dieitur

71 768 242 841 oonstruas,
253 769 312 826 ete.
330 786 345 822 o
370 765 443 826 Haee
462 770 507 826 est
524 764 637 826 usitate
654 765 788 827 maxime
801 779 844 843 ιῆς
893 781 949 843 per
963 765 1087 845 Filium,
1102 769 1252 848 quoniam
1266 770 1404 848 judioem
1422 770 1525 850 ipsum
1547 772 1666 851 genuit,

14 868 20 878 ·
71 856 845 938 pontenano,qumuraeeiriliosolentaooommo
892 855 936 918 ita
961 865 993 919 et
1017 879 1120 923 creare
1143 880 1199 941 per
1221 863 1388 939 eumdem,
1411 864 1559 943 quoniam
1582 883 1666 926 orea-

70 949 153 1010 dare.
171 950 268 1011 Porro
283 949 367 1012 idem
385 951 576 1030 Augustinus
592 950 627 1012 in
644 950 725 1012 libro
740 952 793 1012 XV
808 950 844 1013 de
891 953 993 1013 telem
1004 954 1108 1035 ipsum
1123 954 1258 1034 geneis.
1274 976 1289 1013 ο
1308 957 1369 1017 Sed
1382 961 1525 1036 utraque,
1545 957 1667 1019 tametsi

73 1040 234 1119 Trinitate,
260 1042 358 1122 eapite
380 1058 439 1104 xx:
464 1063 480 1101 a
501 1042 643 1119 Quidam,
664 1043 777 1131 iuquit,
802 1063 843 1107 ne
891 1059 967 1105 vera
980 1052 1036 1123 ost,
1052 1065 1117 1107 non
1136 1048 1209 1109 sads
1227 1053 1274 1109 est
1289 1048 1438 1129 explicata
1455 1050 1545 1111 ratio.
1566 1051 1667 1124 Quare

71 1132 181 1195 Filium
206 1134 328 1196 consilii
353 1135 404 1196 vel
428 1135 596 1196 voluntatis
625 1136 681 1198 Dei
705 1135 843 1198 dicerent
891 1138 985 1213 patilo
999 1145 1069 1218 post
1083 1141 1302 1221 eamapertius
1315 1160 1517 1222 exponemus.

71 1225 266 1305 unigenitum
280 1228 429 1304 Verbum,
437 1228 540 1308 ipsum
548 1228 711 1290 eonsilium
724 1247 843 1291 seuvo-
939 1231 980 1293 At
993 1233 1077 1294 idem
1096 1233 1331 1314 Chrysostomus
1349 1236 1388 1296 de
1403 1235 1461 1296 hae
1476 1235 1542 1316 ipsa
1562 1236 1616 1298 Dei
1630 1257 1666 1300 ae

69 1317 222 1381 luntatem
241 1319 432 1382 Patrisidem
448 1321 587 1382 Verbum
603 1339 668 1383 esse
682 1320 839 1382 dixerunt.
890 1328 1069 1389 divinarum
1094 1345 1299 1407 personarum
1327 1327 1491 1390 efficientia
1516 1331 1664 1409 quiddam

71 1413 129 1475 Sed
141 1412 266 1489 melius,
279 1418 433 1492 quantum
444 1413 595 1490 existimo,
614 1414 727 1476 dieitur
738 1415 839 1477 eonsi-
889 1420 984 1482 habet
997 1419 1265 1482 animadversione
1278 1421 1408 1500 dignum
1427 1421 1467 1482 ad
1485 1422 1539 1482 illa
1554 1423 1665 1485 Christi

70 1503 144 1566 lium
165 1506 204 1567 de
229 1504 356 1567 consilio
384 1510 416 1567 et
439 1506 582 1568 voluntas
602 1507 640 1568 de
660 1507 838 1583 voluntate,
889 1514 984 1575 verba
1000 1532 1008 1574 :
1026 1511 1132 1575 ornata
1155 1531 1342 1595 quaeounique
1369 1513 1456 1574 babet
1482 1513 1577 1575 Pater
1600 1534 1664 1577 mea

70 1598 144 1659 siout
162 1598 335 1660 substantia
357 1597 396 1659 de
416 1597 604 1675 substantia,
628 1600 779 1681 sapientia
801 1601 840 1662 de
888 1614 957 1666 suut
973 1605 997 1666 ².
1013 1607 1092 1667 Nam
1108 1626 1124 1663 u
1143 1607 1266 1667 Patrem
1297 1607 1340 1667 ait
1371 1607 1507 1686 potiusse
1537 1607 1664 1687 quidem

70 1691 256 1771 sapientia.»
271 1690 316 1751 ibi
334 1689 498 1752 eonsilium
519 1696 549 1754 et
569 1692 760 1755 voluntatem
781 1712 839 1773 pro
888 1716 938 1759 res
965 1698 1153 1778 producere,
1180 1698 1293 1759 Filium
1317 1703 1424 1760 tamen
1450 1699 1533 1759 istud
1560 1699 1663 1780 ipsum

70 1784 177 1845 eodem
188 1782 333 1864 usmperi
345 1781 498 1863 signifieat
512 1784 552 1846 ab
569 1783 607 1845 iis
619 1803 756 1864 quorum
767 1805 837 1848 sen-
887 1788 999 1868 faeere,
1013 1796 1050 1851 ut
1062 1808 1119 1851 nos
1133 1790 1200 1869 ejus
1217 1790 1365 1852 virtutem
1382 1792 1537 1852 diseamus
1548 1801 1569 1854 ².
1585 1815 1601 1851 ν
1620 1795 1664 1854 Ae

5 1912 7 1917 ,
69 1877 197 1939 tentiam
218 1877 354 1957 surrigit,
379 1894 458 1956 quos
482 1879 603 1940 Graecos
625 1878 718 1941 fuisse
738 1880 837 1941 oredi-
887 1883 981 1962 paulo
1002 1888 1071 1963 post
1088 1884 1128 1943 de
1150 1901 1188 1944 eo
1208 1882 1339 1963 loquens
1360 1883 1444 1963 quod
1458 1885 1498 1945 ad
1517 1883 1661 1965 baptismi

15 1996 20 2007 ·
69 1969 179 2049 derim,
204 1972 259 2053 qui
278 1978 370 2052 βουλὴν
393 1980 542 2053 τοῦπατρὸς
563 1970 675 2032 Filium
693 1972 836 2034 nomina-
886 1974 1055 2037 formulam
1068 1981 1100 2037 et
1117 1974 1313 2037 efficientiam
1331 1994 1471 2056 personae
1492 1980 1555 2037 tres
1572 1978 1660 2038 adiri-

68 2071 145 2125 rent.
886 2066 959 2129 hita
972 2073 1067 2130 sunt:
1090 2067 1234 2143 «Potuit,
1248 2067 1361 2147 inquit,
1376 2069 1465 2129 Pater
1483 2073 1584 2130 totum
1597 2069 1662 2132 effi·

105 2157 187 2218 11111.
209 2159 360 2233 Quartum
373 2157 536 2220 locutionis
547 2162 593 2219 est
603 2174 702 2237 genus
715 2155 837 2219 infinito
887 2178 955 2222 uere
969 2165 999 2222 et
1011 2160 1105 2221 Filius
1118 2164 1149 2222 et
1162 2160 1294 2240 Spiritum
1305 2164 1439 2222 sanetus.
1455 2161 1573 2223 Verum
1586 2163 1661 2243 quia

28 2309 47 2342 ·.
68 2247 166 2312 inusu
179 2252 314 2333 positum
327 2259 560 2314 tamsaororum
569 2250 733 2311 Librorum
741 2268 837 2329 quam
886 2253 925 2313 de
938 2255 1027 2315 Patre
1044 2271 1138 2314 nemo
1159 2252 1300 2331 ambigit,
1319 2252 1421 2313 omnis
1442 2258 1548 2316 autem
1563 2252 1661 2316 ambi-
1768 2326 1771 2331 4

5 2321 38 2423 για.
69 2341 191 2404 Patrum
217 2351 374 2419 veterum,
395 2363 466 2406 eum
488 2346 586 2405 Deum
609 2343 732 2404 Patrem
749 2342 837 2403 aiunt
885 2346 986 2423 gmtas
999 2347 1038 2407 de
1047 2345 1228 2407 Filioastae
1241 2346 1279 2406 de
1291 2345 1408 2425 Spiritu
1421 2346 1659 2423 saneto,ideireo

5 2426 41 2460 '¹¹¹'
68 2442 106 2496 tu
119 2450 163 2499 tot
178 2445 233 2500 aiot
242 2457 345 2501 aream
358 2439 518 2518 facereque
528 2441 648 2499 caetera.
664 2437 741 2497 «ast
752 2436 836 2497 enim
885 2438 924 2499 ad
937 2439 1065 2518 mystica
1086 2437 1139 2499 illa
1159 2456 1244 2499 sarra
1264 2442 1395 2518 uterque
1422 2439 1599 2516 assumitur,
1624 2445 1660 2503 ut

69 2528 151 2591 Pater
174 2549 230 2611 per
251 2532 363 2592 Filium
384 2531 493 2592 efficax
513 2529 552 2590 ad
571 2529 687 2603 omnia,
703 2549 718 2585 ν
741 2533 777 2588 ut
793 2529 837 2589 ait
885 2530 1331 2610 excommunionelargitionis
1338 2548 1523 2593 areanorum
1532 2532 1659 2617 illorum

68 2623 197 2701 Cyrillus
211 2623 438 2686 Alexandrinus
451 2632 477 2683 ⁶.
494 2624 531 2682 Et
539 2620 618 2682 libro
628 2639 713 2681 nono
726 2638 733 2680 :
752 2621 837 2682 «Per
884 2622 1052 2699 bonorum,
1068 2623 1226 2703 dignitatis
1237 2623 1332 2685 etiam
1345 2624 1599 2686 communionem
1614 2626 1659 2687 in·

68 2733 124 2792 me,
147 2717 263 2798 inquit,
287 2716 425 2796 loquitur
444 2720 596 2793 tanquam
620 2731 675 2794 per
695 2713 835 2775 Verbum
883 2716 1059 2796 telligamus
1078 2715 1101 2777 f.
1123 2715 1215 2778 »Sed
1238 2716 1306 2777 haeo
1326 2716 1365 2777 de
1386 2715 1522 2778 formula
1541 2718 1608 2796 ipsa
1627 2724 1659 2781 et

69 2809 237 2888 proprium,
260 2808 379 2889 perficit
397 2813 503 2869 autem
526 2813 557 2867 et
574 2811 721 2885 operatur
735 2805 833 2866 admi·
883 2814 991 2889 aperta
1009 2808 1106 2869 trium
1129 2808 1162 2868 in
1183 2827 1220 2869 ea
1238 2827 1441 2888 personarum
1462 2810 1657 2888 expressione

68 2902 161 2963 rande
174 2907 326 2981 tanquam
340 2919 395 2981 per
409 2901 556 2961 virtutem
571 2915 661 2959 suam
676 2896 729 2959 ⁶,s
883 2900 1033 2980 capienda
1054 2904 1138 2961 sunt.
1169 2900 1271 2960 Potuit
1293 2899 1378 2960 enim
1399 2900 1539 2962 Christus
1563 2902 1657 2964 unius

103 2994 304 3057 Antiocheam
327 2993 439 3074 synodi
462 2994 566 3053 Patres
585 2991 619 3051 in
637 2990 766 3070 epistola
785 3008 835 3071 sy·
882 2997 1005 3053 tantum
1030 2993 1222 3053 mentionem
1251 2991 1285 3051 in
1312 2991 1365 3052 illa
1389 2991 1556 3070 praefinire.
1585 2994 1656 3056 Non

68 3086 172 3148 uodiea
187 3092 296 3148 rooba
316 3085 446 3148 Paulum
468 3086 724 3146 Samosatenum:
744 3084 833 3144 «Per
881 3089 987 3147 tamen
1005 3084 1074 3145 fieri
1094 3089 1203 3164 potest,
1224 3088 1259 3142 ut
1274 3101 1338 3143 una
1358 3084 1513 3163 quaepiam
1538 3084 1655 3165 aliquid

68 3196 166 3257 quem,
177 3179 290 3259 inquit,
305 3181 394 3240 Pater
405 3177 512 3238 omnia
523 3176 596 3237 feeit
604 3193 669 3235 non
682 3180 833 3255 tanquam
882 3176 1071 3238 extrinsecus
1099 3176 1191 3238 iaciat
1218 3176 1284 3237 sine
1316 3176 1535 3238 communione
1563 3184 1653 3239 eaete-

67 3290 119 3350 per
127 3271 382 3347 instrumentum,
393 3288 495 3351 neque
507 3269 593 3329 velut
606 3285 662 3347 per
672 3268 832 3329 seientiam
880 3287 997 3331 rarum.

67 3364 191 3428 minime
223 3365 464 3439 subsistentem,
491 3380 564 3425 eum
595 3360 709 3422 seilicet
742 3361 832 3422 Pater
921 3363 967 3423 Ex
980 3363 1127 3424 omnibus
1147 3362 1213 3423 istis
1234 3380 1304 3441 quae
1325 3362 1566 3424 commemoravi
1583 3362 1654 3426 hae

66 3455 172 3520 Filium
188 3458 332 3539 genuerit
345 3464 494 3536 tanquam
507 3455 664 3516 viventem
678 3453 831 3514 audonem
880 3461 1125 3532 tenus,oonstare
1136 3456 1208 3516 satis
1217 3455 1358 3516 existimo
1369 3454 1481 3517 Filium
1489 3455 1545 3517 Dei
1555 3457 1654 3519 videri

65 3555 93 3610 et
109 3551 337 3627 subsistentem,
354 3551 539 3611 efficientem
559 3547 666 3608 omnia
679 3546 714 3607 in
728 3546 829 3607 omni·
879 3567 968 3628 posse
981 3549 1021 3609 ab
1033 3549 1169 3629 antiquis
1181 3548 1322 3631 Patribus
1333 3548 1462 3629 intelligi
1476 3548 1540 3610 vim
1554 3549 1654 3630 ipsam

65 3640 118 3705 bus
131 3653 184 3705 ’.ν
209 3645 318 3706 Petrus
330 3642 521 3703 Lombardus
541 3641 622 3701 bano
641 3639 829 3700 locutionem
880 3641 935 3702 Dei
964 3641 1149 3703 effectricem
1174 3645 1205 3701 et
1232 3640 1431 3702 efficientiam
1458 3659 1534 3703 esse.
1565 3642 1654 3715 Quod

60 3719 112 3815 per
121 3735 234 3797 Filium
243 3734 406 3817 dupliciter
413 3736 635 3814 interpretatur
647 3730 657 3765 ¹
671 3732 829 3812 :primum
878 3740 992 3814 praeter
1005 3733 1074 3794 iilos
1087 3732 1269 3794 Ambrosius
1280 3733 1408 3814 insuper
1421 3733 1533 3795 diserte
1546 3736 1654 3796 testari

64 3834 96 3890 nt
107 3829 189 3892 idem
207 3829 300 3891 sitae
318 3848 384 3890 rum
397 3826 474 3889 rito
492 3827 558 3888 siue
573 3844 636 3905 quo
656 3824 735 3886 nihil
752 3826 826 3904 agit.
877 3826 1000 3887 videtur
1009 3844 1081 3888 oum
1092 3827 1239 3888 adversus
1249 3824 1380 3887 Arianos
1388 3826 1653 3903 ostendit,Filium

63 3920 172 3984 Deinde
198 3945 214 3981 a
234 3929 270 3982 ut
297 3921 417 3984 dioetur
441 3921 531 3982 Pater
553 3920 587 3980 in
615 3918 689 3979 Filio
716 3923 747 3979 et
772 3936 829 3998 per
877 3938 943 3980 non
965 3920 1110 3999 ignorare
1123 3918 1232 3998 judieii
1248 3917 1341 3986 diem,
1358 3918 1432 3997 quia
1444 3925 1582 3998 paternae
1599 3939 1653 3999 po

63 4014 168 4078 Filium
190 4015 332 4096 operari,
358 4014 432 4094 quia
455 4032 529 4075 eum
553 4012 663 4092 genuit
684 4012 828 4073 omnium
876 4011 994 4073 testatis
1016 4030 1107 4073 exors
1130 4030 1195 4072 non
1215 4016 1290 4072 est:
1320 4011 1431 4071 «Cum
1456 4015 1590 4090 potestas
1612 4030 1652 4074 ex

62 4108 208 4187 opifleem,
216 4109 296 4170 sicut
306 4107 418 4168 dieitur
430 4107 518 4167 Pater
528 4122 584 4185 per
593 4122 666 4189 eum
674 4103 824 4182 judicare,
876 4104 1027 4184 sapientis
1042 4109 1072 4165 et
1085 4103 1199 4165 virtute
1210 4103 1366 4183 gignatur,
1382 4102 1468 4181 quod
1480 4109 1649 4183 utrumque

62 4201 130 4279 quia
141 4202 250 4283 genust
263 4201 412 4279 judicem.
430 4220 445 4258 s
460 4198 665 4260 Posteriorem
681 4196 762 4257 hanc
775 4215 824 4259 ra·
876 4196 1013 4259 Cirristus
1037 4199 1083 4258 est
1108 4194 1132 4257 ⁸.
1156 4217 1172 4254 u
1198 4196 1392 4275 Quapropter
1416 4212 1488 4256 oum
1510 4195 1572 4256 duo
1595 4196 1649 4258 illa

92 4383 114 4423 a
130 4369 223 4425 Ciuis.
237 4367 287 4424 lib.
303 4365 337 4423 tl
351 4367 382 4423 in
400 4370 485 4422 Joats.
509 4381 569 4437 cap.
585 4381 612 4431 1,
630 4380 657 4436 p.
674 4365 735 4421 987.
756 4363 822 4436 Πρὸς
870 4360 1006 4436 ἰγᾰννηοεν·
1020 4360 1085 4416 οὕτω
1093 4363 1134 4416 καὶ
1143 4362 1299 4434 δημιουργεῖν
1306 4357 1339 4414 δι’
1349 4358 1434 4426 αὐτοῦ,
1447 4361 1486 4417 ὅτι
1493 4363 1645 4436 δημιουργὸν

60 4453 103 4502 πᾶν
114 4450 193 4506 ὁτιοῦν
208 4450 304 4524 ἐνεργὸς
317 4448 423 4522 ὀπατὴρ
432 4448 465 4501 δι’
479 4447 563 4502 αὐτοῦ.
869 4446 942 4501 αὐτὸν
957 4444 1093 4520 ὶγῦννησον.

92 4534 108 4590 b
125 4534 209 4599 idern,
222 4535 273 4591 lib.
290 4534 337 4605 lx,
352 4550 378 4606 p.
391 4534 454 4590 783.
474 4530 513 4585 Δι’
532 4529 591 4604 ἐμοῦ
607 4530 655 4603 γὰρ
674 4531 749 4585 λαλεῖ
764 4529 819 4603 μὲν,
904 4528 1003 4586 elbid.
1019 4530 1193 4585 Hom-rcum
1205 4528 1236 4584 iu
1247 4531 1381 4599 Joou.‚p.
1397 4525 1561 4602 asama
1573 4528 1646 4604 γᾶρὸ

58 4614 136 4678 baut
148 4619 226 4691 λόγον
238 4621 282 4672 τοῦ
297 4617 369 4671 ἰδίου·
383 4614 543 4689 κατορθοῖδὲ,
558 4615 599 4668 καὶ
614 4613 709 4687 ἐνεργεῖ
718 4614 748 4668 τὰ
761 4614 820 4667 dut·
869 4612 951 4686 πατὴρ
961 4612 1067 4681 ἠδύνατο
1076 4612 1108 4668 τὰ
1122 4613 1182 4667 ὄντα
1191 4611 1379 4685 παραγαγεῖνὸ
1394 4610 1420 4665 δὲ
1433 4611 1485 4675 υἱὸς
1494 4611 1554 4668 αὐτὸ
1568 4616 1644 4679 ποιεῖ’,

58 4717 132 4768 ματος
142 4700 206 4767 ἄξια,
221 4701 256 4763 ὣς
270 4700 311 4754 διὰ
325 4700 451 4773 δυνάμεως
464 4699 538 4753 πάλιν
551 4702 595 4765 τῆς
605 4697 702 4751 ἑαυτοῦ.
868 4695 910 4749 ἵνα
929 4697 1045 4768 μάθωμεν
1061 4694 1136 4750 αὑτοῦ
1151 4694 1313 4768 τὴνδὺναμιν.

90 4799 105 4839 o
122 4785 204 4857 Epist.
221 4799 285 4855 syn.
310 4784 374 4839 int.
391 4789 458 4839 10111.
474 4782 485 4838 l
501 4780 640 4839 utiliori.
656 4783 714 4835 PP.
737 4782 818 4837 61113-
905 4779 926 4854 f
940 4779 1009 4836 ibid.
1031 4779 1077 4833 tat
1094 4779 1142 4853 γὰγι
1156 4779 1171 4833 ὁ
1186 4778 1267 4852 πατὴρ
1281 4778 1367 4833 sbrie
1378 4776 1520 4851 ἰργάζεοθαι
1531 4781 1641 4847 δύναται,

57 4871 161 4926 ott-Lat.
173 4871 201 4939 5,
214 4885 241 4940 p.
254 4867 317 4926 303.
330 4865 368 4921 Δι’
377 4860 427 4920 ott
440 4865 521 4937 πατὴρ
534 4865 615 4918 πάντα
621 4864 751 4932 πεποίηκεν
771 4862 820 4936 οὐχ
868 4862 909 4917 καὶ
920 4863 935 4917 ὁ
948 4863 1009 4929 υἱὸς,
1024 4864 1065 4916 καὶ
1080 4863 1110 4918 τὀ
1123 4866 1219 4935 maipa
1233 4863 1262 4916 τὸ
1273 4863 1353 4935 ἅγιον·
1370 4861 1428 4916 ἀλλ’
1443 4860 1524 4931 ἐπειδὴ
1534 4864 1643 4936 περὶτοῦ

56 4948 88 5011 ὣς
98 4952 129 5005 δι’
140 4951 356 5026 ὀργάνοι,οὸό’ὅις
364 4952 397 5005 δι’
404 4948 537 5021 ἐπιστήμης
545 4947 818 5020 ἇννποοτάτονγιννή·
867 4947 960 5020 πατρὸς
977 4945 1056 5008 abbeie
1071 4945 1231 5018 ἀμφιὸάλλιι,
1249 4946 1279 4999 rb
1292 4944 1320 4999 et
1333 4944 1471 5017 ἂμφίὸολον
1484 4942 1515 5014 ἦν
1529 4948 1584 5018 περὶ
1598 4951 1642 5001 τοῦ

57 5050 138 5098 emtor
152 5035 195 5109 pb
214 5035 364 5109 τοῦπατρὸς
378 5034 421 5088 τὶιν
442 5033 494 5087 υἱὸν
514 5032 547 5094 ὡς
572 5033 655 5095 ζῶσαν
684 5029 816 5105 ἐνέργειαν,
866 5029 930 5095 aiod,
945 5032 984 5084 sai
998 5034 1042 5083 τοῦ
1055 5029 1202 5100 πνεύματος,
1214 5028 1378 5100 παρείληπται
1388 5025 1453 5100 ἔντῇ
1468 5025 1639 5101 μοσταγιογῐα,

55 5117 93 5169 ταὶ
106 5115 267 5174 Medorum
276 5116 420 5191 ἔνιργοῦντα
434 5116 466 5171 τὰ
480 5117 559 5170 πάντα
573 5113 598 5169 ἔν
612 5117 696 5168 πᾶσιν.
864 5113 908 5166 ἵνα
922 5110 946 5167 ἔν
961 5116 991 5186 τῇ
1005 5111 1118 5182 κοινωνίᾳ
1131 5114 1175 5178 τῆς
1188 5111 1306 5183 χορηγὶας
1320 5114 1369 5164 τῶν
1384 5108 1529 5183 &redditus
1541 5108 1639 5165 ἐκείνων

86 5198 108 5257 d
125 5202 271 5260 Cnursosr.
285 5219 312 5274 p.
324 5202 387 5259 137.
407 5199 506 5272 Ὥσπερ
513 5199 561 5271 γὰρ
568 5198 656 5252 οὐδένα
669 5198 745 5271 spiret
756 5195 817 5252 tnt-
865 5196 963 5270 ἀγαθῶν
977 5195 1072 5264 ratris
1086 5192 1214 5249 κοινωνίαν
1229 5197 1272 5261 τῆς
1285 5191 1353 5256 ἀξίας
1365 5193 1600 5269 ιιαταμανθάνωγιιν.

56 5301 103 5350 ttt,
115 5288 154 5341 ut
165 5288 263 5360 λέγιτοιι
276 5285 363 5359 κρίνειν
377 5284 419 5339 διὰ
432 5287 476 5339 τοῦ
491 5282 543 5337 υἱοῦ
550 5323 559 5350 ,
579 5283 618 5338 ὅτι
633 5280 718 5356 κριτὴν
740 5280 815 5337 αὑτὸν

82 5412 147 5460 tua.
159 5416 189 5469 u,
200 5414 253 5461 ιιι.
265 5426 314 5460 1111.
328 5414 354 5459 u.
366 5436 394 5450 -
405 5416 420 5460 r
430 5416 493 5461 νων.
506 5424 553 5466 m,
571 5412 604 5458 is.
617 5433 645 5447 -
655 5410 746 5457 sama.
758 5409 798 5455 us.
813 5408 867 5456 vu
877 5409 938 5463 rae,
949 5420 1016 5455 0³11.
1081 5376 1085 5383 ⁴
1103 5378 1108 5389 ’

246 5521 323 5585 Tou,
347 5521 358 5581 1
1438 5513 1472 5575 {tt
