3952 6170
307 256 358 317 DE
377 256 453 317 DEO
473 252 617 329 ostoun
637 251 981 331 propellentium,
1003 255 1076 317 ΠΒ.
1099 255 1152 331 111,
1174 255 1258 317 GAP.
1281 256 1347 317 Vll.
1568 259 1629 321 299

49 422 96 499 Qui
106 420 208 483 natalis
219 418 320 499 inops,
333 436 393 481 neo
403 419 501 481 tinem
514 419 636 481 noverit
650 417 719 481 anui.
851 417 976 496 dieitur,
993 419 1105 494 «Quod
1114 421 1251 484 mundus
1264 426 1312 483 est
1322 426 1458 485 eternus
1471 429 1629 502 quanmm

48 518 86 579 lix
101 532 131 577 se
149 512 334 595 principium
355 511 405 579 cui
424 512 566 591 oontigit,
591 512 677 573 haud
696 514 803 573 manet
852 511 891 571 ed
906 528 1017 573 omnes
1030 513 1146 593 speeies
1159 514 1193 575 in
1207 532 1244 576 eo
1259 514 1479 577 mannase»
1503 516 1539 576 nt
1552 533 1627 579 vm:

713 605 803 683 [alter
855 603 971 677 «Quod
983 603 1171 686 impossihile
1185 613 1231 669 est
1244 608 1363 669 soluere
1376 608 1512 669 rationes
1527 609 1628 687 philo·

49 704 194 763 tumtum
204 712 303 775 meus,
313 698 473 760 nascentia
481 695 635 758 terminus
646 702 746 777 urget.
853 696 944 776 sophi
963 696 1002 758 de
1025 700 1196 761 aeternitate
1214 700 1364 761 mundi.»
1389 701 1426 761 Et
1445 717 1497 762 ru:
1516 701 1630 775 «Quod

852 790 990 852 mundus
1008 796 1054 852 est
1069 797 1215 868 aeternus,
1236 793 1309 874 qnia
1317 810 1411 854 omne
1434 793 1518 873 qnod
1535 794 1630 857 hebet

83 883 115 944 Χ.
135 883 373 959 ddextremnm,
389 880 548 943 christiani
559 880 732 960 euriptores,
748 880 804 961 qni
852 888 998 944 naturum
1012 901 1068 964 per
1082 903 1176 964 mam
1194 886 1289 966 possit
1304 904 1369 947 esse
1387 886 1420 947 in
1432 886 1538 947 lutuno
1549 891 1626 963 toto,

51 975 199 1039 mnata
224 976 263 1037 de
287 972 398 1037 muudi
423 973 595 1035 aeternitate
619 975 805 1035 sententiam
852 973 947 1036 habet
960 981 1105 1037 natumm
1126 996 1182 1057 per
1199 996 1294 1057 qnam
1316 978 1417 1058 potuit
1436 996 1501 1039 esse
1518 977 1629 1041 intuto

51 1074 260 1150 oppugnarunt,
280 1068 315 1129 in
328 1068 387 1129 hoe
399 1066 596 1147 potissimum
607 1066 675 1126 loeo
690 1067 803 1127 oonsu-
853 1068 1048 1146 praeterito.»
1065 1070 1126 1131 Sed
1139 1070 1223 1131 aliud
1235 1077 1281 1131 est
1294 1071 1448 1133 mundum
1460 1070 1499 1132 ab
1511 1077 1629 1133 aeterno

50 1166 138 1223 urunt
150 1178 241 1241 quem
255 1178 350 1241 supra
361 1157 469 1241 posui:
484 1159 702 1239 quodcumque
714 1158 760 1236 lit,
772 1158 805 1219 id
853 1160 951 1221 areeri
966 1161 1112 1241 potuisse,
1131 1162 1216 1225 aliud
1229 1163 1331 1243 reipsa
1344 1163 1489 1225 extitisse.
1508 1164 1629 1227 Horum

50 1261 196 1334 antequem
216 1252 306 1315 lieret
331 1253 472 1313 nondum
491 1251 638 1327 extitisse,
666 1251 806 1332 adeoque
854 1251 940 1313 enim
958 1253 1044 1333 prius
1064 1256 1140 1317 eitra
1160 1273 1299 1317 errorem
1322 1257 1513 1336 propugnari
1531 1261 1631 1336 potest

50 1364 103 1407 uon
120 1345 155 1407 eb
172 1351 289 1407 aeterno
306 1345 411 1422 luisse,
433 1345 570 1405 maxime
581 1344 635 1405 illa
652 1362 722 1423 quae
741 1363 807 1405 sue
854 1349 889 1404 ut
910 1363 929 1406 a
955 1346 1108 1427 plerisque
1131 1348 1322 1424 defenditur,
1352 1354 1384 1410 et
1407 1350 1488 1410 inter
1514 1349 1589 1410 alios
1611 1369 1631 1412 a

50 1438 167 1500 unione
192 1443 336 1500 onustant
357 1442 393 1497 nt
410 1442 534 1517 tempus
557 1455 593 1498 ae
618 1443 732 1498 motus
757 1437 807 1498 Sia
855 1435 979 1499 Nimlao
994 1440 1114 1501 (insano
1125 1440 1149 1516 ¹,
1170 1441 1322 1521 posterius
1341 1441 1454 1505 falsum
1470 1460 1506 1503 ee
1519 1442 1630 1503 merito

50 1529 213 1592 lustiunsin
228 1529 439 1591 meditatione
454 1530 637 1609 dogmatum
657 1528 805 1591 Arietate
855 1529 894 1591 ab
909 1532 1065 1611 Stephano
1083 1533 1267 1597 mennatum
1282 1539 1329 1597 est
1345 1534 1485 1614 pluribus
1502 1534 1537 1597 in
1555 1533 1629 1595 erti-

49 1622 172 1698 lieorum,
189 1620 279 1702 eujus
292 1622 351 1683 iste
370 1628 444 1684 sunt
457 1621 553 1684 rerba
569 1640 577 1682 z
594 1622 653 1683 aSi
666 1621 699 1682 id
713 1639 806 1684 omne
855 1622 932 1685 aulis
945 1624 1050 1704 capitis
1066 1625 1159 1689 illius.

50 1716 120 1796 qnod
129 1715 163 1776 lit
174 1719 342 1795 uunquam
358 1714 446 1777 fieret
461 1732 527 1776 non
539 1719 616 1790 eret,
636 1732 701 1774 non
713 1714 808 1794 igitur

50 1813 184 1870 menum
209 1812 242 1869 et
275 1806 419 1889 principii
452 1822 563 1888 expers
591 1812 715 1887 tempus
748 1813 805 1869 est.

50 1903 135 1975 uene
154 1918 254 1982 noune
276 1905 380 1962 mans
404 1906 451 1962 <ut
472 1906 608 1962 eamus
637 1918 808 1981 expersque
1076 1899 1264 1983 CAPUT
1303 1903 1404 1984 Vll.

50 1993 183 2074 prindpii,
194 1993 284 2074 euius
297 2008 449 2056 numerus
460 1997 507 2054 est
517 1997 674 2073 tempnst.
686 2010 702 2050 ν
715 1993 809 2054 Plura

50 2086 165 2148 ididem
175 2091 398 2167 argumentum
412 2086 446 2147 in
464 2102 502 2147 eo
513 2085 582 2146 loeo
598 2085 806 2164 disputaunrr,

50 2192 109 2258 qua
130 2174 385 2259 philosophorum
418 2176 686 2239 lucubrationibus
709 2178 809 2258 magis
857 2174 902 2238 De
920 2174 979 2238 Ilei
997 2176 1193 2239 immensitate
1213 2174 1369 2238 samnium
1386 2176 1491 2238 lorum.
1514 2177 1630 2240 Eorum

51 2275 208 2351 eongnrunt
230 2287 327 2351 Qum
350 2270 580 2349 theologorum,
603 2270 808 2349 quemadmo-
896 2287 983 2330 error
1002 2269 1057 2351 qui
1069 2288 1127 2330 non
1150 2269 1257 2351 οῠίᾳοο
1279 2287 1337 2330 ease
1359 2266 1451 2331 Deam
1464 2270 1632 2333 nitatontio

52 2364 115 2423 dunr
135 2369 164 2425 et
185 2362 240 2424 illa
266 2380 337 2442 quae
364 2362 425 2423 late
455 2362 646 2442 Philoponus
668 2363 703 2422 in
729 2362 809 2424 libro
892 2369 1052 2443 putarunt,
1074 2368 1134 2425 turn
1148 2361 1373 2439 'hereticorum
1396 2381 1485 2444 quum
1511 2371 1630 2425 coetero·

52 2461 143 2515 eoum
153 2454 262 2517 mundi
274 2455 479 2516 eternitatem
491 2456 620 2535 ejusque
636 2472 810 2534 propugna·
898 2472 978 2529 rum,
990 2463 1017 2514 et
1032 2453 1180 2535 rinprirnia
1191 2453 1350 2536 Enguiini
1369 2474 1403 2516 aa·
1420 2455 1541 2534 Veratii,
1562 2456 1631 2538 qni-

51 2551 136 2609 torem
158 2547 301 2609 Proelnm
329 2549 481 2628 exposuit.
509 2547 569 2610 Ubi
587 2547 661 2609 trita
683 2547 736 2608 illa
756 2548 810 2609 sed
900 2544 951 2606 bau
963 2544 1192 2627 Scriptururum
1210 2546 1359 2628 imprimis
1371 2548 1531 2609 auctoritas
1544 2568 1633 2632 oppo-

52 2637 364 2701 tirmiseimuaduersue
381 2640 578 2701 Aristotelem
594 2636 710 2719 objicit,
726 2639 810 2720 quod
899 2638 984 2699 nitur
1022 2646 1187 2700 annnorum
1229 2639 1358 2701 Petrum
1392 2641 1633 2723 interpretatione

52 2732 233 2792 etiulinitum
243 2737 315 2793 autu
328 2750 364 2792 ae
377 2732 478 2811 reipsa
491 2732 620 2811 punitur
633 2731 659 2792 si
673 2731 811 2793 mundus
896 2728 1027 2810 firmate,
1042 2750 1093 2792 nee
1102 2750 1160 2791 nou
1176 2728 1338 2793 Gentilium
1348 2733 1479 2814 iptorum
1488 2733 1633 2815 suffragio

52 2824 135 2883 extitit
150 2824 188 2884 ub
204 2830 332 2899 eterno,
348 2828 554 2903 eontraquam
568 2823 629 2903 ipsi
647 2824 749 2885 visum
766 2828 812 2885 est
898 2821 1034 2904 prolata.
1049 2821 1168 2904 Cyrilli
1176 2824 1276 2904 opinio
1288 2823 1324 2885 de
1337 2824 1482 2887 veteribus
1496 2825 1633 2887 Patriae

52 2916 198 2991 ineunte
220 2918 335 2997 quippe
352 2934 424 2977 enm
439 2915 564 2977 infinita
577 2933 709 2977 numero
728 2916 809 2977 iudi·
898 2914 969 2992 enti,
988 2915 1042 2995 qni
1057 2915 1276 2977 immunitatem
1285 2916 1344 2978 Dei
1351 2936 1409 2978 non
1420 2917 1630 2980 intellexerint.

52 3007 131 3069 uuna
141 3027 245 3071 rerum
261 3010 403 3070 omnium
421 3009 596 3084 extiterint,
611 3025 680 3087 quae
692 3026 731 3069 ex
743 3008 812 3069 infi-
901 3004 1059 3069 Cunmune
1070 3004 1243 3069 ludaeorum
1252 3005 1403 3070 tenuat
1412 3028 1447 3071 eu
1460 3009 1576 3072 r'naea'tia
1588 3009 1633 3073 la·

52 3100 105 3161 nito
114 3102 272 3163 interuallo
284 3107 390 3163 ortum
400 3102 589 3163 habuerunt.
602 3102 638 3161 Et
650 3100 811 3162 inlinitum
885 3097 1023 3160 'bomne
1039 3098 1149 3160 Veteres
1157 3096 1279 3180 quedam
1288 3099 1406 3170 Petrei,
1423 3101 1478 3182 qui
1488 3101 1588 3163 itiiem
1598 3110 1634 3163 ut

52 3194 161 3254 ueniri
176 3193 394 3274 exhauririqne
408 3193 518 3274 potuit,
539 3194 688 3273 qnoniam
710 3193 812 3254 infini-
901 3189 952 3251 isti
969 3190 1085 3253 seruisse
1104 3189 1250 3261 eadmer,
1274 3191 1456 3254 commodum
1469 3191 1510 3256 uel
1521 3211 1632 3256 meum

51 3290 139 3346 tarum
155 3286 390 3366 generationum
408 3304 606 3367 quocumque
621 3287 655 3346 in
671 3291 813 3365 ternpore
901 3282 1078 3364 referentur.

52 3384 191 3455 poeuemu
213 3380 369 3460 designari
397 3385 508 3459 potest.
539 3378 626 3441 Adde
653 3377 812 3440 infinitum

52 3468 115 3532 illud
125 3473 273 3552 temporis
283 3473 417 3552 spetlum
431 3472 516 3551 quod
527 3489 566 3532 ex
577 3475 695 3531 aeterno
709 3469 810 3548 fluxit,
901 3468 925 3528 Ι.
948 3469 991 3530 lle
1005 3469 1179 3530 eternitate
1193 3468 1268 3545 dixi,
1285 3488 1356 3549 quae
1371 3475 1418 3531 est
1431 3470 1489 3533 oevi
1502 3490 1539 3532 ae
1552 3479 1632 3535 tem·

52 3561 125 3624 linita
147 3564 344 3644 singulorum
367 3564 503 3644 exempli
530 3582 623 3625 eausa
645 3563 812 3625 hominum
862 3559 945 3639 poris
958 3560 1161 3622 immensitas.
1173 3562 1253 3622 Huie
1262 3579 1368 3623 eomes
1377 3562 1578 3642 adjungenda
1588 3571 1634 3626 est

53 3654 110 3716 vite
129 3657 290 3719 interualla
317 3674 503 3738 componere
528 3676 535 3717 ε
556 3655 681 3717 finitttm
706 3661 813 3716 autem
861 3652 1053 3713 immensitas
1066 3653 1174 3728 altera,
1186 3672 1256 3733 quae
1271 3654 1305 3715 in
1314 3655 1413 3734 spatio
1424 3674 1459 3715 ao
1470 3656 1539 3716 loeo
1549 3675 1634 3737 speo-

53 3746 126 3808 finito
138 3750 295 3812 addietum
314 3768 380 3811 non
400 3755 499 3830 potest
518 3748 678 3810 infinitum
695 3748 813 3827 aliquid
860 3750 956 3806 tetur.
968 3746 1048 3806 Nam
1061 3745 1178 3826 duplex
1191 3745 1312 3808 allectio
1326 3765 1394 3808 rem
1409 3765 1537 3810 omnem
1551 3749 1631 3810 exis·

53 3838 145 3902 nuere
860 3842 980 3898 mntem
998 3837 1182 3899 naturaliter
1201 3839 1352 3918 sequitur,
1372 3839 1460 3900 loeus
1486 3845 1517 3901 et
1546 3846 1630 3915 aetas,

83 3931 130 3993 list
151 3940 183 3995 et
203 3928 289 3996 eliud
309 3940 530 4013 argumentum
549 3950 612 4013 quo
635 3931 813 3994 Anastasius
861 3947 956 4008 qnam
965 3927 1148 3991 derationare
1161 3935 1313 3991 nostrates
1322 3931 1498 4011 philosophi
1507 3938 1630 3993 vocant.

54 4023 246 4088 Auioehenua
266 4026 422 4087 mundum
438 4026 478 4087 ab
495 4029 613 4086 aeterno
631 4041 697 4084 non
719 4024 813 4086 nisse
861 4022 981 4102 Quippe
993 4028 1064 4083 tum
1077 4021 1191 4083 alieubi
1205 4039 1270 4083 esse
1283 4022 1317 4083 id
1330 4023 1415 4102 quod
1429 4029 1475 4086 est
1492 4030 1630 4103 oportet,

55 4116 146 4192 probet
171 4119 205 4179 in
232 4119 373 4180 oratione
402 4116 438 4180 de
463 4115 674 4199 Euangeliemo
708 4116 813 4179 Beate
860 4119 929 4175 tum
944 4115 1121 4193 eliquuandu.
1138 4115 1228 4188 Quod
1236 4114 1322 4176 enim
1334 4115 1386 4176 uel
1399 4133 1566 4195 nusquam,
1583 4117 1633 4178 vel

54 4205 147 4271 tntu
162 4210 308 4293 Virginei,
336 4228 432 4291 quam
448 4208 719 4272 annuntiationem
741 4209 814 4270 diei·
861 4223 1025 4286 nunquam
1041 4224 1106 4267 esse
1120 4205 1245 4282 dieitur,
1261 4206 1294 4267 id
1313 4206 1458 4269 estnihil.
1472 4209 1512 4271 Ut
1525 4213 1633 4270 autem

54 4316 121 4362 urus.
137 4304 284 4365 «Etenim
296 4302 330 4365 id
343 4304 431 4383 enjus
443 4307 809 4383 perteseorrumpuntnr,
861 4299 907 4359 rei
922 4304 968 4360 est
986 4314 1051 4360 esse
1069 4299 1133 4380 siue
1152 4299 1294 4375 essentia
1319 4300 1363 4362 sio
1383 4301 1453 4376 iste,
1469 4319 1540 4381 que
1555 4302 1630 4379 dixi,

54 4389 148 4472 iuquit,
175 4401 280 4456 totum
300 4395 404 4475 ipsum
423 4394 606 4475 eorruptelae
633 4398 680 4454 est
702 4411 811 4474 eapux.
860 4392 924 4453 dno
938 4397 1022 4452 sunt.
1034 4390 1157 4453 Etenim
1169 4409 1306 4472 qnorum
1318 4392 1407 4454 finita
1420 4393 1634 4474 eneumserip

54 4482 140 4556 Quare
174 4504 248 4549 eum
279 4492 383 4567 pertas
414 4486 525 4548 mundi
559 4490 810 4565 eorrumpuntur,
860 4484 1202 4564 nqureestsuhstantie,
1218 4485 1634 4549 eorumterndefinitumest

53 4590 151 4659 nempe
161 4585 247 4641 totns
261 4580 356 4641 etiam
365 4584 582 4659 eorrumpetnr
595 4579 671 4659 ipse.
684 4578 754 4640 Non
767 4583 814 4639 ast
860 4577 996 4657 spatium
1014 4577 1049 4637 in
1072 4594 1134 4656 quo
1158 4578 1307 4654 existunt,
1333 4595 1429 4657 quam
1456 4585 1581 4659 tempus
1598 4580 1633 4641 in

53 4666 134 4745 igilur
145 4670 333 4734 eternust.»
355 4672 440 4733 Inter
455 4670 600 4732 urnuuloe
620 4670 814 4732 damnatosa
860 4687 924 4748 quo
934 4675 1018 4745 sunt,
1030 4687 1134 4731 essere
1144 4675 1317 4750 eoepernnt.
1333 4672 1413 4732 Nam
1427 4671 1512 4752 qnod
1526 4671 1630 4752 eoepit,

55 4759 194 4841 Stephano
215 4764 380 4826 Parisiensi
408 4764 552 4844 episeopo
577 4781 659 4824 nnus
682 4768 727 4824 eat
750 4780 813 4842 qno
861 4766 1030 4841 antequam
1043 4762 1196 4841 inciperet
1208 4781 1273 4826 non
1286 4761 1356 4824 fuit.
1377 4764 1484 4844 ltaque
1498 4769 1583 4826 eerto
1598 4764 1633 4824 in

82 5006 102 5047 u
115 4992 216 5051 imru.
232 4992 343 5052 eouiut.
356 5006 431 5075 3¹¹¹·
451 4993 541 5049 Εὶοᾶν
556 4994 586 5050 at
606 4995 750 5067 γιγνόμενον
764 4993 813 5066 apl>
898 4992 1032 5049 barin.
1047 4993 1078 5050 in
1103 4992 1217 5050 tleursii
1235 4992 1303 5051 edit.
1326 4994 1456 5064 lugdun.
1472 4995 1530 5052 Bet.
1555 4992 1632 5049 Ἀλλὰ

54 5078 91 5126 τοῦ
108 5077 213 5149 γενέσθαι
226 5077 271 5132 οὔκ
283 5075 328 5149 ἢν,
349 5076 394 5131 οὒκ
407 5078 455 5151 ἄρα
480 5073 558 5140 ἀίδιός
571 5095 607 5143 τε,
622 5077 663 5130 καὶ
677 5076 814 5151 ἄναρχοςὸ
861 5075 958 5138 πάντως
972 5073 1001 5129 οὖ
1014 5075 1046 5129 τὰ
1061 5076 1122 5148 μέρη
1136 5076 1290 5148 φθείρονται,
1310 5076 1439 5130 τοῦτοκαὶ
1454 5076 1484 5130 τὸ
1498 5077 1557 5131 ὅλον
1571 5077 1629 5149 plo·

54 5158 139 5227 pisae
152 5160 192 5217 tn
205 5159 398 5231 οὔτιὴκίνησίς
411 5159 476 5218 lustr
490 5157 569 5225 duta
583 5180 619 5228 ta,
634 5159 811 5235 καὶᾶναρχος,
862 5156 1074 5232 pictavenensi
1094 5158 1121 5212 et
1147 5158 1179 5213 τὰ
1201 5159 1262 5231 μέρη
1289 5163 1334 5215 τοῦ
1360 5159 1455 5232 κόσμον
1482 5158 1630 5234 φθείρονται,

55 5230 78 5302 ἧς
88 5239 101 5293 l
112 5243 199 5316 χρόνος
212 5240 277 5299 laste
291 5243 403 5319 ἀριθμός.
860 5242 977 5312 δηλονότι
990 5242 1031 5296 καὶ
1044 5241 1074 5297 τὸ
1087 5241 1147 5297 ὅλον
1160 5240 1319 5314 plantatur·
1327 5239 1415 5297 niuniu
1429 5240 1475 5299 οὖν
1489 5238 1577 5308 ἀΐδιος.

78 5451 155 5501 l'lon.
167 5457 202 5502 Π.
215 5458 316 5505 sunau
328 5460 421 5505 Putrem
432 5469 481 5514 eap.
495 5469 524 5501 ur.
538 5453 793 5502 nr.e.-snu.1.ee
803 5455 853 5501 lieu.
864 5454 937 5512 lunen.
950 5467 999 5511 cap.
1011 5466 1068 5499 xm.
1081 5465 1131 5510 pag.
1144 5452 1178 5499 ll.
