3942 6168
319 389 380 448 250
825 374 1151 439 Tflsowalcouuu
1171 372 1401 437 DOGMATUM.

322 548 552 629 argumentatio
565 544 649 626 apud
659 542 824 606 Alcinoum
833 540 869 603 in
877 538 1090 603 librodeDoe-
1139 557 1222 615 rum,
1240 536 1373 602 essentia
1393 538 1481 601 nulla
1496 539 1653 602 contraria
1666 538 1742 617 σεῖ’,
1758 564 1774 600 ε
1792 544 1833 603 ait
1844 543 1891 605 lu

321 638 557 715 trahoPlotomi,
577 637 676 717 capite
691 635 824 697 decimo.
840 634 919 696 Vide
935 640 966 695 et
976 634 1012 695 R.
1028 634 1092 695 llo
1139 633 1295 710 guatinas.
1311 630 1407 712 idque
1421 650 1460 694 ex
1474 651 1510 694 eo
1529 640 1725 713 compertum
1748 640 1805 711 est,
1825 639 1891 716 quod

319 752 386 796 sem
405 730 636 795 Maiemoniden
650 729 685 789 in
698 728 801 808 primo
814 726 907 801 libro,
933 724 987 805 qui
1008 724 1092 787 More
1140 742 1233 804 supra
1256 722 1421 786 definitum
1443 723 1522 801 est⁸,
1548 726 1603 786 Dei
1622 727 1790 788 essentiam
1812 728 1842 788 in
1863 748 1892 790 eo
1958 716 1959 739 ¹

318 824 477 887 Νιόοοίιίιιι
484 820 665 885 inscribitur
672 820 771 900 capite
781 835 828 879 nv.
841 820 908 880 Huc
917 817 998 879 reier
1007 819 1091 896 quod
1140 818 1277 878 maxime
1294 816 1386 878 sitam
1403 834 1480 893 esse,
1499 824 1534 877 ut
1553 816 1595 877 sit
1613 816 1648 878 id
1657 814 1735 900 qaod
1746 828 1788 881 est
1802 821 1892 888 sicea
1958 848 1959 851 ¹

318 916 473 980 Maximus
486 920 605 995 martyr
619 914 653 974 in
663 912 769 974 lihello
780 912 817 972 dc
831 911 971 972 humana
984 911 1091 971 anima
1139 921 1178 986 to,
1193 911 1276 971 unde
1298 913 1329 970 ct
1348 918 1454 990 πέλαγος
1469 923 1512 986 τῆς
1525 914 1620 984 cteta,
1639 911 1771 974 esseota‘oe
1785 912 1893 997 pelopea

318 1008 466 1090 disputat,
488 1006 544 1069 uhi
571 1024 641 1068 eam
661 1003 871 1065 immortalem
894 1020 959 1064 esse
979 1002 1091 1083 prohat
1139 1004 1178 1065 ab
1194 1001 1341 1081 Gregorio
1356 1002 1549 1063 Nazianzeno
1566 1001 1710 1081 dieitur‘,
1726 1004 1767 1065 ab
1782 1004 1893 1071 Alcinoo

182 1085 263 1130 “im
318 1102 393 1182 quia
402 1101 535 1182 simplex
544 1105 601 1161 est.
613 1098 733 1177 Quippe
744 1118 760 1155 ιι
770 1115 808 1157 ex
817 1115 855 1157 eo
865 1096 949 1175 quod
958 1095 1090 1176 simplex
1139 1106 1246 1177 πέλαγος
1260 1109 1304 1158 τοῦ
1318 1102 1406 1165 καλοῦ,
1415 1094 1648 1176 pulchritudinis
1651 1095 1804 1178 ρώματ’.
1812 1099 1893 1174 Quare

149 1139 295 1256 ῂίίίῐίίίίίΠΡ
318 1192 438 1273 aliquid
448 1198 504 1268 est,
521 1207 715 1269 consequens
725 1192 846 1249 estesse
856 1188 1043 1249 immortale.
1056 1188 1090 1249 ld
1139 1189 1168 1250 ei
1182 1189 1267 1269 quod
1283 1204 1444 1249 summum
1458 1192 1504 1249 est
1522 1188 1588 1263 ens,
1612 1188 1646 1249 id
1660 1190 1764 1251 solum
1778 1198 1823 1253 est
1836 1212 1894 1255 eon-

160 1246 281 1357 quiippe·
318 1284 475 1364 quomodo
489 1284 543 1344 ilat
564 1281 680 1362 accipe.
698 1279 784 1341 Nihil
804 1296 914 1341 corum
932 1296 1002 1358 quae
1017 1285 1091 1341 sunt
1138 1280 1272 1342 tracium
1294 1279 1378 1360 quod
1397 1285 1443 1341 est
1459 1297 1581 1342 summe
1599 1280 1689 1343 nihil.
1706 1282 1794 1344 Nihil
1806 1292 1893 1348 auten

317 1378 422 1457 ipsum
440 1376 489 1437 sui
512 1372 733 1453 corrumpendi
751 1371 816 1432 vim
834 1369 938 1431 hahet.
963 1370 1090 1450 Alioqui
1139 1372 1257 1433 nullam
1271 1390 1397 1452 prorsus
1408 1368 1606 1435 efficientiam
1614 1374 1718 1451 habet,
1730 1375 1894 1458 nihilagere

317 1488 357 1531 ne
373 1469 413 1530 ab
427 1467 519 1529 initio
538 1466 665 1547 quidem
679 1470 819 1525 constare
833 1464 993 1543 potuisset.
1010 1464 1090 1525 Nam
1139 1470 1239 1545 potest
1252 1483 1353 1543 neque
1368 1470 1488 1526 mutare
1502 1465 1635 1527 alterum
1649 1472 1704 1527 aut
1715 1468 1892 1548 extinguere.
1959 1494 1960 1551 3

317 1580 387 1641 quaa
415 1562 678 1638 corrumpuntur,
692 1575 723 1617 a
756 1555 921 1616 contrariis
948 1574 1089 1617 conmm-
1139 1558 1239 1632 Quare
1255 1575 1357 1636 neque
1371 1556 1411 1618 ah
1426 1557 1538 1635 nihilo,
1555 1558 1589 1620 id
1608 1564 1654 1621 est
1672 1561 1892 1641 contrariosuq
1959 1560 1960 1581 ³

317 1658 446 1733 puntur.
469 1652 542 1713 ldeo
562 1648 715 1730 quidquid
733 1647 943 1728 corrumpitur
957 1644 1089 1710 dissolu·
1138 1649 1203 1729 pati
1215 1651 1295 1711 Deus
1309 1652 1410 1730 potest
1419 1649 1458 1711 ah
1472 1668 1547 1712 eove
1557 1652 1728 1733 eorrumpi.

316 1744 381 1806 hile
403 1748 459 1806 est.
481 1741 571 1817 Quod
591 1748 696 1803 autem
719 1739 898 1802 dissolubile
917 1745 974 1817 est,
995 1740 1090 1803 etiam
1179 1742 1250 1803 Plus
1281 1742 1375 1803 etiam
1403 1741 1522 1822 aliquid
1554 1744 1707 1806 Maximus
1739 1747 1823 1826 apud
1848 1748 1894 1809 liu-

316 1835 592 1916 eompositumest.
605 1832 900 1913 compositumvero
914 1850 1008 1894 omne
1021 1852 1090 1913 par-
1138 1832 1296 1914 thymium
1310 1832 1417 1910 dicit⁰,
1440 1834 1496 1914 qui
1517 1854 1557 1897 ne
1578 1836 1683 1917 ipsum
1704 1836 1832 1918 quidem
1849 1856 1893 1901 ooo

315 1929 400 1989 tibus
415 1932 546 1988 constat.
559 1927 654 1987 Porro
669 1926 754 2004 quod
764 1925 952 2005 expertibus
967 1944 1090 2006 compo
1138 1944 1195 1987 esse
1209 1929 1271 1988 Deo
1291 1932 1396 1988 censet
1410 1944 1476 1988 esse
1497 1928 1700 1990 contrarium.
1720 1951 1736 1989 ιι
1755 1930 1844 2007 Deus,
1857 1930 1894 1993 in

316 2020 413 2097 nitur,
433 2019 544 2099 utique
560 2017 775 2080 differentibus
797 2034 835 2078 ex
857 2016 998 2097 partibus
1019 2038 1090 2080 eon-
1139 2018 1218 2098 quit,
1230 2024 1266 2079 nt
1280 2018 1336 2098 qni
1349 2018 1417 2100 ipsa
1430 2022 1477 2080 est
1490 2019 1895 2103 existentiaethonitasipm
1960 2022 1961 2091 I

316 2112 419 2175 flattu.
435 2110 507 2174 Jam
521 2111 605 2190 quod
619 2110 765 2171 differens
780 2112 836 2185 est,
853 2127 918 2169 non
932 2115 978 2170 est
991 2108 1087 2172 idem.
1139 2115 1169 2171 ei
1179 2109 1246 2191 ipsa
1260 2111 1421 2191 sapientia,
1436 2112 1588 2192 velsupra
1596 2112 1664 2175 haec
1673 2114 1781 2176 omnia
1794 2116 1892 2196 potins,
1960 2104 1961 2137 ³

316 2206 415 2285 lgitnr
431 2204 538 2265 anima
555 2220 628 2263 cum
644 2202 685 2263 sit
703 2201 845 2282 simplex,
862 2219 920 2262 nee
941 2219 979 2263 ex
999 2202 1088 2266 diffe-
1138 2201 1219 2263 nihil
1241 2202 1336 2265 habet
1356 2201 1486 2264 omnino
1511 2205 1715 2285 contrarium,
1736 2224 1787 2269 res
1807 2214 1895 2271 auten

315 2295 456 2359 rentibus
476 2295 609 2357 conflata
629 2294 780 2374 partibus,
796 2310 898 2373 neque
920 2296 1090 2374 composita
1138 2300 1371 2374 ereataeutquae
1378 2295 1532 2357 universae
1540 2295 1667 2376 quidem
1675 2299 1895 2381 participatione

316 2394 372 2465 est,
389 2405 489 2467 neque
499 2386 700 2448 dissolubilis.
717 2385 789 2447 Ideo
803 2385 984 2465 incorrupta
993 2392 1024 2446 et
1032 2388 1091 2450 im·
1138 2406 1174 2449 ae
1187 2386 1288 2467 gratia
1302 2388 1418 2448 sortitae
1435 2386 1499 2449 sint
1511 2388 1718 2467 existentiam,
1733 2410 1839 2454 earum
1849 2412 1894 2455 au·

316 2480 457 2543 mortalis
471 2483 549 2540 esta
562 2501 577 2538 ν
1137 2486 1202 2542 tem
1222 2498 1292 2559 qna
1311 2480 1433 2541 ratione
1450 2479 1722 2563 intelligentiaque
1740 2491 1815 2546 sunt
1828 2504 1894 2566 pra-

356 2573 394 2633 V.
417 2573 570 2633 Praeterea
595 2568 683 2631 nulla
713 2587 762 2631 res
785 2568 825 2630 ab
848 2568 945 2630 simili
967 2589 1001 2632 re
1024 2571 1089 2653 pati
1138 2572 1223 2647 ditae,
1239 2572 1334 2634 etium
1347 2572 1387 2633 ad
1400 2572 1572 2635 honitatem
1587 2576 1813 2655 etsapientiam
1822 2576 1895 2639 hahi-

315 2664 489 2744 quidquam
503 2667 614 2743 potest.
634 2662 694 2723 Sed
709 2662 937 2723 contrariorum
955 2663 1038 2725 inter
1056 2684 1088 2727 se
1137 2665 1257 2727 litatem
1266 2670 1365 2725 nactae
1375 2664 1448 2742 sint,
1458 2664 1575 2727 habent
1583 2670 1788 2745 contrarium,
1798 2687 1894 2750 nempe
1961 2678 1962 2731 l

316 2756 419 2817 omnis
433 2755 513 2817 actio
531 2760 577 2816 est
593 2761 624 2816 et
643 2754 756 2834 passi0,
778 2759 823 2829 ut,
839 2751 1018 2817 Aristoteles
1032 2758 1088 2818 do·
1138 2757 1323 2836 eiquodest
1337 2776 1402 2818 esse
1416 2774 1567 2836 nonesse,
1583 2759 1740 2822 habilitati
1753 2780 1895 2840 veroque
1961 2758 1962 2813 ἶ

315 2847 393 2925 cet¹,
409 2846 464 2928 qui
478 2866 515 2909 ea
527 2866 598 2927 quaa
609 2852 707 2926 agunt
719 2847 855 2907 invicem
870 2853 900 2907 et
913 2847 1086 2927 patiuntur,
1137 2851 1220 2911 inest
1236 2849 1298 2910 illis
1312 2849 1353 2909 ad
1368 2849 1540 2911 honitatem
1556 2856 1587 2912 et
1607 2852 1803 2932 sapientiam,
1818 2852 1894 2915 mali·

314 2940 373 3002 suh
387 2939 497 3002 eodem
512 2957 638 3019 genere,
654 2938 755 3019 specie
770 2957 835 3000 esse
851 2938 983 3016 diversa,
1000 2941 1089 3003 adeo
1136 2942 1214 3003 tiam
1227 2945 1259 3003 et
1273 2940 1514 3021 ignorantiam0.
1532 2963 1548 3001 ν

314 3051 376 3113 que
390 3032 544 3095 contraria
558 3035 701 3111 oportere
710 3031 796 3107 dicit,
817 3051 833 3089 (ι
846 3031 881 3092 in
890 3031 1005 3110 quibus
1015 3032 1088 3096 solis
1178 3033 1265 3109 Quod
1278 3033 1424 3113 equidem
1434 3053 1470 3095 eo
1481 3052 1572 3096 sensu
1584 3035 1736 3117 scriptum
1749 3037 1895 3099 aliaximo

315 3131 402 3187 ortus
416 3124 624 3203 interitusque
637 3123 830 3185 versanturt
847 3145 863 3182 u
880 3123 920 3185 nt
935 3143 1009 3186 vero
1024 3128 1088 3187 Deo
1137 3132 1224 3206 puto,
1239 3125 1358 3206 utquia
1372 3144 1536 3206 nunquam
1549 3147 1615 3188 non
1630 3128 1734 3190 extitit
1748 3130 1836 3205 Deus,
1849 3147 1894 3191 nc·

314 3218 396 3278 nihil
414 3223 461 3279 est
476 3216 679 3278 contrarium.
698 3216 778 3277 Nam
796 3236 812 3274 ιι
830 3215 860 3276 ei
879 3220 999 3278 natiuae
1017 3236 1087 3298 qrrae
1137 3236 1197 3297 que
1211 3236 1351 3279 nonesse
1365 3223 1466 3298 potest
1479 3237 1631 3298 unquam,
1647 3221 1764 3283 nonsit
1777 3223 1896 3302 eioppo
1962 3226 1963 3297 l

314 3326 437 3370 summe
460 3315 517 3385 est,
543 3327 606 3388 qua
630 3308 763 3369 iaciente
786 3313 860 3369 sunt
882 3326 1088 3389 quacumque
1137 3309 1383 3372 sitnmnonens.
1396 3312 1461 3372 Hoc
1475 3312 1561 3373 enim
1575 3330 1641 3373 non
1655 3312 1718 3375 alia
1732 3313 1896 3375 rationeest

314 3405 397 3475 stant,
413 3399 571 3462 contraria
583 3403 697 3460 natura
712 3418 777 3460 non
794 3404 840 3460 est
855 3398 918 3460 nisi
934 3418 1004 3479 quae
1023 3420 1088 3463 non
1138 3402 1316 3482 oppositum
1330 3402 1406 3479 enti,
1426 3422 1521 3483 quam
1537 3409 1573 3464 ut
1588 3406 1744 3467 terminus
1760 3407 1829 3468 sita
1843 3423 1895 3486 qno

314 3498 370 3554 est.
382 3492 419 3553 Ei
435 3491 552 3572 quippe
566 3490 650 3571 quod
667 3495 723 3566 est,
736 3510 801 3551 non
815 3510 880 3553 esse
897 3493 1088 3554 contrarium
1137 3494 1351 3575 proficiscatur
1363 3514 1418 3557 ens
1432 3502 1487 3558 aut
1500 3497 1534 3557 in
1549 3514 1643 3576 quem
1653 3497 1784 3560 desinat.
1800 3498 1897 3578 Siqui-

313 3589 370 3646 est.
386 3585 424 3644 Et
436 3588 602 3664 propterea
615 3585 688 3660 Deo,
700 3582 733 3644 id
746 3588 793 3644 est
805 3600 936 3645 summas
947 3586 1088 3647 essentias
1137 3586 1209 3648 dem
1232 3608 1247 3645 ιι
1265 3587 1351 3668 quod
1369 3586 1415 3665 fit,
1432 3606 1471 3650 ex
1494 3607 1531 3651 eo
1549 3589 1585 3650 fit
1604 3590 1688 3669 quod
1706 3608 1771 3652 non
1791 3596 1842 3652 est.
1857 3589 1896 3650 lit

313 3681 345 3739 et
358 3675 477 3738 auctori
491 3674 635 3737 omnium
649 3674 925 3757 qualiumcumque
939 3677 1087 3739 essentia·
1138 3678 1224 3741 enim
1238 3698 1277 3741 ex
1290 3678 1466 3760 privatione
1479 3698 1548 3761 quae
1562 3682 1630 3763 ipsa
1639 3698 1697 3764 per
1710 3700 1776 3746 sese
1789 3686 1895 3745 estnon

312 3916 343 3971 τδ
352 3915 435 3989 χοίρου
444 3914 639 3980 ίαουσίωςοθδίν
650 3918 680 3969 ἂν
699 3913 1026 3990 ίαιτόνποτιμετιιόάλλοι·
1037 3920 1086 3972 πᾶν
1137 3918 1255 3991 διάφορον
1270 3918 1300 3973 oi
1314 3918 1415 3974 ταθτόν·
1431 3919 1549 3989 οθκσόνὴ
1567 3921 1635 3997 ψυχὴ
1648 3920 1716 3991 άπλνῑ
1729 3918 1806 3987 οὖσα,
1819 3922 1895 3993 καὶμὴ

312 3998 360 4072 γάρ
370 4000 399 4054 τό
408 4001 506 4073 πάσχον
517 4005 603 4064 τοῦτο,
622 3998 659 4054 δι’
678 3999 778 4073 άγνοιαν
795 3998 856 4055 αίιτδ
865 4001 976 4072 φαίνεται
985 4002 1084 4076 πάσχον
1138 3999 1301 4076 ίαδιαφόροιν
1316 4006 1460 4078 συγκειμένη
1473 4011 1566 4079 μερῶν,
1581 4005 1720 4072 θσόνθετος,
1735 4007 1775 4061 καί
1784 4006 1897 4068 όδιόλοτυς

312 4082 468 4156 τοῦάγαθοδ·
481 4082 519 4137 aa
529 4083 594 4138 δὲτὸ
607 4085 717 4156 κρεῖττον
728 4081 750 4137 εί
773 4103 796 4137 τι
821 4083 968 4155 μεταόάλλει
988 4083 1084 4148 ἑαυτόν,
1137 4079 1209 4149 οὖσα,
1224 4085 1264 4139 διά
1278 4092 1352 4142 τοῦτο
1362 4087 1492 4161 ἄφθαρτος,
1506 4090 1548 4143 καί
1563 4088 1771 4153 άθάνατοςέσται.

312 4166 360 4238 πρὸ
370 4169 413 4234 τῆς
423 4165 560 4240 μεταόολῆς
570 4164 646 4230 ἐνδεές
654 4167 683 4219 δν
694 4171 738 4220 τοῦ
749 4166 839 4220 οἰκείου
850 4164 941 4238 άγαθοῦ
950 4164 994 4234 τὴν
1005 4166 1088 4221 ποιαί·
1173 4168 1298 4224 bAulsT.
1310 4169 1358 4225 lib.
1371 4168 1430 4226 Ide
1447 4174 1517 4229 Gen.
1534 4188 1596 4243 cap.
1612 4189 1659 4229 vll.
1686 4171 1760 4228 ’Emi
1776 4170 1896 4228 δὲκαίτί

312 4265 356 4317 την
367 4247 470 4322 αἱρεῖται
481 4248 629 4321 μεταόσλην·
639 4246 663 4311 ἐξ
673 4248 763 4322 ἀμφοῖν
771 4248 828 4317 hisp,
840 4247 953 4303 άκοθσιον
965 4249 1085 4322 ἐνέργειαν
1135 4250 1243 4325 πάσχον,
1258 4251 1299 4305 καί
1308 4250 1337 4305 τί)
1351 4257 1448 4318 ποιοῦν,
1468 4259 1506 4327 τῷ
1527 4253 1570 4327 μὲν
1585 4254 1649 4328 γένει
1666 4253 1755 4320 ταθτίι,
1766 4256 1804 4309 καί
1820 4255 1893 4327 ὅμοια·

313 4328 444 4403 άνοίσομεν
456 4330 534 4386 luith
552 4331 627 4395 θεῖον,
645 4332 660 4399 ἢ
682 4330 775 4385 ἔνδειαν
793 4330 900 4404 ἀγαθῶν·
914 4330 978 4384 ἀλλὰ
989 4331 1035 4404 μὴν
1045 4334 1086 4386 καί
1136 4332 1210 4406 τῷδ’
1224 4331 1282 4388 είδει
1304 4332 1419 4408 άνόμοια·
1440 4341 1544 4390 τοιαῦτα
1557 4336 1584 4391 δέ
1601 4336 1729 4393 τάναντία·
1749 4336 1845 4410 φανερόν
1862 4334 1894 4390 ότι

311 4411 401 4484 γνῶσίς
411 4411 462 4468 ἔστι
475 4416 527 4477 τοῖς
534 4415 598 4478 θεοῖς
615 4413 631 4481 ἡ
655 4412 751 4486 ἀρίστη,
767 4415 808 4467 καί
817 4413 869 4482 ζωὴ
894 4414 1022 4487 αὐτάρκης·
1043 4414 1087 4469 οθκ
1135 4417 1265 4485 παθητικά,
1280 4419 1321 4471 καί
1337 4416 1452 4489 ποιητικά
1466 4419 1581 4491 άλληλων
1598 4418 1650 4475 ἐστὶ
1663 4422 1696 4475 τά
1709 4421 1739 4477 τ’
1749 4421 1847 4483 ἐναντία,
1860 4418 1894 4472 καί

312 4492 361 4568 άρα
375 4494 462 4561 ίνδεεῒς
484 4495 544 4551 ιίσιν
558 4495 651 4569 άγαθοό
673 4514 750 4562 τινος,
779 4493 836 4551 οὔτε
855 4495 969 4552 άκοθσιόν
998 4516 1022 4551 τι
1040 4499 1088 4552 πά·
1135 4497 1167 4552 τά
1177 4498 1275 4573 μεταξύ·
1286 4502 1327 4554 καὶ
1341 4502 1389 4575 γάρ
1399 4503 1463 4567 θλως
1476 4503 1554 4577 φθορὰ
1562 4503 1604 4557 καί
1612 4504 1706 4577 γένεσις
1720 4503 1851 4567 ίντυίτοις.

312 4597 428 4651 σχουσιν.
1171 4585 1308 4641 climat.
1334 4583 1369 4639 ‘0
1385 4586 1492 4658 μένθεδς
1505 4584 1894 4661 ὡςαίτοθπαρξιςῶν,καὶτοίτοσ·

348 4676 370 4716 a
387 4661 492 4718 llxxru.
507 4660 539 4717 in
558 4660 755 4733 lihnondum,
781 4667 812 4717 ut
835 4662 942 4735 opinor,
961 4663 1038 4720 edito
1051 4664 1088 4720 de
1135 4667 1249 4739 γαθότοι,
1277 4668 1318 4722 καὶ
1338 4667 1484 4741 αθτοσσρία,
1508 4671 1604 4742 patior
1633 4671 1660 4725 st
1683 4673 1724 4725 καὶ
1743 4671 1798 4743 δαίμ
1822 4669 1894 4722 τίνα

312 4746 413 4799 Λατίνιε.
432 4741 614 4812 Είάθάνατοςη
630 4746 712 4818 qum
735 4743 892 4800 ’θκολουθεῖν
910 4740 982 4820 οἶμαι
991 4749 1040 4801 δεῖν
1051 4751 1087 4819 τῷ
1135 4755 1223 4816 ταῦτα,
1237 4751 1306 4806 οὐδέν
1325 4749 1377 4824 ἔχει
1396 4754 1426 4807 th
1439 4753 1543 4808 σθνολον
1559 4752 1679 4808 ἐναντίον·
1696 4754 1727 4809 τά
1739 4752 1891 4824 δίκτίσμπι,

312 4825 386 4899 ἁπλῷ
403 4826 432 4880 ab
447 4824 584 4891 ἀθάνατον,
603 4828 644 4880 καί
663 4829 729 4891 ὅπως
748 4826 830 4881 άκουε·
847 4826 916 4883 οὖδθν
936 4835 986 4884 τῶν
1006 4829 1085 4884 όντων
1136 4833 1170 4897 ὡς
1177 4834 1259 4888 πάντα
1284 4834 1327 4906 μέν
1343 4834 1447 4906 μεθέξει,
1462 4837 1502 4888 καί
1517 4837 1601 4910 χάριτι
1616 4832 1660 4905 τὴν
1683 4837 1779 4910 ὓπαρξιν
1801 4834 1891 4908 ἔχοντα·

312 4908 373 4964 otro
383 4908 470 4964 ἐαυτοῦ
480 4909 610 4984 φθαρτικόν
631 4909 704 4965 ἔστιν·
726 4909 778 4965 lael
797 4909 841 4965 οίικ
855 4913 883 4966 tv
899 4911 955 4966 οὔτε
974 4910 998 4975 ἐξ
1009 4912 1086 4986 ἀρχῆς
1135 4915 1166 4969 τά
1180 4916 1207 4970 δέ
1226 4916 1325 4989 λογικὰ,
1339 4918 1381 4980 καί
1398 4917 1482 4990 νοερά,
1503 4919 1545 4972 καί
1567 4920 1601 4984 a<
1620 4918 1664 4987 rip
1684 4920 1838 4993 άγαθότητος,
1855 4915 1893 4969 καὶ

312 4995 426 5062 συνίστη·
437 4991 469 5049 τά
482 4991 530 5066 γάρ
548 4994 704 5067 φθειρόμενα,
715 4992 741 5048 ἐκ
754 5001 805 5049 τῶν
825 4992 940 5050 ἐναντίων
952 4995 1083 5068 φθείρεται·
1134 4997 1220 5070 σοφίας
1242 4997 1427 5069 ἐπιτηδειότητα
1444 5002 1592 5075 κεκτημένα,
1619 5003 1718 5077 ἔχουσιν
1733 5000 1843 5056 ἐναντίον·
1864 5001 1891 5069 τῇ

312 5076 408 5131 artato
424 5078 581 5151 φθειρόμενον
598 5078 712 5132 διαλυτόν
730 5076 790 5134 ἔστι·
806 5081 837 5133 th
850 5079 877 5133 δέ
890 5079 1016 5143 διαλυτὸν,
1028 5078 1083 5133 σίν·
1135 5080 1178 5154 μίν
1192 5080 1291 5155 ὑπάρξει
1306 5083 1335 5137 τό
1349 5081 1383 5157 μὴ
1397 5083 1527 5159 θπόρχειν·
1541 5072 1579 5160 ’τῇ
1593 5086 1620 5141 δὲ
1632 5090 1677 5155 τῆς
1689 5087 1838 5160 άγαθότητος,
1854 5080 1892 5134 Ιίί

313 5158 390 5212 θετον·
404 5160 434 5213 τδ
445 5160 471 5214 δέ
484 5161 608 5226 σύνθετον,
618 5161 763 5235 πολυμερὲς·
779 5163 809 5217 τό
819 5162 846 5217 δέ
860 5160 887 5216 ίκ
897 5169 978 5237 μερῶν
988 5161 1085 5235 συγκεί-
1134 5163 1221 5237 σοφίας
1229 5163 1407 5236 ἐπιτηδειότητι
1419 5167 1517 5235 κακίαν,
1527 5170 1568 5223 καί
1577 5169 1710 5243 ἀγνωσίαν.

314 5258 398 5314 μενον,
415 5243 490 5311 δῆλον
508 5245 547 5299 ότι
568 5243 595 5299 έκ
614 5247 738 5319 διαφόρων
755 5245 880 5320 σύγκειται
894 5253 986 5320 μερῶν·
1008 5246 1038 5301 τό
1058 5245 1086 5301 δέ

340 5448 350 5492 ¹
364 5445 412 5491 lih.
425 5448 442 5492 l.
455 5448 481 5493 άο
494 5450 547 5495 Geo.
560 5461 608 5505 cap.
622 5462 661 5496 νιι,
673 5458 714 5495 ter.
725 5451 760 5496 50.
774 5452 808 5495 tl.
819 5459 842 5496 οι
854 5458 907 5497 sset.
921 5453 941 5497 Β.
952 5452 1014 5508 proh.
1026 5451 1047 5496 a.
1061 5460 1084 5497 ct
1094 5462 1147 5497 sect.
1160 5453 1181 5497 θ.
1195 5455 1258 5510 proh.
1273 5455 1307 5500 ta.
1316 5456 1364 5500 -θ
1376 5456 1433 5511 θος.
1448 5455 1488 5502 lih.
1500 5457 1548 5503 llll.
1557 5457 1584 5503 όσ
1596 5459 1660 5505 clota.
1673 5458 1772 5513 δαίσειν.
1784 5466 1806 5498 ιι.
1817 5462 1840 5497 et
1849 5452 1886 5497 lit.

311 5510 470 5619 χάρέριχρριιί,
483 5523 531 5568 cap.
544 5524 585 5555 xu.
594 5512 641 5557 -s
652 5512 705 5569 cap.
714 5525 744 5556 νι.
753 5513 806 5558 libri
819 5514 836 5558 l.
845 5514 892 5557 -l
904 5514 963 5559 Orat.
974 5513 998 5558 iu
1008 5515 1096 5563 Notou.
1105 5516 1164 5561 Dum.
1173 5518 1218 5561 -5
1227 5517 1278 5573 Cap.
1291 5517 1456 5574 x-thoaop.
1470 5519 1506 5563 tit.
1515 5521 1553 5565 lll.
1562 5528 1625 5566 otest
1633 5528 1765 5578 eaputmu.
1777 5515 1885 5562 aarum
