3956 6168
336 331 395 391 tao
840 320 1165 384 nunoneutconuul
1192 321 1406 383 DOGMATUM

335 493 433 556 nihilo
455 492 567 554 hetam
589 493 644 555 sed
667 498 816 555 aeternam
837 490 1040 565 constituunt,
1069 505 1108 549 ax
1157 487 1266 549 aiensis
1279 487 1365 548 urbis
1388 486 1570 568 episcopus⁷
1595 488 1902 551 excommunicationis

336 604 399 666 qua
421 587 503 647 Deus
526 584 759 648 universitatem
773 585 855 646 hane
869 583 1017 658 condidit,
1034 598 1108 642 cum
1157 582 1344 643 seutentiam
1371 581 1405 642 in
1430 599 1482 641 cos
1509 581 1623 643 dixerit
1650 581 1705 662 qui
1734 589 1900 644 assererent:

335 677 416 739 ineo
434 679 492 740 sita
500 678 541 739 sit
558 678 783 758 omnipotentia
792 686 827 738 ut
837 696 876 739 ex
889 677 988 738 nihilo
1002 676 1108 737 omnia
1161 675 1279 748 «Quod
1297 677 1397 757 prima
1419 694 1510 737 eausa
1527 693 1592 736 nou
1605 675 1817 755 possetplures
1828 694 1904 737 mun

336 787 405 832 ase
423 771 545 832 diversa
567 789 728 851 procreare
742 771 838 851 possit
865 771 956 845 Deus,
981 776 1017 830 ut
1039 774 1109 849 post
1157 767 1213 827 doe
1238 767 1350 829 faeere.
1372 789 1388 825 u
1413 769 1451 829 Et
1473 768 1602 829 amiculo
1620 770 1678 829 lo:
1698 768 1812 842 «Quod
1836 769 1904 830 heus

337 863 546 941 Augustinum
569 864 717 925 advorsus
735 864 810 924 istos
827 863 986 924 hereticos
1004 861 1109 941 dispu·
1157 877 1221 919 uon
1249 865 1428 939 potestesse
1442 879 1534 922 causa
1552 860 1627 922 noui
1647 859 1728 925 neti,
1750 879 1807 922 uec
1819 865 1905 941 potest

335 960 466 1033 mntem,
479 956 573 1035 paulo
592 962 661 1036 post
675 956 870 1017 contendam.
887 955 950 1016 Nee
964 973 1029 1015 nou
1039 955 1107 1014 Ori-
1156 951 1274 1031 aliquid
1286 952 1323 1013 dc
1337 971 1420 1014 novo
1435 955 1614 1034 producere.
1626 974 1641 1011 a

337 1066 442 1128 geues,
454 1054 490 1109 ut
518 1066 557 1110 ex
570 1048 712 1129 Eputolo
735 1046 875 1131 purchoh
895 1048 997 1127 prima
1010 1046 1108 1108 Theo·
1197 1044 1249 1105 Vl.
1265 1046 1359 1124 CuJ'us
1381 1045 1494 1107 imbuti
1517 1046 1694 1126 magisterio
1708 1048 1805 1108 mum
1821 1048 1906 1107 omni·
1921 1050 1961 1092 [θ’

336 1140 413 1220 phili
454 1140 656 1202 Alexandrini
695 1142 860 1220 colligitur.
902 1140 986 1201 Dixit
1024 1140 1107 1200 euim
1157 1141 1316 1215 patenum
1330 1137 1374 1200 sie
1394 1140 1666 1201 esseutetomnia
1680 1144 1825 1220 potestate
1837 1114 1961 1211 eomss

341 1237 458 1293 etanta
470 1251 559 1313 punse
573 1235 683 1311 Deum,
707 1240 861 1313 quantum
883 1232 912 1292 ei
926 1233 966 1293 ad
980 1250 1109 1312 operan-
1157 1229 1371 1308 prehendatet
1384 1231 1644 1294 nihilnonlacere
1652 1232 1904 1312 possit,sireqned
1929 1220 1961 1318 ξ

337 1325 414 1386 dum
443 1327 576 1387 materia
606 1325 821 1391 ministrerit¹.
851 1348 866 1384 n
898 1326 999 1404 Atque
1026 1325 1108 1386 idem
1157 1319 1297 1382 firtonum
1311 1328 1356 1383 est
1378 1323 1556 1403 aliquando,
1577 1325 1641 1388 sive
1659 1325 1742 1405 quod
1762 1342 1904 1406 uunquam

337 1417 432 1479 etiam
450 1419 586 1499 negabat
610 1421 726 1502 uujoro
748 1420 876 1503 puceu
897 1418 993 1500 fucere
1020 1436 1109 1499 quum
1158 1411 1273 1475 fietsed
1287 1414 1355 1476 fieri
1369 1422 1489 1494 posset;
1506 1435 1544 1479 ex
1559 1418 1625 1498 ipso
1641 1418 1697 1478 Dei
1710 1417 1802 1478 verbo
1815 1415 1903 1478 didici·

336 1510 417 1590 fecit,
437 1511 492 1592 qui
518 1512 627 1573 tertius
650 1517 851 1573 enumeratus
878 1510 1004 1571 anobis
1022 1528 1110 1571 error
1158 1523 1240 1567 mue.
1266 1508 1302 1568 ln
1316 1526 1378 1586 quo
1393 1509 1474 1570 Deus
1489 1509 1603 1590 passim
1618 1511 1813 1591 omnipotens
1824 1510 1904 1571 nomi

337 1608 394 1665 est.
406 1605 441 1664 lu
458 1605 631 1666 secundum
638 1605 803 1666 incurrunt
816 1604 921 1665 Auiani
934 1603 1109 1683 quiFiliuua
1158 1604 1264 1673 natur,
1279 1600 1421 1661 autuihil
1435 1602 1667 1682 eiimpessihile
1681 1603 1833 1665 ueletiam
1843 1602 1904 1665 dilli-

339 1696 393 1755 Dei
419 1695 505 1757 velut
530 1697 775 1761 instrumentum
797 1698 922 1757 aPatre
949 1696 1109 1757 eonditum
1159 1691 1215 1751 cile
1233 1708 1299 1753 ease
1325 1692 1470 1755 dieitur'.
1496 1696 1537 1756 Ut
1562 1695 1640 1757 illud
1657 1694 1726 1758 Gen.
1755 1710 1836 1771 xum,
1858 1696 1901 1754 ll:

338 1806 403 1849 esse
416 1788 594 1865 voluerunt,
619 1790 704 1868 quod
724 1789 764 1849 ad
787 1794 897 1849 caure
918 1787 1110 1868 procreanda
1159 1780 1315 1865 Numquid
1333 1784 1394 1846 Dea
1406 1794 1447 1847 est
1461 1784 1780 1870 quidquamdisficile⁰
1793 1785 1808 1847 i
1819 1786 1902 1847 vau

337 1880 377 1941 sit
390 1898 476 1941 usus.
492 1882 528 1941 ln
540 1882 632 1942 tertio
656 1900 781 1961 quoque
798 1882 906 1943 Petrus
929 1879 1109 1942 adhelardus
1159 1876 1283 1937 Hebraei
1293 1876 1413 1955 legamt,
1428 1879 1479 1941 Au
1490 1880 1653 1963 mc'rificum
1666 1878 1902 1963 cruqus'dquuoc

338 1978 531 2049 numeratam,
556 1974 611 2053 qui
635 1972 668 2034 id
687 1973 780 2035 solum
799 1991 883 2055 posse
896 1972 995 2054 facere
1014 1971 1109 2033 Deum
1159 1966 1311 2031 Domino?
1330 1971 1389 2031 hoe
1413 1979 1459 2032 est
1486 1972 1529 2033 ita
1555 1979 1592 2034 ut
1612 1993 1649 2035 ee
1678 1974 1845 2054 perlingere
1863 1991 1901 2034 uc-

338 2065 505 2145 aliquando
526 2065 631 2141 sensit,
646 2064 726 2147 quod
744 2065 917 2147 quaudoque
937 2063 1045 2145 facit&
1062 2064 1109 2125 hd
1159 2067 1266 2141 queat:
1283 2062 1726 2145 QuodLXXreoteverterunt,
1738 2073 1771 2146 μὴ
1783 2074 1900 2142 ἀδυνατεῖ

337 2163 484 2238 quantum
511 2158 647 2219 loannes
669 2156 869 2238 Wielephus⁸
893 2163 924 2217 et
942 2153 1109 2217 Calvinm*
1158 2160 1224 2233 παρὰ
1235 2158 1408 2233 κυρῖῳρῆμα;
1425 2154 1517 2218 Num.
1534 2175 1575 2233 xi,
1597 2159 1637 2219 23
1651 2156 1807 2240 Numquid
1822 2176 1902 2217 mu

338 2249 563 2313 nonnullorum
584 2250 731 2330 opinione
753 2250 921 2329 pertinent,
941 2249 995 2328 qni
1009 2251 1108 2311 Deum
1158 2244 1282 2306 Domitii
1302 2243 1432 2307 inualido
1454 2246 1579 2311 estivel
1592 2249 1765 2312 abbreviato
1777 2258 1826 2326 est,
1843 2251 1900 2311 utin

337 2342 417 2405 nihil
442 2359 531 2421 posse
559 2343 693 2422 amplius
723 2347 875 2417 asserunt,
902 2360 997 2421 quam
1025 2341 1109 2422 quod
1158 2341 1290 2405 Hebraeo
1316 2340 1436 2417 legunt.
1457 2341 1529 2402 lobi
1543 2358 1610 2404 nnn.
1628 2341 1765 2411 tzScio,
1791 2342 1899 2408 domim
1958 2390 1961 2415 ,

338 2433 419 2509 iecit,
444 2434 625 2496 futurumve
637 2435 863 2513 pronuntiavit,
875 2440 945 2495 tum
962 2435 1013 2495 hie
1026 2435 1110 2495 iusu-
1158 2435 1337 2517 quaomnia
1343 2444 1437 2519 potes.
1452 2435 1614 2496 Hieremiae
1624 2452 1714 2509 aaut,
1725 2438 1763 2495 l'l
1775 2454 1783 2494 τ
1795 2434 1901 2496 lt'oueu't

338 2543 395 2606 per
407 2546 423 2583 a
437 2525 611 2587 absolutam
624 2528 679 2588 Dei
701 2525 873 2606 potentiam
896 2532 1109 2587 commentum
1160 2528 1219 2588 tibi
1235 2528 1361 2611 difficile
1378 2548 1461 2590 omne
1482 2529 1612 2589 uerbum.
1628 2527 1777 2596 Matthaei,
1792 2544 1842 2595 ut,
1854 2528 1899 2587 st:

338 2622 437 2693 vocat,
465 2618 550 2697 quod
572 2617 662 2679 deuii
689 2618 855 2698 profanum
870 2624 925 2691 est,
940 2618 984 2678 ita
997 2618 1109 2678 merito
1158 2620 1251 2701 Apud
1263 2620 1388 2682 homiues
1402 2621 1455 2682 lroc
1472 2619 1648 2701 impossibile
1667 2627 1719 2690 est,
1740 2617 1899 2702 epidorus

339 2709 518 2771 dewsmhile
531 2708 698 2772 nohisesse
712 2709 1109 2771 debet⁸.nSeddessalvin0
1159 2720 1258 2773 autem
1282 2714 1382 2774 omnio
1401 2711 1559 2793 possibilia
1573 2720 1652 2773 suut.
1675 2713 1770 2775 Marci
1779 2730 1831 2789 nv,
1852 2714 1898 2771 36:

339 2807 371 2863 et
383 2801 442 2863 hae
457 2802 524 2881 ejus
536 2802 690 2864 sententia
701 2802 839 2863 dicemus
848 2802 946 2881 capite
955 2801 1107 2880 sequenti.
1159 2803 1243 2865 Addo
1250 2813 1351 2886 poter,
1368 2805 1467 2868 omnia
1482 2804 1539 2865 tibi
1547 2803 1701 2887 possibilie
1712 2813 1789 2866 suat.
1804 2805 1896 2875 lucar,

340 2894 395 2955 llis
408 2895 608 2955 annumerari
633 2894 773 2974 plerique
796 2912 906 2955 omnes
918 2895 1013 2973 hujus
1032 2912 1109 2976 ρεθ-
1160 2899 1216 2957 37;
1233 2896 1325 2978 Apud
1337 2896 1430 2958 Deum
1445 2895 1757 2977 uoueritimpoeaibile
1769 2914 1897 2957 omnem·
1960 2912 1961 2921 ¹

340 2986 606 3066 aertimtemporis
624 2986 761 3049 haeretici
775 2993 914 3067 possamt,
930 2987 984 3067 qui
998 2988 1110 3048 divinas
1160 2986 1238 3050 bum.

341 3080 591 3158 potentiaemulta
603 3080 771 3141 detrahunt
779 3085 930 3159 tanquam
940 3081 1111 3159 pugnantia
1200 3082 1256 3141 Vll
1285 3081 1386 3161 Hujus
1408 3080 1524 3142 diuina
1557 3079 1637 3141 dotis
1673 3080 1897 3161 proprietatisque
1912 3140 1936 3150 ff

341 3190 447 3232 secum
460 3178 492 3233 et
504 3171 769 3246 comrodc'ctioucm,
786 3178 821 3233 ut
835 3174 933 3248 aiunt,
951 3172 1108 3248 habentia,
1160 3174 1332 3252 theologica
1358 3174 1436 3233 ratio
1456 3191 1496 3233 ex
1513 3172 1580 3252 ipsa
1602 3171 1656 3231 Dei
1681 3179 1801 3247 uatum,
1824 3086 1960 3295 hecti}

342 3282 415 3325 oum
426 3282 533 3326 revera
546 3283 611 3325 non
628 3264 730 3325 solum
743 3264 811 3324 fleri
824 3265 963 3325 absolute
983 3271 1108 3344 queant,
1161 3265 1307 3326 attributis
1318 3284 1388 3345 quar
1403 3265 1526 3325 duohus
1539 3263 1751 3344 superioribus
1767 3264 1842 3325 libris
1858 3280 1895 3321 cu-
1911 3261 1927 3292 ¹¹

343 3356 397 3417 scd
406 3356 573 3417 adamasse
589 3356 791 3417 faetadivino
813 3358 1111 3437 exre1·h0quadam
1161 3358 1261 3437 posita
1270 3365 1343 3419 suut
1353 3358 1463 3418 confici
1477 3363 1588 3437 potest.
1606 3356 1762 3437 imprimis
1774 3362 1896 3418 autam
1958 3414 1959 3419 ,

343 3448 523 3507 necessitate
545 3449 584 3508 sit
609 3467 824 3528 consequensr
839 3448 932 3510 Velut
950 3455 1005 3527 cst,
1028 3450 1112 3510 idem
1161 3468 1199 3511 co
1218 3450 1301 3528 quod
1324 3450 1408 3510 illius
1431 3450 1596 3511 essentiam
1618 3448 1754 3511 maxime
1779 3447 1895 3519 conduct

344 3555 457 3618 eorpus
473 3539 613 3618 pluribus
627 3540 660 3599 iu
683 3539 758 3601 locis
784 3559 871 3619 posse
885 3541 1038 3618 collocari,
1054 3560 1112 3603 nee
1161 3542 1313 3602 ramirum
1336 3541 1407 3623 quie
1434 3552 1476 3603 cst
1503 3561 1576 3610 uere,
1602 3546 1633 3602 et
1652 3540 1723 3602 fons
1743 3540 1853 3621 qaudam
1866 3542 1896 3599 cst

344 3647 409 3690 non
419 3630 462 3690 sie
474 3630 507 3689 in
519 3631 588 3692 loeo
602 3650 666 3691 esse
676 3638 711 3692 nt
721 3631 760 3691 ad
770 3632 837 3711 ejus
851 3650 1032 3693 mensuram
1047 3652 1112 3694 nun
1162 3634 1302 3695 essentiae
1332 3652 1368 3695 ae
1395 3634 1460 3709 πηγὴ
1474 3639 1518 3688 τοῦ
1531 3630 1614 3710 εἶναι,
1639 3638 1676 3693 ut
1703 3633 1798 3694 Graeci
1821 3633 1896 3691 Paua

344 3722 566 3801 exporrigattu,
591 3729 623 3784 ct
644 3723 676 3783 id
698 3742 797 3803 genus
810 3722 880 3801 alia,
895 3743 964 3803 quae
987 3725 1037 3785 isti
1055 3725 1113 3785 sibi
1162 3726 1346 3805 loquuntur.
1362 3726 1442 3786 Hinc
1457 3724 1541 3786 enim
1555 3726 1696 3804 sequntur
1709 3725 1790 3805 quod
1802 3721 1897 3786 nniu-

344 3813 545 3893 impossihilia
565 3814 697 3895 fingunt.
714 3818 795 3890 Quos
815 3817 896 3877 inter
905 3819 1113 3879 recensendus
1163 3818 1210 3878 his
1223 3818 1331 3879 asserit
1342 3815 1575 3898 Augustinus’:
1592 3840 1608 3875 «
1623 3817 1778 3898 lllcplane
1790 3814 1898 3892 ommpn

345 3912 391 3967 est
403 3906 586 3968 Gnillelmus
598 3908 787 3984 Parisiensis,
803 3909 1113 3988 quipluucsmundos
1162 3916 1232 3970 tens
1244 3929 1317 3971 vere
1329 3910 1414 3971 solus
1431 3910 1546 3971 dicitur
1567 3910 1622 3989 qni
1635 3928 1708 3970 vere
1722 3914 1839 3978 estete
1853 3922 1897 3984 qino

345 3999 441 4059 clleo
454 3999 553 4059 creari
564 4018 629 4060 nou
643 4018 731 4079 posse
745 4007 860 4076 censet,
877 4020 942 4061 uon
959 4003 1035 4063 vitio
1049 4003 1113 4063 ullo
1164 4003 1229 4063 solo
1245 4008 1291 4063 est
1310 4002 1460 4082 quidquid
1482 4001 1588 4080 aliquo
1610 4002 1704 4063 modo
1723 4008 1767 4063 cst
1779 3999 1822 4060 uel
1832 3996 1896 4077 spini-

346 4091 566 4170 emnipotentis
579 4111 615 4153 ac
629 4093 760 4169 deleam,
778 4094 832 4154 sed
846 4094 919 4172 qnia
932 4094 1037 4172 plures
1050 4114 1115 4156 esse
1163 4095 1247 4156 tuale
1261 4095 1311 4155 vel
1325 4095 1496 4175 corporale.
1517 4116 1532 4151 n
1551 4094 1626 4168 Quae
1640 4094 1719 4155 ratio
1733 4095 1759 4155 si
1768 4089 1896 4174 paululum

346 4188 517 4261 nequeunt.
547 4184 608 4244 Sed
629 4184 689 4245 hoo
713 4190 745 4245 et
766 4186 798 4245 id
821 4203 920 4263 genus
943 4186 1004 4246 alia
1016 4189 1116 4248 neuti-
1165 4188 1337 4264 eullatetur,
1349 4186 1656 4267 longepuleherrima
1669 4185 1897 4260 eruditissimoque

348 4293 443 4353 quam
455 4280 573 4335 minere
586 4277 788 4337 asseveranda
799 4283 883 4351 sunt,
897 4279 1019 4338 tametsi
1032 4281 1116 4340 salva
1165 4282 1207 4341 sic
1220 4280 1341 4341 institui
1355 4286 1464 4360 petest.
1482 4280 1559 4340 Cum
1573 4279 1613 4340 sit
1624 4274 1898 4360 omnipotentissimi

233 4422 239 4452 ¹
303 4430 315 4440 ,
348 4367 497 4427 catholica
528 4367 640 4446 pietate
667 4368 853 4430 dicerentur.
879 4371 923 4433 ne
951 4371 1116 4447 Guillclmo
1166 4374 1305 4453 potentia
1333 4373 1477 4452 quadam
1500 4372 1546 4433 rei
1570 4372 1701 4450 alicujus
1727 4362 1897 4433 officionarii
1954 4362 1955 4373 ’

349 4477 423 4520 vero
436 4458 600 4523 Parisioasi
613 4459 729 4521 ruham
743 4461 834 4540 plane
851 4469 896 4523 est
909 4482 982 4525 eum
995 4465 1037 4525 ita
1051 4484 1119 4525 sen·
1166 4466 1304 4544 potentie
1338 4465 1404 4543 ejus
1432 4470 1478 4525 est
1510 4465 1595 4544 quod
1628 4482 1694 4525 esse
1734 4468 1839 4543 potest,
1867 4455 1896 4515 siv

231 4530 242 4560 ⁸
271 4546 277 4558 '
351 4552 424 4611 sisse
447 4570 483 4613 aa
505 4553 719 4631 scripsisset«
742 4553 820 4626 Quia
846 4574 904 4616 nee
931 4558 1036 4637 plures
1054 4558 1118 4618 sive
1167 4558 1393 4637 omnipotentia
1414 4575 1522 4617 rerum
1541 4566 1589 4618 est
1610 4557 1752 4617 omnium
1774 4571 1834 4634 qno
1853 4562 1896 4607 θεῖ
1953 4610 1954 4623 ,

350 4641 431 4703 finiti
440 4642 633 4704 siveinfiniti
646 4647 882 4723 essentmnndi,
899 4667 1003 4709 creare
1018 4651 1119 4730 potuit
1167 4654 1307 4729 possunt,
1328 4650 1388 4710 hoc
1402 4655 1448 4710 cst
1466 4668 1537 4729 quaa
1551 4668 1601 4710 res
1615 4649 1727 4729 aliqua
1740 4648 1839 4708 suntet
1855 4636 1895 4699 suh
1935 4652 1954 4773 'p

351 4751 409 4794 nce
433 4733 533 4794 adhue
552 4740 662 4813 potest,
685 4737 785 4797 etheo
797 4756 862 4798 uon
875 4756 911 4799 ex
926 4740 1045 4800 delectu
1064 4742 1119 4820 qui
1168 4760 1281 4819 genere
1295 4756 1339 4804 τοῦ
1351 4751 1421 4811 ὄντος
1439 4742 1652 4803 continentur.
1664 4740 1813 4820 Siquidem
1831 4744 1897 4793 nmsst

352 4826 392 4885 sit
404 4825 487 4904 apud
498 4825 601 4904 ipsum
612 4826 662 4885 uel
675 4835 809 4906 exparte
822 4830 937 4908 ipsius,
953 4833 1006 4893 sed
1019 4833 1120 4911 magis
1169 4852 1224 4894 eus
1251 4834 1336 4914 quod
1355 4853 1375 4894 a
1394 4853 1428 4894 re
1450 4834 1545 4913 vadgo
1569 4833 1650 4894 reule
1669 4833 1787 4907 dicitur,
1799 4827 1897 4888 reluta

353 4934 391 4977 cu
404 4921 492 4996 parte
505 4918 696 4978 mundorum
710 4920 763 4998 qui
775 4921 879 4999 plures
893 4940 958 4983 esse
976 4943 1041 4984 non
1052 4944 1120 5005 pos-
1169 4931 1225 5002 est,
1241 4926 1290 4986 vel
1304 4931 1465 5007 potestate.
1482 4927 1571 5000 Quod
1581 4927 1668 4989 cuim
1674 4942 1772 5007 neque
1783 4927 1897 4993 osillllle

353 5007 460 5085 suut⁶3
485 5030 500 5067 n
530 5027 604 5070 eum
632 5010 750 5091 aliquot
782 5018 853 5073 aute
887 5016 977 5075 annia
1008 5035 1120 5097 nempe
1170 5036 1234 5077 cese
1263 5024 1373 5098 potest,
1403 5018 1482 5078 nihil
1495 5019 1554 5079 hoc
1578 5024 1634 5095 cst,
1662 5019 1751 5080 idest
1770 5032 1813 5077 res
1826 5004 1896 5071 nullu

354 5099 556 5165 Cluistiamo
566 5118 702 5165 ncunwn
712 5103 1121 5185 StephanusejusdcmPari-
1171 5112 1271 5210 Quare
1295 5111 1523 5190 omanpoteuda
1543 5112 1584 5175 ad
1601 5112 1664 5173 hoe
1681 5127 1776 5173 unum
1787 5104 1894 5168 resedit·

390 5254 411 5294 a
430 5239 532 5297 Genus.
548 5258 624 5309 auur,
641 5242 687 5298 ll.
709 5252 777 5303 ,tut
788 5251 882 5305 ntum
896 5228 991 5310 ninid

381 5367 449 5413 tun
460 5370 487 5417 is
496 5370 549 5416 Νι
559 5375 581 5417 ot
590 5373 658 5424 cuuth
670 5385 719 5427 cup.
731 5385 756 5416 u.
767 5397 795 5411 -
805 5375 820 5418 i
832 5374 879 5419 Lib.
892 5375 925 5419 lli
937 5378 1016 5422 meod.
1033 5391 1081 5436 cup.
1094 5382 1166 5426 r.-8
1176 5384 1271 5427 Thomas
1283 5382 1345 5426 Vuid.
1359 5381 1382 5426 lu
1392 5384 1452 5428 Prot.
1465 5383 1505 5427 lth.
1518 5381 1587 5427 l.-l
1599 5383 1660 5428 culn.
1674 5382 1712 5428 th.
1721 5380 1742 5425 il
1751 5378 1813 5425 m.
1822 5382 1860 5426 “ir
1868 5376 1894 5406 '¹²

355 5442 418 5474 num.
429 5430 450 5473 b.
464 5452 491 5462 -
501 5431 514 5473 5
525 5432 573 5474 nin.
586 5432 625 5476 lll.
638 5435 708 5478 lusttt.
720 5448 769 5490 cap.
781 5448 843 5480 εειιι.
855 5449 918 5482 unni.
930 5439 952 5482 i.
963 5463 991 5473 -
1001 5442 1015 5484 6
1026 5442 1050 5485 ln
1065 5443 1080 5486 l.
1094 5456 1142 5498 pur.
1156 5446 1182 5489 dc
1198 5446 1258 5490 tluiu.
1273 5457 1321 5501 par.
1341 5458 1358 5488 ι.
1375 5456 1423 5501 cap.
1436 5457 1481 5489 xvi.
1493 5467 1521 5478 -
1531 5447 1543 5489 'l
1555 5447 1618 5490 Tum.
1631 5446 1659 5489 lv
1671 5445 1766 5491 meatu
1776 5428 1893 5486 stiffi-“L

352 5490 402 5543 eu,
414 5497 457 5537 uel.
468 5491 489 5535 8.
500 5492 553 5538 -a
563 5495 615 5538 Gen.
623 5505 677 5547 xcii,
693 5496 711 5547 l,
725 5507 828 5549 ecxxuu,
839 5499 861 5543 e.
874 5507 896 5544 ct
909 5510 970 5553 xant,
984 5502 1016 5554 tl,
1034 5511 1056 5548 ct
1069 5516 1130 5559 ntur,
1143 5505 1176 5560 tt,
1188 5513 1210 5550 et
1221 5519 1296 5560 utut,
1308 5508 1330 5560 a,
1343 5514 1365 5551 ot
1377 5518 1433 5560 natu,
1445 5507 1479 5551 Ξῖ
1490 5527 1518 5541 -
1536 5508 1550 5552 il
1565 5507 1614 5554 nto.
1624 5507 1689 5554 xxvl
1699 5508 1753 5553 ooni-
1763 5502 1825 5548 Μ
1834 5502 1870 5547 ”¹
1879 5496 1893 5529 '¹
