4134 6182
359 394 397 478 ss
800 419 838 478 ιιι
860 401 958 477 oeus
978 402 1305 476 reuoeocrconou
1324 414 1554 476 occurrere

357 572 462 651 inquo
473 572 622 651 sapientia
636 571 731 651 ipsius
744 569 895 631 antecedit
907 570 1050 629 timorem
1068 584 1137 646 pec·
1189 566 1328 645 scriptor,
1351 566 1511 628 inhonesto
1531 571 1623 645 attpre
1649 563 1752 625 inutili
1772 564 1883 624 affectu
1910 563 1972 624 dis

359 665 427 739 ceti,
441 683 503 725 non
514 671 558 725 est
568 665 651 725 illius
659 664 748 725 firma
762 662 920 742 sapientia.
936 684 951 716 ι
1189 660 1289 740 pulso,
1298 665 1378 720 totos
1390 660 1424 720 iu
1437 659 1533 720 solido
1546 660 1668 719 virtutis
1681 658 1875 718 munimento
1890 675 1971 717 oon-

396 756 630 820 Vl.Grar·iteret
640 757 759 836 copiose
769 754 961 816 locumhrrnc
970 751 1134 830 Gregorius
1188 753 1301 828 firmat,
1317 754 1502 833 potentiores
1518 758 1604 814 metu
1619 770 1655 813 ac
1675 751 1780 812 dolore
1794 750 1921 812 tociens.
1950 772 1967 807 s

358 850 563 910 Nazianzenus
576 849 697 910 ornavit
712 849 745 910 in
763 848 900 909 oratione
917 861 1011 907 xxxrrr
1028 843 1133 903 adrer-
1187 847 1225 907 Et
1249 846 1348 906 alius:
1381 847 1463 906 «Est
1477 845 1588 925 inquit,
1613 844 1802 919 animorum,
1827 843 1972 921 ingenio

356 959 408 1001 sus
432 942 647 1016 Eunomianos,
678 960 755 1020 quos
780 945 886 1020 optare
913 955 945 997 se
977 936 1060 1011 dicit,
1085 937 1132 996 uti
1185 958 1318 1020 rumque
1343 939 1483 1000 naturale
1507 939 1664 1019 quoddam
1686 938 1774 1017 quasi
1793 935 1969 1017 pabulum,

356 1036 525 1115 promptuli
534 1041 605 1096 sunt
616 1035 655 1096 ad
669 1035 859 1114 loquendum
873 1033 911 1093 de
919 1030 1013 1092 rebus
1021 1030 1131 1090 divnm
1186 1035 1385 1096 consideratio
1412 1033 1691 1115 contemplatiocprc
1718 1038 1847 1093 natura.
1865 1032 1972 1110 Erigi-

356 1134 386 1186 ot
401 1127 440 1187 ad
456 1128 674 1208 disputandum
685 1126 831 1206 argutuli,
847 1126 890 1186 sic
898 1125 937 1186 ad
947 1128 1028 1184 recte
1039 1141 1130 1201 agen-
1184 1146 1266 1205 mur,
1287 1127 1409 1189 altiores
1426 1127 1493 1188 fieri
1512 1127 1665 1202 videmur,
1686 1125 1823 1187 humana
1834 1124 1972 1204 despici-

356 1221 432 1281 dum
443 1222 570 1301 perinde
584 1222 689 1282 animo
701 1240 736 1282 ac
745 1221 903 1281 voluntate
909 1219 993 1279 ferri.
1005 1218 1086 1277 'lum
1094 1218 1133 1279 de
1188 1238 1258 1281 mus
1271 1221 1503 1300 cogitantesque
1513 1224 1725 1299 superantque
1744 1217 1890 1293 ccelesiis,
1899 1217 1972 1279 hoc

355 1313 499 1393 theologo
522 1314 613 1375 latius
638 1316 796 1389 disserens,
823 1312 947 1392 qualem
968 1310 1052 1370 hunc
1069 1328 1133 1371 esse
1187 1319 1300 1387 nostra,
1319 1319 1354 1373 ut
1365 1313 1477 1391 exigua
1492 1312 1659 1373 etminima
1673 1310 1968 1373 contemnimusm

355 1415 494 1489 oporteat
511 1411 619 1490 aperit,
648 1417 740 1490 atque
761 1411 841 1470 inter
859 1408 919 1469 alia
945 1430 959 1464 ι
986 1425 1050 1466 non
1070 1424 1134 1465 om·
1226 1406 1292 1466 Vll.
1307 1406 1476 1485 vulgatum
1491 1411 1537 1465 est
1550 1403 1707 1465 Ptolemaei
1718 1409 1973 1464 astronomorum

354 1504 443 1564 nium
461 1523 523 1565 esse
542 1505 580 1566 de
597 1507 660 1567 Deo
675 1505 829 1585 disputare
855 1502 939 1576 dicit,
955 1500 1008 1560 sed
1024 1518 1134 1560 eorum
1188 1498 1334 1578 principis
1351 1497 1548 1558 tetrastichon
1570 1498 1609 1558 de
1627 1496 1719 1557 laude
1738 1497 1872 1557 scientiae
1889 1513 1969 1572 suae,

355 1596 504 1658 duntaxat
523 1599 577 1676 qui
596 1597 748 1677 explorati
763 1597 824 1656 sint
844 1613 880 1656 ac
898 1591 1133 1671 contemplando
1187 1608 1290 1669 quase
1303 1591 1346 1651 sic
1358 1590 1439 1652 affici
1459 1589 1630 1670 profitetur,
1646 1594 1682 1650 ut
1692 1607 1764 1650 cum
1775 1588 1816 1649 ad
1831 1587 1973 1649 coelestia

356 1688 450 1767 longe
461 1696 683 1769 processerrurt,
696 1708 731 1750 ac
740 1690 826 1769 prius
834 1688 927 1748 etiam
936 1692 1001 1746 tam
1011 1702 1131 1762 corpus,
1187 1682 1424 1763 contemplanda
1442 1690 1579 1744 mentem
1600 1683 1793 1758 converterit,
1817 1680 1972 1742 humanae

354 1800 448 1861 quam
456 1784 596 1844 animum
602 1788 808 1864 repurgarunt
818 1802 825 1844 :
836 1786 900 1856 aut,
915 1784 951 1840 ut
960 1777 1133 1859 parcissime
1187 1777 1368 1838 conditionis
1384 1777 1507 1854 oblitus,
1526 1778 1566 1838 ad
1584 1777 1713 1838 deorum
1729 1792 1762 1836 sc
1776 1776 1971 1836 consrrtium

352 1876 473 1955 loquar,
489 1896 622 1957 prugare
631 1879 698 1957 J'am
714 1878 888 1938 instituunt.
909 1875 1036 1953 Impuro
1051 1873 1134 1932 enim
1188 1869 1288 1929 attolli
1301 1870 1530 1950 quodammodo
1543 1872 1663 1931 sentiat.
1674 1869 1763 1943 Quod
1774 1869 1972 1948 epigramma

353 1987 419 2029 rem
441 1988 553 2049 puram
569 1971 737 2050 attingere,
755 1969 882 2031 fortasse
905 1985 943 2027 ue
962 1972 1066 2027 tutum
1089 1968 1134 2026 est
1187 1983 1292 2026 noscx
1304 1972 1443 2046 tempore
1460 1967 1503 2026 ita
1516 1964 1721 2026 reddidimus:

353 2063 489 2144 (pridem,
510 2065 772 2144 quemadmodum
787 2080 845 2123 nec
856 2060 945 2140 egris
956 2060 1053 2120 oculis
1064 2058 1135 2120 solis

352 2158 453 2218 radios
468 2159 612 2219 intuerit.
620 2180 636 2216 ιι
652 2158 740 2220 Siciu
751 2154 995 2234 carmiueprimo
1005 2151 1135 2214 Arcano-
1188 2142 1255 2210 θ’θ’
1266 2151 1307 2211 ὅτι
1316 2153 1407 2225 θνητὸς
1418 2151 1482 2233 ἐγὼ,
1494 2152 1540 2213 καὶ
1549 2151 1694 2235 θρήριρος·
1705 2150 1772 2211 ἀλλ’
1785 2149 1848 2212 &aa
1864 2150 1971 2232 ἄστρων

352 2271 419 2312 rum
430 2252 468 2313 de
485 2252 594 2313 divinis
609 2252 703 2313 verba
719 2251 864 2324 tacturus,
883 2248 1027 2308 lacessere
1044 2247 1135 2327 juhet
1227 2245 1475 2314 Meminerant<
1488 2244 1665 2330 ἀμφιδρομοος
1677 2244 1781 2319 ἕλικας,

351 2345 490 2424 impuros
500 2352 554 2406 aut
569 2346 696 2426 purgari
705 2345 832 2406 minime
847 2341 1050 2417 instituentes,
1068 2360 1134 2402 ver·
1187 2335 1420 2420 Otxtr’tsrpado
1428 2338 1505 2419 γαίης
1513 2338 1608 2399 ποσίν·
1624 2336 1693 2398 ἀλλὰ
1703 2336 1773 2420 παρ’
1782 2341 1854 2423 αὐτῷ

352 2438 436 2498 sibus
448 2439 531 2502 istis:
1226 2431 1292 2504 Ζηνὶ
1301 2431 1445 2516 διοτρεφέος
1455 2432 1612 2514 πθμπλαμαι
1623 2431 1767 2515 ἆμὸροοθης
1787 2461 1812 2507 ρ.

574 2619 784 2697 ἄλλ’ἀπὸιῆλι
1187 2620 1349 2681 Mortalem
1358 2620 1786 2682 sciomeacvitaebnevis.dst
1799 2618 1972 2680 ubitlexus

353 2715 472 2797 Φεθγετε
483 2715 510 2784 θ(
523 2740 562 2784 τις
574 2715 691 2798 ἀλιτρθς·
710 2717 773 2796 θριθς
787 2716 865 2798 λόγος
882 2714 901 2788 ἢ
914 2719 1050 2797 καθαροῖσι
1226 2712 1387 2773 Astrorum
1401 2719 1493 2793 atque
1506 2713 1595 2774 orbes
1604 2718 1705 2773 mente
1715 2712 1797 2791 agito
1810 2712 1925 2787 varius,

358 2805 819 2891 ’lltxatarpoptvouudl’tppzav
842 2806 1038 2890 οῐδὲβίθιλοι,
1186 2806 1328 2884 Nonjam
1340 2808 1483 2887 contingo
1494 2807 1624 2888 pedihus
1637 2794 1880 2867 solaSedlovis
1889 2803 1971 2866 almi

358 2899 406 2968 Ὡς
416 2905 502 2985 θῆρες,
512 2903 635 2982 Χριστοῖο
644 2898 710 2960 κατ’
728 2899 813 2985 οὔρεος
825 2899 986 2984 ἀκροτθμοιο
1225 2898 1362 2976 Consom,
1379 2899 1540 2961 ambrosiae
1553 2899 1668 2981 pabula
1680 2917 1766 2959 sacra
1782 2897 1881 2958 fruor.

351 2994 540 3076 Λαμπομέιοι,
548 2997 648 3068 Mucii
656 2994 736 3075 νόμον
745 2993 776 3055 τ’
790 2993 904 3065 ἐνπλαξλ
915 2993 1068 3077 γράφοντος,

350 3086 450 3148 Αὐτίκα
466 3086 659 3172 βηγιιυρθνοιοιν
673 3087 724 3149 ὑπὸ
738 3088 887 3150 σκοπέλοισι
897 3087 1015 3167 δαμεῖεν,
1185 3088 1217 3148 Si
1223 3087 1385 3147 tantumin
1396 3086 1507 3166 glande
1517 3090 1633 3169 saporis
1641 3094 1672 3148 ct
1679 3085 1836 3147 stratilatis
1844 3085 1970 3146 invenit

1183 3180 1250 3257 iste,
1264 3181 1310 3241 uti
1321 3183 1408 3260 quasi
1419 3200 1500 3241 unus
1508 3200 1546 3242 ex
1556 3181 1670 3261 Ulyssis
1678 3180 1776 3255 sociis,
1786 3179 1851 3239 loto
1860 3178 1969 3239 decer-

590 3274 764 3353 sedprocul
1032 3273 1129 3352 [puris
1184 3279 1247 3353 pta,
1259 3293 1323 3334 non
1334 3275 1432 3354 magis
1442 3276 1558 3354 patriis,
1571 3275 1734 3355 soliquam
1756 3272 1969 3352 suimetipsius

353 3366 472 3445 Fugite,
489 3367 514 3426 si
531 3365 600 3444 quis
613 3371 658 3426 est
674 3367 844 3446 improbus,
856 3387 943 3429 meus
954 3384 1055 3428 sermo
1080 3365 1130 3426 vel
1184 3367 1370 3429 oblivionem
1400 3375 1533 3449 caperet,
1551 3387 1653 3430 nonne
1674 3367 1841 3447 jucundius
1857 3366 1968 3446 palato

351 3458 409 3519 Vel
419 3459 456 3518 iis
464 3459 518 3539 qui
531 3463 712 3537 pingantur,
730 3460 786 3520 istc
797 3462 891 3521 venit.
906 3461 999 3521 Porro
1011 3459 1130 3540 profani
1183 3467 1286 3521 nostro
1298 3461 1434 3523 coelestes
1444 3462 1544 3542 epulas
1555 3481 1591 3523 ac
1600 3462 1716 3523 deliciae
1721 3462 1848 3541 sapient,
1861 3461 1969 3539 siquis

351 3553 512 3632 Tanquam
524 3551 606 3627 ferae,
621 3551 739 3611 Christo
751 3553 783 3612 in
799 3559 902 3613 monte
914 3558 1070 3633 praerupto
1183 3571 1293 3613 sanum
1313 3553 1404 3615 illum
1428 3573 1464 3614 ac
1487 3554 1584 3634 probe
1606 3555 1762 3616 detersum
1772 3553 1812 3614 ad
1830 3570 1883 3613 eas
1893 3571 1968 3632 gus

354 3644 549 3725 splendente,
562 3663 597 3705 eo
607 3646 682 3706 Most
690 3646 793 3725 legem
800 3648 834 3708 in
842 3646 955 3708 tabulis
967 3648 1127 3721 scribente,
1183 3648 1290 3709 tendas
1303 3647 1460 3710 attulerit?
1485 3671 1501 3705 ιι
1512 3649 1619 3710 Danda
1629 3667 1704 3728 ergo
1715 3654 1786 3709 sunt
1794 3647 1914 3722 omnia,
1929 3653 1968 3708 ut

350 3737 461 3799 Statim
474 3737 708 3818 erumpentibus
719 3741 797 3801 saxis
807 3741 989 3802 ohnrantur.
1183 3740 1226 3800 ait
1238 3741 1407 3820 hupertus,
1422 3746 1457 3802 ut
1464 3740 1531 3802 haec
1558 3740 1623 3803 sola
1649 3741 1817 3820 margarita
1838 3757 1968 3819 compa-

1182 3837 1244 3896 rari
1257 3842 1359 3915 preat,
1371 3854 1538 3916 omnesque
1559 3835 1729 3896 carnalium
1748 3834 1852 3895 sordes
1868 3833 1968 3894 alico

355 3926 474 3986 «Errat
498 3925 613 4006 itaque,
629 3933 664 3988 ut
686 3926 765 3988 hene
786 3928 904 4008 scripsit
926 3926 1125 4008 Augustinus,
1182 3932 1274 3988 tuum
1295 3928 1334 3988 ab
1348 3927 1445 3988 oculis
1463 3928 1561 3988 cordis
1583 3927 1792 4006 abstergenda
1813 3932 1886 3986 sunt
1906 3928 1965 4003 eis,

349 4020 479 4099 quisque
505 4021 664 4082 r'eritatem
685 4027 817 4101 seputat
836 4040 1028 4102 cognoscere,
1056 4038 1128 4082 cum
1182 4019 1392 4099 quiinschola
1400 4019 1509 4081 Christi
1517 4019 1969 4082 venerabilibusstudentlitte·

350 4113 451 4174 adhuc
462 4114 603 4193 nequiter
610 4112 717 4177 vivat¹.
729 4136 744 4173 u
756 4116 878 4176 Etenim
890 4115 916 4176 si
929 4115 1128 4176 cruditiinter
1181 4113 1233 4188 ris,
1240 4119 1276 4174 ut
1288 4113 1368 4173 hauc
1380 4111 1572 4192 aliquatenus
1584 4111 1850 4192 valeantequilam
1860 4130 1969 4192 prose·

350 4208 488 4268 ethnicos
505 4207 646 4270 homines
666 4215 788 4270 tantum
797 4210 882 4270 inani
898 4228 961 4270 suae
973 4210 1128 4289 sapientiae
1182 4205 1293 4285 quilde
1305 4202 1967 4285 summotheologolosnneloquiturlquam

350 4299 537 4373 tribuerunt,
551 4305 587 4359 ut
600 4318 672 4360 cum
684 4318 721 4361 ea
733 4302 895 4362 consistere
903 4320 966 4362 non
975 4319 1062 4381 posse
1073 4321 1129 4382 pu·
1182 4299 1281 4359 cordis
1289 4298 1440 4360 munditia
1451 4299 1537 4377 juvit,
1550 4305 1585 4360 ut
1594 4298 1764 4360 claritatem
1773 4296 1845 4358 solis
1853 4301 1967 4359 aeterni

352 4391 483 4452 laverint
495 4393 590 4452 animi
602 4392 687 4453 lohes
698 4412 734 4453 ac
746 4394 830 4469 vitia,
844 4394 898 4455 sed
910 4393 985 4474 pelli
994 4394 1127 4456 adventu
1182 4392 1251 4472 plus
1263 4392 1380 4454 ceteris
1388 4392 1498 4453 divinar
1509 4393 1632 4454 visionis
1638 4392 1825 4454 animalibus
1832 4393 1968 4454 irrever-

349 4483 434 4544 illius
453 4489 484 4544 ct
502 4485 649 4564 extirrgui‚
670 4486 739 4565 quis
757 4504 821 4546 nou
841 4486 926 4548 idem
943 4487 1124 4565 christiana,
1180 4484 1287 4547 bercta
1295 4485 1781 4565 possintaciementisintucrii.»
1792 4485 1967 4548 Commode

349 4576 406 4637 sed
416 4594 496 4637 verte
506 4595 661 4655 germana
674 4598 710 4641 ac
723 4598 779 4639 suo
788 4580 984 4659 respondenti
996 4582 1125 4658 nomini,
1180 4578 1255 4639 item
1269 4578 1428 4659 Philippus
1448 4578 1543 4640 abbas
1553 4578 1642 4639 honae
1657 4580 1722 4658 spei
1731 4577 1907 4658 inepistola
1919 4598 1967 4641 se·

350 4669 409 4729 hoc
426 4676 481 4745 est,
501 4670 663 4750 tlroologits
671 4672 859 4747 concesserit,
880 4677 915 4732 ut
927 4679 1080 4734 amatores
1097 4681 1128 4735 et
1180 4673 1282 4733 cunda
1305 4674 1516 4734 «Divinarum
1537 4674 1644 4735 lectori
1657 4674 1887 4753 Scriptumrum
1897 4674 1966 4733 tria

350 4764 482 4825 cultores
493 4766 541 4825 sui
557 4772 675 4827 sanctos
688 4772 719 4828 et
728 4767 846 4827 divinos
857 4772 911 4828 aut
927 4768 1063 4829 inveniat
1073 4776 1128 4830 aut
1179 4765 1268 4826 valde
1284 4766 1454 4827 necessaria
1473 4767 1613 4841 estimat,
1627 4766 1692 4826 sinc
1705 4763 1818 4844 (pulsus
1834 4782 1964 4826 aarum·

350 4855 461 4917 faciat?
478 4857 732 4920 «Venerabilium
745 4859 891 4921 doctrinar
901 4878 1058 4922 sacrorum
1070 4881 1125 4922 an·
1180 4861 1251 4920 dem
1280 4860 1508 4939 Scripturarum
1541 4878 1605 4920 nou
1624 4859 1793 4938 acquirittu
1822 4858 1967 4939 perlecta

348 4949 432 5010 tistes
467 4949 663 5032 philosophia
683 4949 718 5028 2,
756 4954 799 5014 ait
825 4953 971 5033 profanas
999 4955 1126 5035 quidam
1179 4952 1313 5027 scicntia,
1325 4951 1467 5013 videlicet
1484 4952 1632 5028 studium,
1645 4952 1816 5031 ingenium,
1832 4951 1965 5014 humili·

383 5148 1126 5229 aNtz.or·at.1xx111.0dsdrrurplv,drrrtpvl}nraspt·
1179 5110 1354 5228 ρετριώτοιτον·
1378 5154 1410 5226 μὴ
1439 5154 1537 5228 καθαρῷ
1562 5155 1609 5228 γὰρ
1635 5156 1751 5210 θοιτεοθαι
1775 5156 1891 5229 καθαροῦ,
1913 5178 1961 5213 το-

348 5251 408 5300 νων,
423 5235 463 5286 καὶ
484 5236 660 5305 θιαθεὸηκθτων
679 5234 703 5290 ἐν
723 5237 822 5311 θεωρίᾳ,
842 5239 883 5292 καὶ
903 5240 951 5312 πρὸ
970 5240 1063 5295 ruitur
1084 5241 1124 5295 καὶ
1176 5239 1222 5313 gor
1248 5236 1303 5292 stat
1326 5237 1443 5311 ἀσφαλὲς,
1469 5240 1553 5312 ὥσπερ
1582 5237 1637 5294 οὐδὲ
1668 5239 1722 5311 ὄψει
1742 5240 1819 5312 οιιθρᾷ
1852 5240 1963 5313 ἡλιακῆς

348 5317 438 5390 ψυχὴν,
461 5320 502 5373 καὶ
525 5327 597 5394 σῶμα
626 5322 818 5395 κοκοιθαρριθνωιι,
843 5324 858 5391 ἢ
890 5323 1069 5396 καθαιρομθωθ
1095 5325 1125 5379 tl
1178 5337 1284 5398 ἀκτῖνος.

376 5500 395 5544 l.
408 5500 456 5543 le.
469 5498 495 5541 de
505 5501 574 5556 Αροιιι
584 5501 675 5551 curtat,
688 5515 709 5549 c.
717 5514 768 5551 xrrr,
780 5525 805 5536 -
817 5500 916 5550 il'ater.
925 5503 987 5551 Max,
1001 5504 1078 5555 ttulit,
1086 5519 1107 5553 c.
1117 5518 1149 5552 ru.
1159 5528 1185 5539 -
1196 5503 1210 5549 a
1221 5506 1263 5550 tte.
1271 5504 1307 5550 tv,
1322 5502 1385 5550 ,aaa
1396 5526 1421 5537 ·-
1434 5506 1446 5545 t
1457 5504 1581 5552 Ptolem·
1593 5503 1652 5552 thr.
1664 5506 1686 5547 ln
1702 5502 1785 5558 Εοιιιιρ,
1799 5502 1867 5551 Ιοοιι,
