3952 6170
321 346 380 407 tta
825 340 1150 406 marcescentia
1176 341 1406 408 DOGMATUM.

209 546 214 555 ·
321 507 588 571 stamesiensi
616 507 744 589 quidem
774 506 872 571 ahoe
903 508 970 589 ipso
1008 507 1093 590 quod
1184 509 1291 595 Neque
1304 528 1377 572 vero
1391 511 1490 573 siccat
1503 508 1698 589 habendum,
1713 512 1893 589 dnmssluet

322 600 457 683 praeseiri
470 600 587 682 aliquid
596 600 721 677 dicitur,
730 600 873 663 fritsuum
882 617 948 663 esse
957 619 1094 684 pronun·
1144 600 1304 665 detinens
1325 604 1360 664 in
1377 604 1520 666 Decesse
1535 605 1742 684 cognitiones.
1763 607 1813 667 aa
1824 608 1892 673 enin

322 694 455 755 uano.»
1144 694 1237 755 unica
1246 695 1449 776 simplexque,
1465 695 1638 758 habitudine
1650 702 1893 774 tanturmacqtaa

363 786 401 846 X.
412 787 531 846 Verum
544 784 670 846 Boetius
692 790 800 847 eontm
815 786 945 848 sensisse
958 786 1093 863 videtur,
1145 786 1332 869 discrepans,
1346 787 1431 868 quod
1444 787 1498 849 illa
1515 807 1587 869 quae
1602 789 1724 850 visionis
1738 790 1894 865 dictumst
1957 842 1958 885 ,

324 878 378 958 qui
401 895 474 938 cum
496 877 574 938 illud
596 877 736 956 loquenti
759 896 866 940 seeum
893 878 1096 960 philosophia
1145 895 1252 940 renim
1266 879 1459 941 existentiam
1472 881 1895 962 respectumhabetquomrct

325 967 522 1047 objecisset¹z
538 991 554 1026 u
568 969 954 1050 Quamproepostcrum'est
967 977 1097 1034 inteter-
1146 969 1254 1032 altera.
1281 972 1382 1046 Quare
1403 977 1535 1053 possunt
1551 972 1664 1033 future
1681 992 1733 1035 res
1754 973 1811 1036 hoc
1822 992 1895 1037 senso
1957 1022 1958 1025 ,

325 1079 375 1123 nes
387 1061 587 1141 praescientiae
610 1062 829 1142 temporalium
847 1081 954 1124 rerum
968 1071 1097 1127 eventus
1146 1061 1205 1123 dici
1220 1082 1321 1125 ceusae
1340 1064 1600 1126 divinaeseientiee
1613 1065 1699 1145 quod
1712 1066 1777 1145 ipsa
1794 1065 1896 1128 illarum

326 1172 419 1215 carna
432 1171 498 1214 esse
512 1153 650 1215 diraturl
667 1154 748 1228 Quid
762 1160 807 1215 est
828 1160 935 1217 autern
950 1156 1036 1218 aliud
1050 1175 1098 1219 ar-
1147 1154 1307 1217 existentia
1320 1161 1471 1237 tanquam
1485 1157 1643 1235 objectum
1655 1156 1767 1219 delinit
1778 1159 1896 1221 aedda-

325 1244 435 1307 bitrari
447 1246 517 1307 ideo
531 1247 631 1307 Deum
645 1245 990 1327 lituusqueniamsunt
1004 1266 1097 1311 even-
1147 1246 1248 1309 minat
1268 1248 1414 1310 nuntiam
1436 1250 1502 1310 Dei.
1524 1250 1632 1330 Neque
1649 1250 1740 1311 enim
1754 1248 1811 1310 clio
1823 1251 1896 1312 modo

325 1343 397 1399 turre
423 1337 610 1418 providere,
646 1356 741 1419 quam
774 1344 885 1419 putare
919 1358 989 1419 qaae
1023 1342 1098 1404 olim
1147 1357 1243 1419 quam
1266 1359 1329 1421 quo
1352 1341 1490 1403 enismnt
1506 1341 1618 1421 reipsa,
1641 1342 1788 1404 ridentur
1805 1343 1894 1419 allec,

326 1429 528 1506 acciderunt,
565 1447 690 1491 causam
738 1448 869 1492 summae
911 1431 995 1494 illius
1033 1452 1098 1499 esse
1148 1431 1236 1509 cujus
1262 1438 1297 1493 ut
1314 1451 1390 1494 vera
1411 1433 1462 1511 sit,
1487 1439 1698 1495 consentanea
1720 1432 1810 1495 debet
1824 1433 1897 1494 rehu

326 1520 548 1601 providentiae²
561 1520 606 1581 t»
632 1527 702 1602 post
718 1523 763 1584 ita
783 1514 1021 1603 respondentem
1040 1527 1099 1589 sibi
1148 1541 1213 1585 esse
1227 1524 1375 1604 cognitio.
1392 1525 1433 1587 At
1445 1525 1532 1608 prior
1540 1525 1669 1587 scientia
1680 1543 1757 1587 cnm
1764 1524 1895 1588 rmdirer·

327 1614 470 1674 eamdem
496 1613 724 1693 philosophiam
748 1614 884 1677 inducit:
915 1617 1015 1678 Deum
1035 1637 1099 1681 uno
1148 1634 1198 1677 sas
1224 1615 1389 1696 variosque
1414 1617 1524 1678 medos
1551 1615 1664 1697 quibus
1693 1622 1829 1679 constme
1851 1617 1897 1678 illa

327 1705 443 1766 intuitu
469 1704 575 1766 futtuo
595 1705 711 1782 omnia,
733 1705 908 1788 liberasque
923 1709 1100 1773 voluntates
1149 1714 1279 1789 possunt
1300 1727 1365 1789 proe
1378 1727 1411 1770 se
1426 1709 1552 1787 haheat,
1573 1708 1728 1770 efficiendi
1741 1714 1896 1791 pennam

329 1803 361 1857 et
387 1814 496 1858 eanum
524 1797 713 1858 mutationes
746 1804 897 1879 tanquam
935 1809 1101 1882 presentes
1150 1819 1186 1861 oc
1200 1800 1393 1862 voluntatem
1407 1801 1547 1862 divinam
1560 1801 1698 1881 regendo
1712 1802 1897 1863 adnuendi

328 1890 490 1970 inspicere.
515 1912 530 1948 n
558 1890 657 1964 Quam
684 1893 967 1971 comprehendendi
995 1897 1101 1959 omnia
1150 1911 1246 1973 quam
1267 1911 1306 1954 ex
1326 1893 1471 1954 omnihus
1489 1893 1717 1955 accommodat.
1741 1894 1896 1956 ltauerode

328 1982 508 2063 visendique
528 1982 736 2062 praesentiam,
766 2002 830 2045 non
858 2003 897 2046 ex
924 1987 1101 2050 futuramm
1150 1985 1209 2047 hec
1230 1985 1358 2046 scientia
1383 1985 1502 2047 dictum
1525 1991 1571 2046 est
1589 2004 1609 2046 a
1626 1986 1747 2062 huetio,
1761 1984 1896 2046 retusam

329 2079 482 2154 proventu
504 2091 611 2135 remm
623 2074 678 2135 sed
692 2092 731 2136 ex
744 2076 871 2156 propriu
887 2078 968 2139 licus
982 2079 1101 2162 simpli·
1150 2076 1285 2138 omnibns
1303 2074 1421 2138 modurn
1443 2078 1625 2153 restituere,
1645 2077 1734 2158 quod
1759 2077 1796 2138 de
1819 2082 1896 2158 poste

330 2167 422 2228 citato
435 2166 562 2228 sortitus
577 2172 633 2227 est.
660 2167 704 2227 Ex
727 2185 790 2246 quo
807 2167 885 2230 illud
902 2189 1027 2253 qnoque
1040 2174 1101 2235 sol·
1151 2169 1232 2230 riore
1255 2169 1385 2230 minime
1402 2169 1463 2231 dici
1484 2174 1606 2251 potest3
1630 2169 1799 2248 quonium,
1820 2174 1851 2229 ut
1866 2169 1897 2229 ait

330 2259 414 2319 witru
424 2259 509 2340 quod
521 2258 615 2339 paulo
624 2264 696 2320 ante
705 2260 846 2339 posuisti,
858 2261 1024 2342 indignum
1037 2284 1102 2330 esse
1151 2261 1354 2341 Augustinus,
1384 2283 1399 2320 n
1424 2261 1451 2321 si
1479 2279 1544 2322 non
1576 2261 1758 2340 contigisset
1782 2260 1813 2322 id
1834 2260 1896 2342 quod

331 2351 357 2411 si
366 2352 502 2413 scientiae
515 2351 570 2412 Dei
583 2368 709 2412 eorunm
722 2352 828 2413 lutura
837 2360 943 2416 nostra
954 2365 1103 2437 praestare
1152 2354 1293 2434 Contigit,
1309 2352 1397 2415 nulli)
1414 2353 1557 2415 111⁰d⁰id
1578 2353 1753 2434 Ptttttisset
1772 2352 1895 2426 summor,

332 2442 486 2505 dieantur.
502 2443 576 2504 Haec
590 2442 675 2505 enim
687 2442 823 2505 scientias
837 2445 884 2505 vis
902 2454 1103 2526 praesentaria
1151 2446 1310 2526 quianon
1329 2450 1397 2507 erat
1418 2444 1573 2507 futruum.
1592 2466 1607 2503 o
1632 2445 1725 2506 Unde
1744 2450 1896 2507 neeesscest

331 2535 458 2596 notione
480 2539 593 2596 cuneta
614 2535 833 2615 complectens,
858 2537 951 2600 rebus
971 2542 1103 2606 modurn
1151 2539 1237 2620 prius
1260 2556 1328 2600 rem
1355 2536 1484 2618 cogitari
1508 2537 1669 2614 futuram,
1701 2555 1794 2618 qnam
1816 2537 1896 2598 hura

332 2628 476 2689 omnibus
493 2627 560 2708 ipsa
581 2627 752 2705 constituit,
777 2629 856 2690 nihil
869 2648 943 2692 vero
957 2636 1104 2713 posteris
1151 2630 1369 2712 praeuidentia.
1385 2630 1429 2692 Ac
1443 2630 1567 2691 Boetius
1575 2629 1687 2710 ipsein
1701 2629 1895 2691 &armentis

332 2720 418 2781 ribus
435 2719 537 2781 dehet.
553 2743 569 2778 »
592 2720 667 2794 Quae
681 2721 779 2782 Boetii
791 2722 872 2783 ratio
885 2742 950 2785 non
963 2727 1036 2788 satis
1051 2747 1103 2791 00-
1152 2723 1192 2784 ad
1205 2722 1321 2784 librum
1334 2722 1505 2784 A1istotelis
1514 2719 1549 2783 de
1563 2720 1808 2802 intermistione
1815 2721 1895 2783 edito

333 2813 449 2874 herere
459 2813 582 2874 ridetur
600 2830 674 2873 eum
692 2831 728 2874 eo
745 2815 829 2894 quod
843 2816 953 2878 eadem
966 2818 1000 2879 in
1013 2839 1105 2900 prosa
1153 2814 1364 2892 nissecnndoe,
1379 2814 1541 2876 communi
1557 2812 1641 2875 unet
1653 2813 1823 2875 sententie.
1838 2812 1895 2875 Gon

333 2911 419 2967 senta
432 2905 489 2965 suh
502 2904 705 2986 philosophie
717 2923 850 2986 persona
859 2908 994 2987 tradidit,
1004 2913 1105 2975 Deum
1153 2908 1240 2969 enim
1266 2907 1353 2968 illam
1380 2906 1438 2967 sibi
1463 2905 1668 2987 quaestionem
1697 2906 1893 2987 proposuisset:

334 2998 439 3059 omnia
452 2998 558 3059 futtuo
578 3003 610 3058 et
630 2998 841 3077 contingentia
863 3005 1014 3082 tanqrmm
1028 3024 1106 3086 prae-
1157 3000 1236 3061 «An
1249 2999 1275 3061 si
1289 3001 1371 3060 Deus
1384 2998 1490 3060 omnia
1501 2997 1606 3059 futura
1619 2999 1757 3076 noverit,
1771 2998 1894 3060 morere·

333 3092 431 3152 motio
450 3090 635 3172 prospicere.
666 3090 737 3151 Ideo
763 3091 861 3151 nihilo
893 3095 993 3175 magis
1022 3098 1106 3161 illius
1153 3091 1269 3153 niatut
1282 3089 1390 3152 omnia
1405 3109 1443 3152 ex
1460 3090 1643 3152 necessitate
1666 3089 1783 3168 fianta
1800 3091 1837 3151 ita
1850 3107 1895 3150 res

334 3183 558 3263 prescientiam
571 3182 666 3243 rebus
679 3182 744 3243 vim
762 3202 798 3244 ac
816 3187 1031 3251 necessitatem
1047 3191 1104 3254 ha·
1153 3183 1289 3265 pendet:
1305 3203 1321 3240 <t
1334 3183 1396 3244 Sed
1407 3183 1433 3243 Si
1446 3181 1516 3262 ‘luis
1528 3181 1587 3243 1¹⁰0
1597 3182 1693 3258 ditat,
1707 3180 1895 3244 illifidtssdttm

334 3276 419 3352 here,
449 3294 544 3356 quam
571 3280 711 3355 aspectus
736 3281 842 3338 noster
861 3278 955 3339 rehus
968 3280 1007 3342 iis
1029 3302 1106 3364 quas
1155 3275 1293 3357 estquod
1307 3277 1406 3336 Deum
1416 3275 1493 3336 dum
1506 3275 1612 3336 omnin
1624 3275 1708 3337 scire
1720 3272 1894 3336 conahueffi·

335 3386 441 3429 eoram
454 3368 523 3429 fieri
536 3368 702 3428 cernimus.
719 3368 806 3429 Certe
816 3369 900 3430 enim
909 3372 965 3451 qui
977 3392 1106 3438 cruren-
1154 3386 1236 3445 cere,
1252 3367 1358 3429 omnia
1366 3367 1485 3429 nescire
1495 3367 1663 3429 contendit.
1677 3365 1894 3428 Binariumeoiu

335 3465 400 3520 tem
420 3460 581 3520 hominem
599 3459 719 3539 aspicit,
743 3460 874 3523 modurn
893 3463 977 3525 illius
1002 3470 1107 3529 crusni
1155 3478 1324 3522 numerum
1337 3459 1680 3540 esseimpuremsiquis
1691 3460 1896 3540 sescirepropo

336 3552 465 3613 minime
501 3557 627 3632 aspectu
660 3570 716 3613 suo
752 3553 921 3616 constituit.
959 3557 1107 3631 Quocirca
1155 3559 1221 3632 nat,
1246 3571 1312 3614 non
1329 3552 1382 3614 ille
1401 3551 1534 3627 neverit,
1553 3552 1608 3613 sed
1625 3553 1732 3632 potius
1750 3550 1844 3613 nmcit
1863 3549 1895 3611 lta

337 3644 481 3706 Boetium
494 3649 632 3725 apparet,
643 3644 698 3706 llei
711 3644 873 3706 scientiam
883 3647 983 3710 laxius
992 3656 1024 3712 et
1037 3670 1108 3714 con-
1154 3663 1280 3727 quoqne
1300 3662 1366 3706 non
1383 3649 1430 3705 est
1441 3644 1589 3725 potentiae
1604 3663 1708 3722 nome,
1727 3645 1779 3707 sed
1794 3643 1823 3705 id
1837 3640 1896 3704 uli

337 3736 435 3798 liuius
455 3754 633 3818 usurpasse,
658 3740 727 3798 tum
755 3742 908 3817 qnatenus
930 3759 980 3803 res
999 3761 1108 3807 ornnes
1155 3739 1233 3800 trari
1249 3755 1350 3813 nosse,
1377 3737 1481 3818 potius
1499 3735 1894 3816 impotentissimae

337 3829 478 3892 absolute
504 3848 606 3909 neque
630 3833 666 3890 ut
688 3834 772 3890 certe
804 3836 944 3894 extantes
966 3838 1107 3916 tempore
1156 3831 1232 3893 dicit
1244 3833 1344 3893 Deum
1357 3834 1468 3891 cunda
1477 3846 1579 3906 nosse,
1595 3835 1625 3890 et
1639 3828 1681 3890 ob
1698 3829 1757 3891 hoc
1765 3833 1894 3889 cuneuex

338 3922 503 4001 cognoscit,
518 3928 589 3983 tum
602 3926 638 3982 ut
650 3922 775 3984 easdem
798 3928 891 3985 certe
906 3924 1013 3987 affixas
1031 3933 1109 3991 tem-
1156 3923 1337 3985 necessitate
1349 3921 1684 3998 mauruncium
1695 3921 1768 3987 dicit
1776 3938 1810 3981 ex
1817 3933 1896 3980 netu

338 4016 421 4095 poris
435 4014 617 4075 differentiae
631 4014 869 4095 contempletur.
887 4018 1025 4090 Quarum
1034 4020 1109 4083 dun-
1157 4016 1247 4077 sitate
1260 4020 1372 4076 cuneta
1382 4013 1653 4075 venumdedere
1669 4027 1857 4095 quacumqu
1867 4024 1894 4067 ει

337 4106 773 4187 rumeognitionumpriorem
781 4108 1109 4175 nominantinsoholls
1157 4107 1336 4170 necessitate
1357 4124 1423 4167 non
1437 4105 1596 4167 eveniunt.
1622 4106 1705 4166 Nam
1723 4106 1750 4166 si
1765 4102 1855 4165 omnis
1867 4116 1895 4160 cx

337 4200 489 4262 scientiam
520 4197 660 4280 simplicis
700 4198 926 4280 intelligentie,
951 4205 1108 4284 posterii>-
1157 4200 1336 4262 necessitate
1344 4204 1477 4261 venum
1486 4197 1573 4258 novit
1585 4198 1679 4273 Deus,
1691 4199 1726 4258 in
1738 4195 1894 4258 notionesus

338 4312 406 4355 rem
442 4291 575 4353 cisionis.
609 4290 694 4352 illius
730 4297 776 4352 est
811 4292 954 4355 ordinare
987 4315 1037 4360 res
1072 4317 1109 4361 ac
1156 4293 1293 4368 follitum
1309 4309 1375 4352 non
1389 4290 1473 4352 enim
1487 4289 1593 4351 omnia
1608 4308 1648 4350 ex
1662 4289 1832 4351 necessitate
1843 4301 1894 4345 ero

339 4387 511 4466 disponere,
527 4401 563 4445 ac
576 4381 768 4444 volumtatem
779 4383 916 4446 divinam
930 4391 962 4447 et
973 4388 1109 4452 efficien-
1157 4386 1261 4462 niunt,
1291 4383 1345 4445 sed
1367 4382 1471 4463 aliqua
1493 4382 1722 4461 contingenter,
1742 4386 1822 4442 etc.»
1842 4376 1893 4437 llos

338 4479 415 4538 dam
420 4475 649 4556 quodammodo
657 4476 1109 4557 gubernare,quemadmodum
1158 4477 1336 4538 futurorum
1350 4473 1596 4554 contingentium
1609 4474 1769 4535 scientiam
1782 4489 1816 4533 ex
1825 4466 1894 4529 rehu

339 4568 560 4631 architectandi
583 4585 676 4627 usum
702 4572 734 4628 et
760 4567 860 4647 operis
883 4569 1109 4635 institutionem
1156 4568 1232 4650 ipsis
1253 4568 1374 4629 hauriri
1396 4567 1440 4628 ita
1460 4566 1674 4628 demonstrat:
1701 4562 1817 4626 uNorit
1831 4558 1893 4621 enin

340 4680 390 4723 ars
408 4661 461 4722 illa
480 4679 551 4740 quae
565 4659 659 4720 estin
671 4658 797 4720 artificis
811 4667 916 4721 mente
930 4663 1110 4728 moderatur
1157 4661 1263 4723 future
1276 4661 1358 4722 Deus
1371 4677 1435 4720 non
1449 4664 1484 4719 ut
1503 4677 1541 4719 ex
1562 4658 1743 4720 necessitate
1756 4648 1893 4718 ervenium

339 4774 376 4815 ac
390 4754 504 4833 dirigit.
518 4750 672 4814 Posterior
685 4757 791 4813 autem
803 4770 853 4812 res
862 4754 986 4815 easdem
998 4758 1108 4820 volun-
1158 4755 1212 4816 sed
1225 4759 1261 4815 ut
1272 4752 1500 4831 contingenter,
1515 4751 1560 4811 ito
1574 4756 1611 4811 ut
1628 4751 1723 4813 etiem
1735 4746 1813 4810 aliud
1826 4756 1892 4825 post

340 4846 475 4926 tatejam
485 4845 592 4906 divina
606 4844 779 4923 designatas
793 4850 823 4906 et
837 4846 1019 4909 constitutas
1032 4850 1110 4912 etin
1158 4846 1226 4909 fieri
1248 4864 1314 4907 non
1338 4845 1471 4924 ignoret,
1494 4844 1577 4924 quod
1595 4849 1702 4904 tamen
1719 4837 1893 4916 fiatexipssr

339 4937 596 5021 aliquatemporis
601 4942 689 5017 parte
697 4937 921 5017 producendas,
937 4940 1025 5019 quasi
1034 4942 1111 5003 exis-
1158 4958 1230 5001 rum
1242 4938 1408 4999 hominum
1421 4942 1452 4997 et
1465 4942 1592 4997 actuum
1601 4935 1722 4996 ratione
1730 4930 1889 5014 perscissus

339 5038 439 5094 untes
461 5050 497 5092 ae
517 5034 684 5111 presentes
702 5030 843 5091 intuetur
870 5038 996 5111 prepter
1023 5030 1109 5095 illam
1198 5031 1250 5092 Xl.
1273 5031 1430 5091 Postremo
1445 5048 1482 5090 en
1495 5028 1543 5089 his
1557 5027 1643 5089 uelut
1662 5022 1840 5089 corollarium
1852 5014 1892 5076 dt
1906 5074 1929 5117 Α,

340 5143 436 5204 quam
448 5129 480 5185 et
493 5141 587 5204 supra
605 5122 884 5184 demonstravimus
903 5129 934 5184 et
951 5127 1110 5205 superiore
1158 5123 1229 5185 duci
1246 5127 1355 5203 potest,
1384 5122 1468 5202 quod
1494 5120 1534 5181 ad
1554 5120 1633 5182 illud
1651 5107 1939 5222 respondederit&¹

339 5217 374 5276 in
386 5217 478 5293 libro,
493 5215 757 5291 vimreternitotis,
768 5233 839 5295 quie
858 5234 950 5283 omne
960 5220 1110 5297 praeteriti
1159 5234 1220 5297 quo
1235 5214 1333 5295 quaeri
1346 5213 1439 5293 vulgo
1453 5213 1541 5289 solet,
1559 5231 1600 5273 cn
1618 5214 1681 5273 sint
1699 5207 1891 5273 ermannus
1913 5231 1917 5294 ζ

341 5326 376 5368 ac
388 5307 486 5368 uuuu
499 5308 666 5369 discrimen
677 5307 824 5369 excludit.
1159 5327 1228 5388 quae
1256 5308 1294 5368 de
1319 5306 1430 5368 futuris
1452 5304 1702 5384 mutingentibru
1727 5298 1891 5383 proteruntur
1905 5288 1934 5328 ¹¹¹

368 5580 378 5622 i
392 5577 440 5623 Lib.
452 5577 476 5622 ll.
488 5577 514 5621 de
526 5578 611 5622 consu.
622 5576 678 5631 pust.
689 5576 742 5620 -2
755 5575 803 5621 Pro.
815 5578 836 5621 8.
