3952 6170
366 432 415 494 us
434 430 509 492 om
530 430 673 505 narona
693 430 1039 509 rnoanrarannos,
1062 433 1133 494 nra.
1158 433 1214 509 ιιι,
1237 434 1320 495 ιιι.
1344 434 1381 496 ιι.
1613 434 1673 493 ιιι

86 600 173 675 illam,
185 615 321 678 regnum
340 596 427 670 illud,
441 596 525 674 quod
544 596 710 675 Scripturas
728 603 848 658 sancto-
896 597 992 677 porcis
1006 605 1034 658 el
1056 596 1260 658 invisibilibus
1271 602 1360 678 putat
1378 616 1417 659 ex
1435 604 1552 659 eterno
1570 599 1672 661 lusiam

86 710 208 772 rumque
219 691 348 752 Petrum
359 688 430 750 libri
443 687 599 768 frequenti
614 706 757 750 sermone
769 690 848 751 cele·
898 691 1066 768 quamdam
1089 690 1223 751 extitisse
1242 689 1379 752 divinam
1396 696 1427 752 et
1449 691 1628 769 increatam,
1653 712 1673 754 a

87 786 177 848 brant.
207 786 252 845 lta
279 783 377 845 Greci
405 782 553 862 presules
580 782 615 842 in
641 782 849 845 conciliabulis
898 782 952 842 Dei
963 782 1134 844 substantia
1149 783 1313 859 disemum,
1326 783 1366 844 ab
1382 803 1479 864 eaque
1491 790 1672 847 manantem

86 880 191 959 aliquot
205 878 419 952 decreverunt,
439 894 508 954 quae
527 880 635 936 contm
652 874 848 936 Barlaamunr
897 892 967 954 quae
984 876 1037 936 Dei
1058 877 1097 935 sit
1113 874 1273 949 habitatio,
1293 876 1409 956 Deique
1425 894 1569 956 regnum,
1587 879 1672 957 quod

87 977 113 1031 et
124 969 318 1048 Acindynum
329 986 365 1029 ac
378 968 514 1029 lautores
532 984 642 1029 eorum
657 965 845 1044 habuemnt,
897 967 1011 1027 caelum
1023 985 1208 1047 empyreum
1221 973 1359 1029 vocatur.
1379 990 1395 1026 ι
1408 970 1473 1030 Ηοο
1484 975 1590 1031 numm
1606 988 1671 1032 non

86 1060 848 1140 utsxtomasynodicoconstatquemincapitibus
897 1064 1014 1137 potest,
1039 1059 1156 1138 inquit,
1184 1078 1249 1121 esse
1278 1066 1417 1123 creatum
1431 1061 1454 1122 ².
1480 1063 1559 1124 Nam
1587 1062 1672 1142 quod

86 1156 138 1218 illis
148 1154 236 1236 primi
247 1153 321 1215 libri
331 1154 584 1214 memoravimus.
599 1154 665 1227 Quo
675 1152 801 1232 quidem
814 1154 848 1214 in
897 1157 1035 1212 creatum
1046 1151 1114 1227 istit,
1130 1151 1188 1212 init
1201 1152 1287 1213 locus
1305 1158 1336 1213 et
1350 1159 1485 1232 tempus,
1501 1155 1532 1215 id
1547 1160 1594 1215 est
1606 1156 1672 1236 ipse

86 1253 160 1309 tomo
171 1246 347 1309 continetur
358 1246 455 1306 illud:
473 1247 573 1306 «Cum
585 1245 846 1325 quaesitumesset,
897 1245 1044 1305 mundus.
1070 1245 1185 1305 Deinde
1206 1263 1278 1305 cum
1300 1245 1378 1306 illud
1398 1246 1438 1305 sit
1455 1264 1588 1326 regnum
1603 1247 1669 1326 Dei,

86 1340 126 1401 uti
139 1356 175 1400 er
191 1344 371 1400 sanctorum
391 1338 570 1398 anctoritate
588 1338 715 1398 Petrum
734 1355 847 1417 appro·
897 1353 962 1397 non
970 1337 1288 1416 videturiasregnum
1296 1337 1424 1398 Deinon
1433 1356 1555 1418 semper
1566 1339 1669 1401 inisse.

86 1431 208 1505 baretur,
221 1431 334 1492 lumen
345 1429 713 1508 illudtransfigurationis
723 1429 849 1491 Domini
897 1428 949 1488 Fst
971 1430 1056 1491 enim
1080 1429 1194 1490 coelum
1217 1448 1401 1509 empyreum
1424 1431 1544 1491 claritas
1567 1432 1672 1492 divina

87 1523 242 1584 increatum
254 1540 333 1597 csse,
347 1541 449 1601 neque
464 1526 572 1582 tamen
584 1521 616 1581 id
628 1538 693 1582 esse
704 1521 847 1582 substan·
897 1539 993 1599 quam
1004 1540 1125 1602 semper
1136 1522 1228 1583 inisse
1247 1540 1319 1583 oum
1335 1523 1398 1583 Deo
1414 1541 1537 1584 necesse
1553 1530 1609 1598 est,
1631 1524 1671 1586 ad

86 1616 150 1676 tiam
171 1616 239 1691 Dei,
264 1615 428 1675 universos
448 1614 514 1675 iere
536 1613 763 1693 pronuntiasse,
788 1614 848 1675 hoc
897 1631 992 1692 quam
1013 1614 1183 1675 claritatem
1208 1614 1332 1675 admisit
1351 1615 1477 1694 angelos
1499 1615 1671 1678 incredibili

86 1705 845 1787 ipsuminqrmrtaactionedemonstratunrfuisse,
895 1704 1090 1767 humanitate
1111 1725 1177 1782 sua,
1201 1712 1232 1767 ct
1256 1706 1400 1787 homines
1425 1707 1502 1786 pios.
1527 1709 1670 1787 Regnum

87 1800 115 1859 in
134 1819 190 1878 qua
208 1804 376 1878 praesentes
399 1798 539 1860 Ecclesia
564 1797 730 1858 adversarii
753 1799 846 1860 modo
897 1799 951 1858 Dei
980 1804 1025 1860 est
1050 1816 1184 1879 regnum
1208 1799 1351 1860 omnium
1380 1799 1599 1875 mouerunt,
1629 1802 1672 1863 ait

87 1897 209 1952 creatum
220 1891 304 1952 istud
322 1897 353 1952 et
367 1889 551 1971 phantasma
569 1895 600 1950 et
621 1890 844 1966 velamentum,
896 1890 1045 1952 Psalmus.
1055 1894 1184 1972 Semper
1195 1892 1241 1951 sol
1252 1890 1303 1951 ille
1313 1891 1414 1951 lucem
1426 1895 1671 1954 aetemamsuam

87 1989 112 2043 et
131 1983 342 2045 adumbratam
365 1983 498 2063 speeiem
521 1982 680 2062 perspicue
706 1981 848 2063 blasphe
895 1982 1005 2043 habuit
1016 1985 1172 2045 comitem.
1189 1984 1252 2044 Nec
1267 1987 1368 2062 potest
1380 1983 1465 2044 aliud
1481 2001 1545 2044 esse
1557 1985 1671 2046 coelum

87 2081 265 2138 munerasse
283 2077 440 2152 dicebant,
458 2076 551 2137 modo
568 2076 628 2136 hoc
645 2075 740 2154 impie
751 2075 846 2154 profi·
895 2093 1092 2155 empyreum,
1114 2077 1210 2137 idest
1231 2076 1370 2155 igneum,
1393 2075 1455 2136 nisi
1474 2076 1595 2138 claritas
1618 2077 1672 2139 illa

87 2167 215 2230 bhnntur
224 2169 402 2231 increatum
413 2186 479 2229 esse
491 2173 522 2229 et
528 2168 627 2248 ipsam
639 2167 694 2227 Dei
704 2166 846 2229 substan·
895 2187 1028 2230 manans
1038 2189 1057 2231 a
1066 2171 1129 2230 Deo
1141 2170 1393 2249 circumquaque,
1406 2173 1493 2230 extm
1502 2171 1668 2248 mundum,

87 2260 208 2321 θεον.»
896 2265 985 2321 extra
998 2279 1106 2322 rerum
1119 2266 1293 2322 creatarum
1305 2260 1613 2341 corruptibiliumque
1624 2280 1672 2323 re-

120 2354 239 2415 Fasdem
264 2353 478 2414 (iraculorum
502 2371 538 2413 ac
561 2351 781 2412 Palamitarum
801 2351 848 2412 in·
895 2370 1033 2431 gnum.»
1058 2355 1095 2414 Et
1110 2354 1168 2414 suh
1186 2352 1283 2416 tinem
1308 2351 1380 2413 libri
1399 2350 1434 2413 de
1452 2353 1549 2414 Rebus
1573 2354 1669 2415 incor-

88 2442 177 2506 doctss
195 2447 259 2507 imo
288 2446 453 2524 sacrilegas
474 2444 595 2505 fabulas
617 2443 711 2505 refert
738 2450 770 2505 et
792 2463 846 2524 ap·
891 2445 1003 2525 porcis,
1026 2445 1167 2526 pluribus
1192 2450 1405 2506 commentum
1426 2443 1504 2505 illud
1527 2447 1668 2526 explicat,

89 2537 183 2614 probat
195 2539 370 2599 inhiatoria
385 2556 442 2598 sua
455 2539 590 2599 loannes
608 2537 845 2614 Csntacuzenus,
896 2537 980 2599 hunc
1002 2556 1067 2599 esse
1088 2538 1192 2599 dicens
1211 2536 1380 2617 Olympum
1402 2536 1492 2597 illum
1507 2543 1670 2616 poetarum

88 2627 133 2689 nbi
148 2630 184 2692 ds
201 2630 254 2691 illo
276 2630 433 2691 Barlaami
455 2636 486 2691 et
504 2629 636 2690 Palnmoe
652 2628 797 2690 conflictu
812 2648 849 2691 ac
896 2630 984 2712 qussi
1003 2632 1148 2706 trotapirq,
1168 2630 1252 2708 quod
1271 2633 1355 2690 totus
1378 2628 1530 2690 immenso
1551 2630 1671 2710 hdgore

89 2724 189 2783 ceteris
200 2723 353 2801 ejusmodi
364 2722 557 2784 mentionem
569 2717 671 2782 iacit¹.
685 2720 765 2781 Nam
778 2739 847 2783 mo·
896 2723 1036 2796 collucet,
1054 2726 1086 2781 ct
1099 2739 1117 2782 a
1131 2722 1227 2783 Paulo
1246 2726 1375 2782 vocatur
1394 2719 1448 2782 luc
1470 2722 1671 2787 inacessibilis

90 2814 188 2876 rachos
211 2817 254 2876 ita
273 2833 479 2889 asseverasse,
504 2813 657 2894 apostolos
684 2813 718 2873 in
741 2810 847 2876 mente
896 2832 963 2895 quoe
981 2834 999 2874 ο
1016 2813 1110 2875 Patre
1131 2812 1355 2874 inhabitatur.»
1379 2814 1472 2874 Mox:
1488 2814 1587 2876 «Hac
1603 2816 1668 2893 lux,

90 2904 213 2969 ihabore
243 2908 418 2988 «corporis
444 2906 540 2967 oculis
566 2906 708 2966 divium
739 2911 770 2966 et
798 2907 847 2967 in·
897 2907 950 2981 ait,
966 2925 1007 2967 an
1025 2922 1173 2985 corporea
1194 2905 1234 2965 sit
1255 2923 1297 2965 an
1319 2905 1502 2984 incorporea
1515 2907 1668 2985 quedam,

90 3004 211 3060 creatum
228 3000 340 3061 lumen
357 2997 566 3080 aspexisset»
590 2999 628 3058 Et
643 3002 749 3077 postea
761 2998 847 3059 Pata·
897 3016 963 3058 non
982 2996 1070 3058 facile
1091 2996 1233 3058 dixerim.
1258 2996 1433 3058 Arbitrarer
1449 3002 1555 3058 tamen
1575 2999 1671 3062 talem

90 3106 162 3151 nam
177 3092 218 3153 ait
232 3092 432 3173 approbasse,
457 3091 590 3152 elumen
610 3089 688 3151 illud
710 3091 795 3169 quod
814 3091 849 3153 in
897 3108 974 3166 ease,
991 3094 1027 3149 ut
1038 3090 1262 3169 hoecoorporea
1276 3094 1307 3150 et
1320 3093 1426 3149 nostra
1440 3089 1536 3169 possit
1549 3108 1626 3167 esse,
1639 3097 1671 3154 et

90 3179 213 3245 'lhabore
235 3184 403 3264 discipulos
425 3182 637 3259 circumfrdsit,
663 3182 756 3243 irrisae
780 3182 847 3261 glo·
896 3183 957 3244 dici
970 3182 1058 3261 quasi
1071 3180 1272 3242 simulacrum
1283 3180 1360 3259 ejus,
1371 3187 1408 3241 ut
1420 3180 1474 3242 illa
1492 3181 1531 3242 sit
1547 3182 1671 3246 divinis·

91 3273 156 3335 riam
167 3277 218 3338 Dei
227 3278 319 3339 initio
331 3282 489 3338 carentem
509 3285 540 3336 et
557 3276 667 3336 lumen
681 3274 849 3337 didnimtis
896 3278 974 3336 sima
987 3275 1043 3334 lux
1058 3278 1133 3334 nota
1143 3272 1331 3352 visibilisque
1347 3277 1379 3333 et
1393 3273 1498 3333 animo
1517 3278 1548 3335 et
1560 3275 1668 3355 oculis,

90 3382 120 3427 ac
132 3368 317 3431 divinitatem
334 3375 366 3431 et
380 3368 555 3430 naturalem
570 3386 606 3428 ac
623 3367 848 3447 sempiternum
897 3367 1023 3447 qualem
1031 3366 1168 3428 Christus
1181 3364 1315 3427 ostendit
1328 3365 1362 3426 in
1373 3371 1479 3427 monte
1493 3384 1566 3427 cnm
1576 3368 1668 3430 resti·

92 3457 136 3519 bei
157 3461 373 3541 fuganam.»
402 3461 501 3523 David
527 3478 651 3540 quoqne
677 3461 849 3522 monachus
897 3465 1003 3522 menta
1016 3457 1340 3539 ejasiactasuntalba
1357 3458 1622 3535 utnix,‘etfaeies
1634 3468 1670 3524 ut

91 3567 169 3628 quem
190 3554 222 3615 in
250 3553 506 3616 annotationibus
532 3553 571 3614 ed
601 3553 848 3614 umacnenum
897 3553 943 3615 sol
952 3552 1073 3626 enituit,
1092 3557 1123 3612 et
1133 3550 1258 3630 qualem
1271 3550 1404 3612 omndit
1415 3550 1492 3613 Masi
1505 3552 1538 3613 in
1552 3552 1666 3616 rubo.»

91 3642 151 3704 citat
165 3646 295 3709 Jacobus
311 3647 481 3722 Pantanus,
503 3647 538 3706 in
555 3644 704 3706 relatione
727 3645 766 3707 de
785 3646 847 3707 dis·
898 3647 970 3707 Haec
979 3644 1161 3726 Eugubinus
1173 3648 1205 3704 et
1217 3643 1255 3704 iis
1265 3643 1365 3724 plura,
1379 3662 1449 3723 quae
1459 3645 1670 3708 Graeculorum

90 3733 155 3796 sidio
171 3739 323 3801 balaami
338 3745 369 3800 et
384 3739 518 3800 Palamae
533 3738 617 3799 idem
632 3742 758 3798 narrat:
776 3737 847 3797 «οἱ.
898 3738 1118 3800 Palamitamm
1138 3736 1230 3815 nugis
1250 3742 1456 3798 consentanea
1483 3744 1565 3800 sunt.
1591 3740 1670 3813 Quid

91 3827 184 3890 nrum
205 3832 367 3913 quippiam
391 3837 423 3892 ct
445 3831 617 3891 increatum
648 3847 712 3890 esse
740 3829 848 3891 lumen
896 3838 1002 3893 autem
1025 3831 1103 3910 fingi
1123 3833 1224 3909 potest
1244 3828 1402 3890 obtusius?
1418 3829 1493 3909 quid
1512 3830 1670 3910 indignius

90 3917 302 4002 illud,quodet
316 3924 413 3986 deitas
426 3941 445 3984 a
458 3921 765 4007 sanctisappellatur.
778 3921 849 3983 Non
896 3923 1024 3985 homine
1046 3940 1112 3983 non
1136 3920 1281 3999 theologo
1308 3920 1408 3981 dicam
1439 3922 1493 3981 sed
1519 3922 1570 3982 vel
1592 3924 1670 3985 chri·

91 4019 129 4072 ast
137 4019 235 4078 tamen
245 4016 419 4078 substantia
431 4015 497 4091 Dei,
510 4015 563 4075 sed
575 4015 723 4093 operatio,
737 4015 846 4094 gratia,
896 4016 1008 4092 adano,
1022 4031 1116 4095 mam
1130 4018 1161 4074 et
1168 4013 1269 4093 reipsa
1282 4017 1470 4074 maternum
1481 4013 1597 4094 aliquid
1607 4017 1670 4077 Deo

91 4103 185 4183 gloria
199 4109 346 4189 splendor
359 4127 379 4170 a
390 4108 494 4169 diuina
506 4106 676 4169 substantia
686 4107 849 4169 insanctos
896 4126 1013 4188 ponere
1029 4106 1113 4186 quod
1130 4123 1195 4166 non
1208 4105 1248 4165 sit
1261 4106 1352 4181 Deus,
1368 4109 1400 4164 et
1412 4104 1472 4166 hoc
1485 4124 1671 4187 corporeum

92 4199 236 4263 iniant.
252 4223 268 4259 ο
898 4206 929 4261 et
942 4197 1135 4281 aspectahsse,
1156 4197 1329 4277 curjusmodi
1351 4197 1406 4257 lux
1428 4197 1482 4259 illa
1500 4199 1559 4261 fuit
1576 4216 1671 4279 quam

125 4289 171 4352 [il.
191 4293 269 4356 Huic
288 4292 407 4354 insulso
424 4311 460 4354 ac
477 4291 610 4372 stuporis
627 4290 720 4371 pleno
740 4290 848 4354 delirio
897 4297 952 4353 aut
976 4294 1010 4354 in
1039 4295 1145 4352 monte
1175 4289 1315 4370 apostoli,
1340 4294 1395 4350 aut
1418 4290 1518 4353 Moses
1534 4291 1570 4352 in
1590 4290 1670 4354 rubo

92 4380 179 4445 thinis
198 4392 243 4447 est
264 4386 457 4465 Augustinus
479 4383 631 4446 Steuchus
656 4383 846 4463 Eugubinus,
897 4384 1090 4464 conspexisse
1121 4381 1285 4444 diambus?
1313 4383 1394 4444 Sanc
1429 4382 1671 4447 Manichaeorum

92 4475 137 4552 qui
148 4476 179 4536 in
191 4476 372 4559 cosmopeia
383 4483 414 4539 et
426 4478 461 4538 in
473 4475 578 4537 libello
594 4473 629 4536 de
644 4474 740 4538 Rebus
754 4476 850 4537 incar·
897 4478 996 4557 gerris
1013 4495 1048 4538 ac
1070 4476 1161 4556 nugis
1185 4474 1341 4537 simillima
1364 4480 1411 4537 est
1433 4475 1486 4538 illa
1501 4477 1627 4540 Steuchi
1640 4483 1671 4540 et

122 4722 139 4761 a
156 4708 266 4767 Tamus.
287 4709 360 4765 Meris
372 4714 447 4765 τοῦτο
466 4708 569 4778 ἕζηιήθη
582 4710 706 4781 δειχθῆναι
719 4708 786 4782 παρὰ
799 4715 849 4763 τῶν
899 4710 1012 4764 ἄκτιστον
1026 4715 1079 4783 pior
1092 4710 1231 4764 θεάσασθαι.

93 4786 168 4859 θρίων,
182 4793 219 4847 brt
232 4813 259 4848 τε
270 4794 384 4848 euseb
400 4792 486 4847 ἕστιτθ
500 4797 552 4864 ρῶς
566 4795 609 4859 τῆς
623 4796 666 4845 τοῦ
680 4791 764 4864 κυρίου
777 4810 851 4864 μετα·
935 4810 950 4848 ο
967 4795 1032 4864 Cap,
1047 4810 1092 4848 xa.
1115 4791 1258 4847 Ἀπεδεθινυ
1271 4810 1298 4845 τε
1311 4789 1338 4845 ἔκ
1351 4793 1453 4848 πολλῶν
1468 4799 1518 4849 τῶν
1530 4796 1670 4867 λεγομένων

91 4876 236 4944 supputetur,
251 4878 292 4930 καὶ
306 4878 345 4930 brt
359 4875 404 4930 οὖα
424 4876 476 4930 ἔστι
497 4880 570 4930 τοῦτο
591 4875 607 4943 ἡ
630 4873 701 4929 obsis
721 4875 787 4929 θεοῦ·
809 4877 850 4928 aad
898 4877 928 4932 τθ
941 4877 1005 4931 κατὰ
1018 4877 1048 4930 rb
1058 4876 1184 4948 θαθώριον
1207 4875 1262 4938 τοθς
1285 4876 1394 4948 μαθητὰς
1407 4879 1587 4950 περιαστράψαι
1601 4884 1669 4948 φῶς,

92 4958 168 5021 πάντες
193 4961 281 5033 σχεδθν
308 4954 389 5026 εἷπον,
413 4961 451 5013 ὅτι
473 4958 603 5030 ἀπεδείχθη
631 4957 783 5012 coassistit
806 4956 850 5025 τὴν
899 4958 972 5022 δόξαν
984 4959 1091 5031 ἄναρχον
1106 4962 1150 5012 τοῦ
1164 4959 1231 5025 θεοῦ,
1246 4958 1287 5011 καὶ
1301 4965 1354 5029 φῶς
1368 4961 1492 5030 θεότητος,
1504 4960 1544 5013 καὶ
1558 4962 1669 5029 θεότητα,

92 5039 197 5111 τετάρτην
216 5045 369 5115 συνέλευσιν,
392 5038 446 5116 ἔνῇ
461 5043 579 5114 παρόντες
593 5041 617 5094 οἱ
639 5039 806 5113 ἀντιλέγοντες
820 5046 851 5114 τῇ
899 5043 940 5094 καὶ
955 5041 1065 5113 posciba,
1080 5041 1122 5093 εαλ
1131 5036 1208 5094 libror
1219 5044 1264 5094 τοῦ
1278 5040 1333 5094 θεοῦ
1345 5046 1406 5113 φῶς.

95 5116 205 5197 blanc,
225 5132 267 5179 νῦν
288 5125 331 5199 μθν
345 5126 443 5181 ιιτιστθν
464 5119 527 5178 εἶναι
547 5129 632 5188 τοῦτο,
649 5124 689 5177 καὶ
704 5125 850 5197 φάντασμα,
936 5123 957 5179 d
975 5125 1074 5179 Druso.
1092 5122 1221 5179 monach.
1238 5123 1312 5194 apud
1329 5124 1442 5180 Cantas.
1460 5123 1508 5179 lat.
1528 5122 1591 5178 Ὀτι
1605 5126 1669 5181 θεῖον

93 5205 128 5256 ³11
139 5210 326 5282 παραπέτασμα,
341 5210 383 5263 καὶ
403 5207 512 5280 ἴνθαλμα
525 5214 636 5280 φανερῶς
655 5208 851 5280 βλασφημοῦντες
901 5207 945 5279 μέν
955 5204 1016 5269 ἔστι,
1033 5207 1074 5258 καὶ
1095 5205 1208 5259 ἅκειστον
1222 5204 1252 5259 ιθ
1265 5210 1317 5276 φῶς
1337 5203 1431 5269 ἐκεῖνο,
1453 5206 1493 5259 καὶ
1506 5207 1591 5277 θιότις
1604 5209 1672 5282 παρὰ

95 5283 180 5359 ἔλεγον·
194 5290 326 5346 meist
341 5295 415 5349 τοῦτο
426 5291 549 5353 δνσσεθῶς
562 5289 659 5363 ἔλεγον,
673 5291 798 5355 ἅπτιστον,
809 5289 851 5344 καλ
900 5295 950 5344 τῶν
968 5289 1044 5361 ἁγίων
1060 5288 1223 5360 ὀνομάζεται,
1249 5287 1293 5341 aisa
1320 5287 1372 5341 ἔστι
1395 5286 1421 5341 at
1437 5287 1508 5342 οθσία
1525 5289 1671 5355 θεοΰ,.θλλ’

96 5366 169 5422 aar
183 5367 243 5427 ιῖναι
256 5376 319 5429 θεοῦ.
902 5371 1025 5447 θνίργεια,
1040 5373 1081 5425 καὶ
1091 5372 1173 5444 χάρις,
1192 5372 1233 5424 καὶ
1248 5369 1324 5438 θθξα,
1339 5370 1381 5424 καλ
1408 5372 1552 5445 λαμπρότης
1579 5372 1606 5428 ἐκ
1627 5378 1671 5443 τῆς

127 5451 142 5507 θ
159 5454 302 5515 Canrtcnz.
321 5459 379 5522 Τοῖς
392 5463 542 5530 σωματικοῖς
555 5456 698 5531 ὀφθαλμοῖςΙ
707 5458 791 5521 θεῖον,
811 5457 852 5511 καλ
901 5456 966 5519 θείας
979 5456 1063 5519 οθσῑας
1075 5453 1108 5517 εἰς
1122 5455 1179 5516 robe
1192 5453 1274 5527 θρίοις
1287 5455 1442 5528 πεμπομένη.

121 5619 129 5662 1
141 5617 185 5664 lib.
197 5623 223 5667 ll.
236 5635 283 5682 sap.
294 5637 364 5670 nm.
376 5632 400 5669 st
410 5624 512 5681 κει-θ
523 5623 549 5668 ln
560 5625 657 5678 camon
665 5623 713 5667 -θ
723 5624 782 5669 Prot.
796 5634 864 5667 ειιιν.
878 5624 912 5667 ss.
