4008 6170
278 467 317 528 72
802 465 1133 529 THEOLOGICORUM
1154 466 1371 530 multarunt

280 620 361 688 sunt,
377 635 502 696 prorsus
522 617 561 679 ab
586 617 689 698 aliquo
712 619 835 680 condita
859 623 941 679 sunt.
957 618 1053 698 Opors
1105 618 1158 679 bet
1169 636 1243 693 esse,
1251 617 1440 698 etquodnon
1454 615 1882 698 semperluit,etexliaobeue

279 712 324 767 tot
351 714 456 769 autem
475 710 665 772 conditorem
690 713 860 774 increatum
883 730 957 773 esse.
974 713 1053 773 Nam
1105 710 1249 789 soitquod
1257 711 1381 771 initium
1390 709 1882 789 aliquandobabttit.'funesequi-

279 800 303 860 si
324 802 416 862 etiam
441 803 493 863 ille
515 809 634 864 creatus
656 810 711 881 est,
734 806 862 867 omnino
884 805 924 867 ab
949 805 1053 884 aliquo
1105 803 1246 883 turquod
1256 803 1539 884 uliudtempuserst
1552 803 1879 884 inquoipsenouluit.

279 901 399 956 oreatus
413 901 467 973 est,
483 896 581 958 donee
599 898 638 959 ad
658 898 829 960 increatum
846 899 963 979 aliquid
984 918 1054 979 pro
1106 896 1370 975 Sedquandonon
1381 897 1533 972 tutans
1544 894 1735 957 nullomodo
1746 895 1881 974 seipsum

280 989 416 1049 cedendo
451 992 658 1070 perveniatur.
689 993 844 1054 lnareatus
870 1012 944 1071 ergo
977 1010 1053 1053 aon·
1105 989 1203 1051 lutere
1222 991 1333 1071 potuit.
1352 992 1417 1051 llos
1435 992 1519 1051 enim
1530 990 1614 1051 vides
1631 990 1727 1050 homo
1740 990 1773 1050 in
1794 990 1883 1050 omni

278 1082 360 1143 ditor
388 1083 480 1163 plane
511 1092 555 1146 est
581 1092 612 1146 et
640 1086 851 1148 immutabilis.
887 1088 952 1147 lloa
978 1104 1052 1147 vero
1105 1093 1254 1148 ereatura.
1272 1089 1351 1149 Nam
1364 1086 1561 1166 quolibetdie
1574 1087 1659 1147 vides
1668 1085 1786 1165 aliquas
1800 1105 1883 1147 erea-

279 1176 354 1254 quid
374 1176 455 1238 aliud
469 1184 652 1258 potestesse,
667 1199 761 1260 qrmm
779 1180 898 1242 house?
915 1203 929 1237 ν
1103 1185 1188 1242 turus
1198 1183 1328 1243 manure
1337 1188 1369 1242 et
1382 1182 1500 1262 aliquas
1513 1182 1629 1257 venire,
1644 1186 1675 1241 et
1685 1180 1759 1259 quia
1770 1197 1881 1241 omnes

319 1270 541 1333 Damascenum
581 1279 819 1353 praeceptorem,
851 1279 887 1333 ut
926 1273 1052 1352 quidam
1104 1293 1152 1335 res
1167 1282 1240 1336 sunt
1256 1282 1322 1337 eta
1342 1276 1446 1355 seipsis
1466 1294 1531 1336 non
1552 1280 1634 1335 sunt.
1658 1275 1729 1334 Ideo
1757 1278 1882 1352 oportet

280 1363 456 1443 opinentur,
480 1384 572 1427 suum
592 1366 772 1428 Theodorus
793 1367 922 1447 excipiet
942 1386 1054 1447 cogno
1104 1369 1272 1431 necessario
1287 1369 1372 1450 quod
1390 1387 1454 1430 unu
1467 1386 1516 1429 res
1529 1369 1648 1447 sitque
1663 1367 1716 1428 dat
1734 1365 1882 1427 omnibus

279 1458 363 1517 mine
380 1458 530 1536 Abisama,
547 1460 634 1538 eujus
647 1461 707 1521 hoo
730 1466 949 1541 argumentum
964 1462 1052 1522 estin
1105 1479 1178 1537 esse,
1203 1462 1263 1523 hoo
1285 1468 1331 1523 est
1358 1480 1459 1541 aqua
1479 1461 1584 1522 amnia
1598 1466 1681 1522 sunt.
1699 1461 1737 1521 Et
1757 1478 1797 1520 ex
1820 1459 1883 1519 hoa

280 1551 370 1610 tertio
382 1552 504 1632 dialogo
522 1572 528 1612 :
547 1576 560 1611 ν
577 1555 757 1631 Hominum,
770 1556 881 1635 inquit,
895 1561 995 1617 certus
1009 1561 1053 1617 est
1105 1556 1297 1617 convincitur
1317 1555 1485 1617 necessario
1508 1555 1592 1635 quod
1612 1553 1684 1629 ille,
1712 1570 1883 1633 perquem

281 1662 439 1707 numerus.
463 1647 628 1727 Fingamus
642 1648 712 1708 illos
735 1667 798 1709 esse
824 1654 960 1710 eentum.
984 1650 1054 1710 Nan
1105 1649 1210 1710 omnia
1232 1656 1314 1725 sunt,
1335 1655 1380 1710 est
1406 1649 1471 1709 siue
1489 1648 1656 1728 principio,
1677 1647 1750 1726 quia
1774 1646 1800 1705 si
1828 1645 1885 1706 ha-

280 1746 408 1816 possunt
419 1759 526 1802 omnes
536 1742 581 1801 illi
596 1761 658 1803 esse
671 1743 777 1821 geniti,
794 1743 908 1823 quippe
927 1743 1054 1804 abinn‘-
1105 1740 1192 1802 beret
1210 1742 1421 1822 principium,
1451 1746 1573 1822 oportet
1588 1740 1672 1821 quod
1694 1739 1822 1801 baberet
1843 1758 1884 1801 ex

279 1851 346 1893 reni
359 1837 518 1915 propagati
529 1842 611 1898 stmt.
625 1838 730 1916 ltaque
742 1837 955 1917 genealogiam
970 1844 1053 1899 retro
1105 1835 1177 1896 ulio.
1197 1838 1284 1897 'luna
1309 1854 1374 1896 non
1388 1842 1465 1897 esset
1484 1836 1604 1916 primus
1623 1840 1731 1895 auctor
1748 1839 1780 1893 et
1800 1833 1885 1912 prin-

279 1945 460 2005 percurrens
480 1937 585 1991 nostra
605 1949 693 1992 mens
713 1931 804 2011 plane
827 1950 927 1992 unum
948 1932 981 1991 in
1001 1931 1054 1992 ali-
1105 1929 1220 2009 uipium
1248 1929 1401 1990 omnium.
1422 1930 1461 1989 Et
1475 1928 1544 1989 ideo
1565 1933 1687 2008 oportet
1710 1927 1883 1988 necessario

279 2041 374 2101 quem
394 2024 501 2085 inridit
519 2027 704 2105 ingenitum.
725 2028 795 2088 Non
814 2027 898 2087 enim
917 2025 985 2086 fieri
1001 2045 1054 2105 po
1105 2023 1189 2101 quod
1211 2022 1285 2102 ipse,
1309 2040 1478 2102 perquem
1502 2021 1608 2083 omnia
1633 2021 1712 2081 foeta
1735 2024 1819 2093 sunt,
1845 2019 1885 2079 sit

279 2120 347 2191 test,
366 2122 401 2176 ut
416 2136 488 2178 rum
505 2119 543 2178 ad
560 2120 697 2198 primum
715 2121 954 2199 pervenerimus,
975 2119 1054 2180 dira·
1105 2120 1176 2174 ante
1191 2115 1305 2190 omnia,
1318 2120 1349 2175 et
1364 2113 1442 2175 nihil
1454 2120 1525 2176 ante
1536 2116 1649 2194 ipsum,
1667 2118 1698 2174 et
1711 2112 1736 2172 si
1749 2111 1831 2172 nihil
1846 2110 1885 2171 sit

280 2227 350 2269 mus
360 2211 461 2289 ipsum
483 2212 593 2273 abalio
609 2232 671 2273 esse
691 2215 841 2293 genitum,
862 2212 1054 2292 quandoqui-
1105 2213 1174 2268 ante
1197 2209 1309 2288 ipsum,
1333 2227 1398 2268 non
1417 2209 1503 2268 venit
1521 2226 1560 2269 ex
1573 2207 1645 2281 alio,
1666 2212 1743 2266 tuno
1760 2221 1885 2283 semper

279 2301 458 2371 demetiam
473 2304 525 2364 illa
540 2305 579 2365 ab
598 2306 694 2366 altero
710 2313 786 2367 esset
799 2307 931 2384 genitus,
953 2305 1053 2365 donea
1104 2299 1162 2359 fuit
1182 2305 1214 2359 el
1232 2301 1297 2360 sine
1319 2301 1481 2381 principio·
1505 2301 1594 2376 Nam,
1617 2305 1654 2359 ul
1670 2298 1766 2378 prius,
1789 2315 1883 2357 ⁰¹11ssss

277 2395 423 2475 inprimo
441 2399 588 2479 quopiam
603 2400 740 2478 ingenito
759 2406 895 2461 mentem
916 2405 1053 2460 nostram
1104 2392 1187 2472 quod
1199 2393 1292 2454 habet
1307 2394 1431 2454 iititium
1445 2412 1485 2454 ex
1495 2393 1555 2455 alio
1574 2393 1669 2453 habet
1681 2390 1770 2453 illud.
1787 2389 1885 2471 [Nihil

278 2488 484 2552 detinerimus.
506 2492 603 2572 Igitur
626 2512 746 2555 neeesse
767 2500 811 2555 est
833 2494 926 2555 istum
947 2492 997 2553 vel
1014 2512 1052 2553 ex
1104 2487 1188 2546 enim
1199 2487 1284 2566 quad
1292 2506 1356 2548 non
1369 2493 1423 2561 est,
1441 2487 1498 2547 sibi
1512 2487 1571 2567 ipsi
1584 2491 1685 2567 potest
1695 2486 1769 2545 dare
1780 2483 1880 2564 esse.)

277 2592 360 2646 terra
373 2586 490 2647 editum
504 2605 578 2663 esse,
596 2587 682 2648 velut
692 2590 809 2668 stirpes,
823 2588 873 2648 vel
887 2606 950 2648 esse
968 2592 1053 2648 oeter-
1105 2580 1142 2640 Et
1152 2580 1221 2640 ideO
1236 2581 1515 2660 0p0rffll0mssib11⁸
1529 2581 1638 2655 mdis,
1660 2579 1743 2660 q1¹⁰d
1756 2596 1822 2639 um
1834 2596 1884 2638 Μ

277 2696 365 2752 turni,
378 2679 427 2739 rel
441 2679 480 2740 ab
495 2680 603 2760 opifice
614 2680 717 2761 aliquo
727 2682 854 2742 foetum.
870 2681 964 2761 Atqui
978 2682 1052 2742 siex
1103 2674 1151 2747 Sit,
1167 2692 1237 2752 (111ae
1248 2692 1408 2753 nunquam
1423 2676 1610 2755 principium
1624 2673 1763 2734 habaiu.
1778 2693 1794 2728 u

277 2777 360 2830 terra
375 2770 563 2851 pullulasset,
582 2774 684 2835 adhue
703 2776 848 2855 usquein
864 2774 1051 2836 hodiernum
1143 2767 1258 2828 Auctor
1273 2768 1366 2828 etiam
1377 2768 1449 2829 libri
1460 2767 1494 2829 de
1516 2766 1778 2848 Cognitioneueroe
1788 2765 1883 2835 uita,

276 2862 359 2924 diem
372 2863 448 2924 alios
460 2870 543 2926 terra
557 2873 740 2946 procrearet,
751 2868 830 2928 siaiu
842 2868 877 2929 tit
888 2869 920 2928 in
938 2886 1051 2945 genere
1103 2861 1157 2939 qui
1179 2862 1260 2922 inter
1280 2862 1444 2940 Augustini
1456 2879 1550 2942 opera
1568 2866 1661 2938 extat,
1673 2878 1738 2921 nan
1749 2857 1886 2919 absimili

275 2956 423 3018 arborum
441 2964 471 3018 et
486 2958 665 3020 herbarum.
679 2962 719 3021 At
736 2962 807 3040 quia
818 2960 878 3021 hoa
895 2961 963 3021 fieri
986 2981 1051 3022 non
1102 2956 1221 3016 ratione
1239 2955 1355 3035 oolligit
1373 2975 1436 3017 esse
1457 2957 1567 3017 Deum.
1588 2956 1668 3017 Nam
1685 2971 1778 3015 omne
1796 2953 1884 3032 quod

276 3051 425 3127 ridemus,
443 3052 640 3115 manifestum
656 3061 700 3116 est
713 3074 813 3135 neque
832 3056 969 3136 primum
984 3075 1050 3136 ger.
1103 3047 1237 3109 subsistit
1260 3054 1315 3109 urit
1337 3067 1393 3128 per
1411 3067 1442 3107 se
1465 3047 1609 3123 subsistit,
1632 3053 1685 3108 aut
1709 3065 1765 3126 per
1782 3045 1882 3106 aliud.

276 3145 417 3207 minasge,
431 3147 556 3208 sednec
569 3155 701 3210 fetemus
712 3155 788 3210 emt,
800 3151 831 3211 si
845 3150 1050 3231 enimprinci.
1103 3141 1237 3203 blundus
1256 3148 1361 3204 autem
1378 3142 1433 3222 qui
1457 3143 1522 3202 sine
1543 3141 1638 3201 dubio
1658 3139 1804 3215 subsistit,
1828 3157 1886 3219 per

276 3240 784 3320 pioearuissetemetqueaeternus,
797 3262 959 3323 nunquam
969 3262 1050 3305 mor·
1102 3255 1134 3296 se
1167 3254 1229 3296 11011
1263 3234 1407 3296 subsistit·
1432 3258 1447 3294 <t
1471 3234 1612 3295 Partibus
1633 3233 1717 3294 enim
1749 3237 1883 3293 tonstal-

277 3339 350 3391 tuus
362 3333 466 3394 luisset
475 3352 576 3412 neque
587 3336 760 3396 interiisset.
774 3335 861 3409 Quod
872 3336 956 3396 enim
968 3338 1050 3415 prin·
1103 3330 1201 3390 Omne
1213 3334 1317 3389 autem
1336 3329 1419 3408 quod
1444 3327 1582 3408 partibus
1597 3327 1807 3405 conjungitur,
1833 3324 1885 3386 vel

277 3426 392 3504 ripium
404 3426 582 3503 nonhabet,
601 3428 808 3507 nequefinem
826 3429 930 3490 hebet.
950 3430 1051 3491 Relin-
1102 3425 1135 3484 in
1161 3429 1262 3504 partes
1284 3422 1466 3497 resolvitur,
1489 3421 1652 3501 abaliquo
1679 3421 1786 3498 utique
1811 3439 1885 3480 eon-

275 3519 381 3597 quitur
399 3520 504 3598 igitur,
522 3526 558 3579 ut
578 3520 676 3581 factus
698 3521 790 3582 bierit
812 3542 819 3581 τ
842 3522 926 3600 quod
946 3530 1050 3584 autem
1100 3516 1304 3593 junctionem,
1322 3515 1371 3576 vel
1402 3514 1621 3576 resolutionem
1638 3513 1765 3593 potitur.
1792 3513 1884 3573 Mun-

278 3611 456 3687 factumest,
479 3619 636 3675 allatorem
649 3614 753 3675 babet.
767 3616 920 3694 Estigitur
934 3624 1051 3679 errator
1104 3607 1161 3668 dtu
1175 3627 1249 3688 ergo
1268 3628 1332 3669 non
1352 3625 1409 3687 per
1427 3625 1459 3668 se
1475 3605 1619 3682 subsistit,
1634 3610 1665 3665 et
1683 3604 1753 3664 ideo
1782 3604 1886 3683 sequi-

275 3711 305 3764 et
318 3706 597 3767 atiotorhaminum
612 3701 747 3768 usust»
1104 3707 1155 3761 tur
1181 3702 1264 3781 quod
1290 3705 1430 3762 creatura
1453 3700 1502 3759 sit.
1533 3697 1678 3758 Creabira
1702 3701 1809 3756 autem
1843 3695 1883 3755 ad

317 3799 355 3860 ll.
370 3800 492 3861 Tractat
506 3800 566 3861 hoa
586 3801 668 3862 idem
690 3810 910 3883 argumentum
928 3805 1050 3885 planius
1103 3792 1229 3872 aliquid,
1246 3792 1358 3853 Sssffiffl’i
1382 3791 1421 3851 Μ]
1440 3796 1610 3851 <mmmm
1628 3786 1884 3850 lesem-&1⁰⁵

274 3899 395 3954 sanatus
410 3893 591 3954 Edmundus
603 3895 826 3957 Cantuariensis
845 3898 1004 3978 episeopus
1016 3899 1049 3958 in
1104 3889 1308 3964 (ΤίζθῡΐθῑὶίθΓ
1325 3902 1381 3964 pt?
1401 3883 1535 3963 seipsum
1549 3887 1580 3942 θί
1596 3883 1630 3942 ῘΗ
1651 3882 1748 3961 Seii)so
1765 3879 1882 3940 flxssfil·
1954 3936 1959 3943 ·

276 3984 402 4066 Speculo
425 3986 551 4048 eeclesia
564 3987 664 4048 verbis
674 3988 754 4048 istis:
776 3989 936 4064 «Quilibet
954 3991 1049 4051 homo
1104 3978 1210 4039 Omnis
1223 3983 1327 4038 autem
1343 3982 1485 4037 ereatura
1499 3993 1555 4056 per
1568 3975 1670 4054 ipsum
1686 3972 1835 4033 subsistit.
1852 3972 1885 4033 Si

275 4077 354 4138 bena
363 4084 463 4158 potest
472 4079 612 4141 viderein
626 4099 657 4141 se
668 4082 749 4160 quod
761 4081 825 4162 ipse
835 4083 981 4161 estquod
997 4083 1050 4144 ha·
1104 4071 1188 4132 essim
1199 4070 1238 4130 ab
1250 4069 1310 4131 &1⁰10
1323 4088 1386 4130 ΕΜ
1400 4068 1506 4143 habeb
1519 4072 1594 4128 tunc
1606 4067 1670 4128 9⁰⁰
1683 4065 1784 4143 majus
1795 4070 1884 4141 θδίνῦ

311 4345 329 4382 (ι
350 4329 425 4384 Mox.
448 4331 544 4403 Τρτττὰ
565 4335 645 4388 τοίνυν
679 4336 747 4402 ὄντα,
773 4335 868 4396 πάντως
885 4334 925 4386 καί
949 4334 1046 4387 κτιστά·
1103 4337 1152 4407 εἴη,
1174 4336 1259 4408 μέχρις
1273 4337 1301 4389 ἂν
1326 4334 1365 4390 ἐπὶ
1383 4335 1426 4389 τὸν
1437 4339 1535 4408 πρῶτον
1547 4332 1677 4406 ἀγέννητον
1688 4331 1730 4386 τίον
1751 4335 1808 4385 νοῦν
1826 4331 1885 4388 ἕπε·

276 4413 362 4467 κτιστίι
374 4411 400 4465 δὲ
422 4414 489 4482 ὄντα,
505 4416 601 4480 πάντως
616 4416 663 4471 bat
679 4437 744 4480 τινος
763 4415 997 4489 ἕδημτουργήίηοαν·
1012 4419 1053 4470 δεῖ
1104 4424 1232 4495 ρτίοωρεν.
1257 4420 1359 4492 Ἀνάγκη
1369 4420 1449 4474 τοίνυν
1461 4419 1570 4485 τοῦτονῇ
1584 4416 1610 4471 ἔα
1622 4423 1665 4486 τῆς
1684 4422 1729 4490 γῆς
1742 4422 1826 4488 φῦναι,
1838 4438 1885 4472 τια-

180 4568 186 4580 ·
275 4495 301 4549 δὲ
315 4496 358 4550 τὸν
369 4498 516 4572 δημιουργὸν
525 4500 637 4555 ἅκτιστον
647 4495 724 4555 εἶναι·
739 4500 813 4574 είγὰρ
822 4501 931 4563 κάκεῖνος
942 4500 1048 4572 ἐκτίσθη,
1103 4505 1220 4578 θάττρτα
1240 4506 1413 4577 βλαστήματα·
1437 4505 1453 4571 ἢ
1474 4499 1552 4556 ἀίδιον
1567 4495 1643 4555 εἶναι.
1658 4502 1673 4569 ί,
1689 4501 1736 4556 bnt
1753 4521 1822 4565 τινος
1838 4505 1884 4572 δν,-

277 4581 373 4643 πάντως
386 4581 432 4636 bito
446 4603 510 4646 τινος
529 4582 635 4639 ἔκτισται
647 4586 693 4648 ἕως
707 4588 736 4640 tv
757 4584 912 4658 ίλθονρτντῖς
931 4605 954 4640 τι
981 4588 1050 4641 izu-
1105 4594 1221 4662 ρτουργοῦ
1234 4588 1392 4655 πεποτῆσθαι·
1408 4586 1465 4639 ἀλλ’
1480 4584 1501 4638 τί
1514 4583 1557 4658 μίν
1573 4584 1599 4638 ἐκ
1615 4590 1660 4653 τῆς
1673 4583 1884 4657 fitistiim,-

275 4662 534 4728 προστροπαίου
552 4668 846 4744 ὁδηριουργδςπίντως,
872 4671 912 4723 καί
932 4672 1050 4743 ἄτρεπτος
1103 4693 1149 4744 νει,
1163 4673 1203 4725 καί
1216 4671 1249 4735 είς
1262 4670 1407 4743 ἔττᾶνᾶχρι
1421 4669 1464 4723 του
1475 4670 1604 4741 παρόντος,
1617 4666 1711 4740 ἑτέρους
1720 4667 1882 4723 tutamu-

276 4747 336 4802 ἔστι·
347 4754 420 4803 τοῦτο
431 4749 457 4802 δὲ
472 4750 496 4803 τί
510 4753 538 4803 ἂν
548 4752 665 4823 morin,
678 4756 693 4822 ί,
708 4754 782 4820 Θι6ς;
1103 4759 1186 4829 ὥσπερ
1199 4759 1239 4810 καί
1260 4757 1291 4811 τὰ
1302 4760 1350 4811 τῶν
1364 4755 1469 4828 δένδρων
1487 4754 1527 4807 καί
1547 4755 1655 4825 βοτανῶν
1669 4752 1737 4822 tibu-
1757 4752 1842 4821 ἐττιδί,
1858 4752 1884 4805 bi

312 4833 327 4888 b
351 4833 454 4890 Tanau.
477 4832 636 4907 Ὗτοθιίνμεθα
647 4838 785 4909 συντομίας,
802 4839 842 4891 καὶ
856 4839 985 4909 σαρηντίας
997 4838 1050 4891 ἕντ-
1104 4840 1151 4914 obp
1160 4841 1257 4915 ὁρῶμεν
1270 4845 1343 4895 τοῦτο
1360 4840 1498 4912 γινόμενον,
1512 4838 1587 4905 δῆλον
1599 4839 1637 4892 ὅτι
1651 4837 1706 4892 otti
1724 4836 1766 4891 rba
1782 4842 1884 4909 πρῶτον

277 4936 328 4986 κον,
346 4912 479 4982 εἶναιτοὺς
501 4920 590 4982 πάντας
610 4919 748 4994 ἀνθρώπους
766 4920 863 4976 ἑκατόν·
886 4922 1001 4977 ἀδύνατον
1024 4922 1049 4975 at
1105 4923 1250 4993 ίὸλάστροον
1271 4923 1325 4978 atet
1350 4923 1397 4994 pipi
1423 4918 1500 4984 ἀίδιος
1520 4917 1564 4990 ἢν·
1586 4920 1607 4974 τί
1627 4920 1674 4993 γὰρ
1696 4920 1813 4992 ἄναρχος,
1843 4922 1884 4973 καί

280 5000 379 5064 τούτους
405 5004 510 5067 ἅπαντας
536 5005 665 5078 γτννητοὶνς
686 5005 816 5079 ίοτίρχετν·
837 5005 861 5070 ἐξ
874 5006 990 5075 ἀλλήλων
1006 5006 1049 5079 μὲν
1104 5005 1180 5070 ἀίδιος
1200 5008 1318 5081 ὑπῆρχον,
1333 5006 1377 5060 οὖν
1390 5009 1418 5060 ἂν
1433 5005 1561 5074 ἐτεθνήκει,
1580 5004 1632 5058 οὐδ’
1654 5007 1682 5059 tv
1701 5003 1832 5057 ἀπώλετο·
1854 5004 1884 5057 τὸ

276 5083 324 5156 γὰρ
341 5086 552 5159 γονταλογοΰνττι·
566 5087 631 5142 ἀλλὰ
645 5089 824 5153 ἂναττοδίζωνί
842 5096 897 5154 νοῦς
909 5091 954 5159 τὴν
964 5110 1050 5163 γοντα-
1103 5091 1150 5163 γὰρ
1173 5092 1289 5165 ἄναρχον,
1312 5091 1351 5144 καί
1372 5089 1549 5157 ἂττλτίτητον·
1567 5087 1677 5141 λείπεται
1705 5086 1786 5141 τοίνυν
1807 5087 1883 5141 αὐτὸν

275 5167 362 5240 λογίαν
371 5167 410 5222 tat
424 5171 454 5225 τὰ
465 5173 525 5241 ἅνω,
539 5171 573 5236 εἰς
586 5174 628 5228 ίνα
638 5178 744 5245 καταντᾷ
759 5175 1005 5247 πάντωςίγίννητον·
1021 5174 1049 5229 οὔ
1102 5174 1298 5245 nemausas
1318 5172 1344 5227 bi
1365 5173 1527 5244 πεποτημίνον
1546 5170 1598 5244 ίχτι
1618 5174 1736 5242 ποιητήν·
1758 5172 1806 5243 ἄρα
1831 5175 1883 5225 τῶν

277 5251 324 5324 γὰρ
336 5249 457 5326 ἐνδέχεται
477 5255 516 5311 ἐπί
529 5259 571 5313 τον
584 5264 682 5333 πρῶτον
701 5258 823 5331 ἐλθόντας,
841 5257 917 5314 εἰπεῖν
934 5259 1006 5312 αὖτδν
1025 5257 1050 5322 ἐξ
1104 5259 1238 5332 ἀνθρώπων
1249 5257 1299 5313 ἔστί
1311 5257 1409 5327 κτίστης
1422 5275 1448 5312 τε
1461 5258 1501 5310 καί
1513 5257 1625 5326 ποιητής.

282 5336 359 5389 ἄλλου
371 5342 526 5411 γεγενῆσθαι·
543 5341 593 5396 ἐττί
602 5343 712 5406 κίοττῖνος
725 5342 749 5408 ἔξ
761 5342 843 5418 ίτίρου
855 5343 1048 5416 γτγτνηρίνοςᾶν

308 5556 383 5609 tCnp.
399 5563 473 5599 xxtu.
