4134 6182
663 426 961 504 proeconnesi,
993 428 1076 489 mr.
1103 428 1153 489 rx.
1667 426 1706 485 aa

111 576 203 654 itaque
215 581 284 637 tum
298 575 439 635 omnium
457 574 666 639 docuinerunr
677 574 877 637 excellentem
934 576 1059 656 quirnur
1087 582 1142 638 eut
1162 577 1339 639 eudimust.
1357 596 1373 634 ιι
1398 576 1561 655 Eleganter
1583 590 1707 653 quoque

111 668 276 730 facultatem
293 669 392 729 inesse
408 669 486 743 vult,
501 675 570 729 turn
585 669 736 731 virtutum
749 669 877 748 perinde
932 669 1063 748 Cyrillns
1093 670 1340 745 Alexandrinus,
1366 686 1437 731 curn
1469 667 1564 729 verba
1586 666 1640 729 illa
1668 665 1706 727 do

30 778 82 840 ιιιιι
112 761 240 827 ommam
261 777 369 840 parem
388 761 508 840 copiam
526 767 558 821 et
577 762 795 841 prestantium.
818 759 877 823 Sed
932 764 1052 827 Psalmo
1061 763 1100 825 ed
1109 764 1141 826 id
1150 764 1423 825 accommodasset:
1441 761 1555 837 Vcccte,
1564 772 1592 823 et
1599 759 1705 835 videte,

30 844 84 929 ff*
111 854 174 915 idei
183 855 372 934 cumprimis,
393 855 432 917 de
451 873 513 935 qua
532 854 733 916 memorabile
744 854 827 915 istud
845 854 878 915 in
931 855 1068 934 qnoniam
1083 873 1134 934 ego
1150 875 1214 916 anm
1233 851 1346 919 beust.
1363 856 1405 916 ite
1419 855 1542 936 pergit:
1564 851 1707 913 «Oculus

111 949 231 1009 secundo
245 948 325 1009 libro
338 947 527 1010 Strcmcteon
538 948 634 1009 edidit
654 967 661 1008 :
690 947 803 1008 «Cum
818 948 878 1007 sint
932 948 1016 1008 enim
1039 949 1176 1027 corporis
1194 949 1321 1028 pulvere
1345 967 1381 1009 ac
1403 947 1490 1009 fumo
1530 945 1705 1025 ceterisque

111 1041 279 1119 cognitionis
291 1042 445 1122 perleetre,
468 1042 528 1103 hoc
544 1047 590 1103 est
607 1041 772 1120 theologiae
793 1040 878 1101 velut
932 1042 1026 1103 rebus
1037 1061 1161 1118 vecutus,
1175 1060 1244 1121 que
1262 1041 1423 1105 turbidum
1448 1040 1538 1101 illum
1550 1037 1703 1114 efficiunt,

111 1134 249 1195 clementa
270 1137 400 1196 virtutes
419 1154 535 1212 omnes,
560 1152 693 1215 querum
707 1134 878 1214 permultas
934 1137 1079 1197 subtilem
1093 1155 1151 1197 nec
1164 1135 1343 1216 impeditern
1360 1136 1424 1196 vim
1440 1135 1479 1197 ad
1498 1152 1535 1195 ee
1554 1152 1624 1213 quae
1648 1132 1706 1193 sibi

112 1234 191 1289 anua
202 1230 385 1305 nominarit,
396 1235 464 1291 tum
475 1249 539 1310 pre
553 1230 668 1293 steteris
681 1228 879 1291 elementiin·
933 1230 1131 1307 objiciuntur,
1150 1230 1265 1308 edjieit.
1278 1231 1331 1291 Sin
1350 1235 1456 1291 eutem
1472 1227 1632 1289 affectione
1648 1227 1706 1287 ali-

111 1320 732 1400 staresseiidem,anetamnecessarieest
742 1321 878 1399 gnostico
932 1340 994 1401 qua
1005 1324 1044 1383 sit
1052 1323 1193 1397 obleesns,
1202 1323 1341 1383 minusin
1349 1322 1420 1399 illis,
1430 1325 1646 1401 quamparest,
1656 1318 1706 1379 de·

110 1417 286 1495 quameiqui
294 1416 879 1495 inhccmnndedegetadvitamnecee
931 1413 1117 1493 figetaciem,
1130 1413 1707 1492 nccebhorret,utabexectareiperce·

111 1510 180 1569 sarie
191 1511 352 1590 respiratio
361 1517 417 1573 est.
429 1511 529 1585 Quare
538 1512 584 1572 uti
595 1511 660 1571 sine
673 1515 805 1589 quatuor
814 1509 878 1570 ele-
932 1509 1265 1589 ptionenonnuuqnem
1274 1510 1405 1571 deerret.
1413 1509 1550 1570 ltemens
1555 1506 1703 1582 humana,

111 1605 350 1667 mentisvirinon
367 1604 878 1684 potest,itanecsiuefidecognitio
931 1600 1706 1682 siquietasitettranquilleetvaniseenetariiscogi-

111 1698 213 1774 σοφοῦ.
227 1722 243 1753 ν
261 1699 317 1760 dui
327 1704 359 1759 et
372 1699 523 1761 consentit
544 1699 732 1777 Augustinus
747 1699 779 1761 in
797 1697 877 1759 libro
930 1696 1084 1759 tationum
1093 1697 1278 1776 imag'nibus
1288 1696 1417 1759 vitandis
1425 1694 1600 1769 assuefacta,
1617 1699 1705 1755 acute

109 1786 765 1871 dovotmedoersorr'nmlegiretprupdetcrum
778 1791 877 1870 capite
932 1789 1073 1869 clareque
1094 1792 1201 1867 cernit,
1213 1798 1244 1851 et
1253 1798 1368 1853 certam
1374 1792 1438 1853 sine
1448 1809 1550 1852 errore
1564 1790 1705 1850 notitiam

112 1881 237 1959 septimo,
251 1882 358 1947 ubisic
374 1883 502 1945 scribit:
520 1885 644 1951 «Tanto
655 1885 737 1947 enim
749 1885 876 1962 quisque
930 1898 1036 1942 rernm
1055 1883 1175 1962 eccipit.
1192 1884 1280 1957 Quod
1297 1884 1323 1945 si
1341 1882 1452 1944 affectu
1470 1883 1616 1962 quopiam
1629 1900 1706 1942 crus

111 1972 214 2035 facilius
232 1975 350 2054 aliquid
365 1974 553 2055 proficiendo
576 1976 741 2055 cognoscit,
761 1981 876 2055 quanto
930 1980 1035 2051 sescnt,
1051 1993 1115 2035 nou
1128 1975 1195 2054 jem
1205 1976 1341 2037 divinam
1350 1975 1611 2057 pulchritudinem
1624 1993 1705 2053 pers

111 2066 276 2146 religiosius,
293 2075 462 2148 antequem
480 2075 685 2148 cognosceret,
706 2071 770 2130 Deo
783 2070 878 2130 credi-
930 2066 1031 2146 picere
1042 2070 1164 2148 poterit,
1173 2071 1225 2132 sed
1239 2070 1468 2151 quodammodo
1477 2070 1605 2131 terrenis
1612 2069 1704 2130 rebus

111 2157 157 2219 dil.
180 2160 301 2234 ›Quod
325 2161 352 2223 si
379 2161 525 2240 theologo
547 2167 612 2223 tem
639 2164 808 2224 necessaria
832 2170 877 2224 est
930 2159 1098 2237 incubabit,
1110 2163 1236 2243 perinde
1246 2169 1281 2224 ut
1290 2162 1427 2238 aviene,
1440 2162 1548 2242 pennis
1557 2160 1705 2223 madefac·

112 2247 184 2325 iides,
211 2259 248 2312 nt
269 2255 334 2315 sine
355 2272 394 2316 ee
416 2261 554 2321 constare
574 2262 723 2335 nequeat,
749 2262 877 2336 apparet
928 2252 1181 2332 tisquomiuusin
1194 2256 1292 2317 ultum
1299 2255 1431 2331 evolent,
1442 2253 1673 2334 impediuntur.
1685 2273 1701 2309 »

112 2345 233 2421 proiecto
258 2348 416 2409 neminem
440 2349 494 2427 qui
517 2348 572 2411 illa
592 2355 710 2425 cureat,
731 2350 786 2411 tali
812 2369 875 2411 cese
930 2346 1008 2407 Sunt
1023 2349 1107 2409 enim
1123 2349 1266 2429 qundurn
1276 2350 1387 2413 enimae
1406 2366 1526 2430 penuea,
1540 2345 1652 2431 quihus
1665 2345 1705 2407 ad

112 2439 247 2500 vocabulo
269 2443 468 2505 censendum,
491 2444 596 2522 ltaque
617 2463 724 2505 omnes
741 2445 876 2511 hererici
929 2456 1034 2499 rerum
1043 2441 1361 2503 meximedivinernm
1369 2438 1705 2519 contemplationemiu

112 2538 162 2592 eta
173 2533 321 2596 catholice
333 2535 427 2598 alieni
439 2536 500 2597 fide
510 2556 546 2597 ac
558 2537 753 2617 professione,
767 2540 876 2619 procul
929 2532 1061 2595 sublime
1070 2536 1291 2615 pervehuntur,
1304 2537 1342 2596 de
1353 2534 1465 2615 (nribus
1477 2534 1564 2595 Plato
1575 2534 1608 2594 in
1622 2531 1704 2594 Plc-

111 2622 145 2683 ab
166 2629 381 2689 communione
406 2629 494 2697 istius
523 2629 656 2693 nominis
693 2630 877 2693 excludendi
928 2623 993 2700 dre,
1005 2644 1152 2707 excoque
1163 2629 1307 2708 Synesiue
1325 2629 1358 2689 in
1382 2628 1485 2705 itione,
1499 2625 1704 2687 etaliiPlato·

39 2726 44 2735 ’
80 2764 85 2774 .
112 2724 181 2789 sunt,
204 2738 261 2781 nec
279 2721 338 2781 nird
362 2720 510 2802 ὁμωνύμως
527 2728 557 2782 et
574 2721 721 2787 abusione
740 2722 875 2803 quedam
928 2718 1135 2799 nicipassiru·

112 2811 182 2871 vocis
196 2812 480 2893 itanuncupantur.
969 2812 1142 2874 Diadochus
1152 2815 1334 2895 peuloame
1349 2821 1439 2879 antee
1458 2814 1701 2880 laudatusinca·

144 2906 177 2965 V.
189 2908 301 2968 Prmtcr
324 2908 419 2972 fidem
441 2927 526 2986 vero,
552 2917 731 2972 craterarum
752 2928 875 2990 quoque
928 2904 991 2983 pite
1009 2923 1087 2971 axxn
1107 2907 1177 2969 libri
1195 2909 1331 2987 ejusdem
1354 2908 1389 2970 de
1403 2909 1593 2990 Perfecttooe
1613 2906 1704 2988 spiri-

30 2987 49 3016 ¹¹
112 2997 248 3060 virtutum
268 3000 364 3062 choro
377 3002 526 3082 stipatum
546 3022 609 3064 esse
625 3002 806 3082 theologum
825 3004 876 3064 de·
929 2999 1029 3060 tunli:
1044 3001 1380 3082 «Theologus,inq11il,
1396 3003 1428 3063 id
1444 3007 1489 3063 est
1504 3018 1610 3065 rerum
1625 2998 1701 3060 divi·

67 3120 72 3128 ·
112 3090 186 3168 bere,
199 3093 384 3157 incredibilis
393 3102 439 3157 est
452 3097 651 3177 antiquorum
664 3098 836 3174 consensio,
857 3117 874 3158 c
927 3108 1041 3150 narum
1058 3093 1291 3175 contemplator,
1307 3094 1437 3174 eloquiis
1452 3094 1507 3161 llei
1519 3091 1662 3157 delinitus
1671 3096 1703 3152 et

111 3184 452 3266 quibuspaueiistisuut
466 3189 506 3251 ed
517 3207 657 3255 manum.
669 3191 807 3251 Primum
814 3191 875 3251 Au·
927 3184 1257 3262 inflammatnsanimo,
1268 3187 1402 3267 applicat
1413 3206 1444 3247 se
1458 3188 1491 3248 in
1508 3187 1563 3246 iile
1578 3184 1701 3246 laxitate

111 3278 238 3355 gostinus
274 3280 307 3342 in
340 3281 443 3361 primo
471 3282 508 3343 de
537 3282 687 3344 Trioitete
718 3282 757 3342 de
782 3282 875 3361 hujus
928 3295 964 3339 ae
980 3277 1141 3340 latitudine
1153 3286 1328 3359 opportuna
1346 3279 1639 3360 contemplationum
1662 3278 1701 3338 ad

111 3373 234 3449 mysterii
253 3374 428 3452 cognitione
441 3393 544 3453 egens,
561 3376 621 3437 hoc
635 3377 704 3439 eit«
719 3394 783 3437 esse
796 3376 874 3438 illud
928 3373 1131 3437 moderandas
1163 3374 1355 3454 aliquantum
1384 3373 1547 3454 pensiones.
1571 3369 1701 3451 Eloquia

110 3480 253 3526 nmmum
261 3465 875 3547 bonum,quodpurgetissimismentibus
928 3467 1006 3527 enim
1033 3466 1174 3545 domini,
1199 3468 1252 3545 ait,
1284 3468 1402 3549 eloquin
1428 3472 1703 3545 corrumpentem

112 3556 875 3638 cernitur.uEtrationemuroxhrpuseffertzcduie
928 3560 994 3640 tpne
1015 3566 1233 3639 examinatum,
1250 3573 1414 3644 purgatum
1433 3559 1555 3623 toret.
1582 3560 1634 3620 Est
1663 3557 1704 3618 ad

111 3645 243 3713 hunnnae
264 3652 377 3712 mentis
395 3653 475 3715 acies
494 3652 629 3715 invalida
645 3654 679 3715 in
696 3659 761 3715 tem
777 3654 874 3716 excel-
928 3673 996 3716 eam
1014 3675 1080 3718 rem
1104 3657 1221 3719 dictum
1243 3657 1399 3736 quoddam
1423 3654 1633 3717 Rebhiuonrm
1646 3651 1703 3713 im·

111 3740 176 3803 lenti
186 3743 253 3805 lnce
268 3763 332 3807 non
352 3744 469 3824 figitur,
488 3748 548 3808 nisi
568 3748 782 3827 perjustitiam
802 3749 874 3810 fidei
926 3748 1033 3827 primis
1044 3749 1256 3826 memorabile,
1268 3750 1392 3829 quodin
1403 3748 1581 3828 pretatione
1597 3745 1636 3807 ed
1651 3744 1703 3806 le

111 3837 213 3899 nutrite
236 3844 407 3917 vegetetur.
435 3858 451 3896 ν
491 3839 724 3919 chrysostomus
758 3842 834 3902 item
863 3863 870 3904 :
927 3858 976 3901 sne
989 3842 1082 3903 refert
1094 3842 1183 3903 rabbi
1196 3841 1474 3903 Davidllimchius:
1499 3838 1642 3915 «Omnis,
1655 3838 1700 3898 in-

114 3928 196 3990 reum
204 3930 318 4011 ubique
325 3931 574 4010 religiosamente
583 3952 661 4014 opus
669 3935 873 4010 sit,tumvero
927 3934 995 4013 quit
1004 3936 1037 3996 in
1047 3955 1109 4016 quo
1124 3938 1218 3997 timor
1233 3936 1350 4016 peccati
1358 3935 1510 3999 antecedit
1520 3933 1700 4014 sapientium

111 4022 289 4097 potissimum
303 4041 368 4085 esse
385 4024 469 4099 dicit,
479 4042 549 4087 aum
569 4025 607 4087 de
621 4028 684 4088 Deo
703 4026 820 4106 eliqrrid
830 4027 874 4089 lo
926 4027 1030 4106 ipsius,
1045 4028 1111 4107 ejus
1119 4028 1235 4091 stabilis
1245 4035 1290 4090 est
1298 4029 1454 4109 sapientia.
1466 4027 1570 4089 Omnis
1582 4031 1697 4100 autem,

139 4234 156 4273 Β
184 4221 268 4279 Ctsl.
295 4223 344 4281 lib.
373 4224 399 4283 ll
413 4226 543 4283 Strumdt.
559 4227 694 4298 Στοιχεθων
718 4229 743 4300 γ’
759 4223 803 4283 οθν
829 4234 872 4299 τῆς
927 4226 1059 4299 econtra<
1072 4228 1216 4299 upoudalei,
1230 4225 1443 4301 θφσμσρινὶσειθθ,
1457 4228 1496 4280 dn
1515 4227 1554 4279 nel
1568 4224 1640 4293 αὐτῆς
1658 4229 1701 4293 τῆς

110 4304 212 4373 peieret
229 4313 278 4362 τῶν
306 4310 489 4382 τροιιρημθνων
519 4310 623 4383 ἀρετῶν,
643 4313 872 4386 στοιχειωθεστθρσν
928 4309 1171 4384 episimone,
1184 4311 1404 4376 τθθνιιιιιθςώδὲν·
1419 4315 1512 4383 νοῦςγε
1526 4308 1702 4383 μὴνθᾶνθρώ·

110 4382 162 4442 εἶναι
170 4392 300 4463 capitique
308 4393 353 4461 τὴν
364 4393 456 4463 πίστιν,
469 4393 546 4457 οθτιος
557 4393 687 4466 ἀναγκαίαν
695 4400 732 4466 τῷ
746 4401 873 4471 γνωστικῷ
928 4413 1006 4463 τινος,
1028 4393 1050 4448 εἰ
1063 4395 1105 4467 μὶν
1119 4396 1236 4471 ἡμιρσῖος
1249 4417 1286 4461 τις
1296 4396 1346 4470 εἴη,
1358 4398 1398 4451 καὶ
1415 4396 1576 4465 καθεστηκὼς,
1590 4395 1630 4449 καὶ
1644 4413 1701 4466 φαν-

110 4468 261 4545 θπθρχωσιιν,
275 4476 309 4543 ὡς
321 4481 358 4549 τῷ
369 4477 432 4531 κατὰ
445 4478 486 4532 τθν
502 4480 594 4555 κόσμον
616 4479 686 4537 τόνδε
707 4479 797 4551 βιοῦντι
810 4480 872 4553 reple
928 4479 1012 4543 τασίας
1026 4477 1113 4549 ἑώλου,
1128 4481 1168 4534 καὶ
1183 4482 1297 4555 βδελυροῖς
1311 4481 1443 4553 ἀποφοιτᾷν
1454 4479 1596 4553 εἰθισμένος,
1608 4477 1648 4545 did
1662 4497 1699 4549 ee,

110 4554 185 4629 :ligr
196 4558 225 4612 rb
235 4558 358 4613 ἀναπνεῖν·
371 4560 405 4622 ὡς
425 4559 451 4613 δὲ
465 4561 520 4614 ἄνευ
539 4567 588 4617 τῶν
600 4561 723 4635 τεσσάρων
743 4564 872 4636 στοιχείων
926 4564 966 4619 tud
980 4563 1064 4628 διειδὲς
1078 4564 1232 4637 ἐμθλέπεται,
1246 4568 1285 4619 καὶ
1299 4566 1395 4633 ἀπλανῆ
1409 4571 1457 4620 τῶν
1476 4565 1553 4619 ὄντων
1567 4564 1700 4638 εἰσδέχεται

109 4638 203 4695 datm
215 4644 268 4715 ζῇν,
280 4642 332 4695 οὐδ’
345 4644 401 4697 ἄνευ
411 4644 515 4709 πίστεως
532 4651 621 4718 γνῶσιν
634 4644 834 4714 ἐπακολουθῆσαι.
926 4652 1025 4720 γνῶσιν·
1043 4648 1106 4721 εἴγε
1127 4650 1174 4723 μὴν
1196 4650 1242 4705 tet
1263 4656 1306 4705 τοῦ
1325 4650 1517 4725 καταποχθνοιτο
1539 4655 1589 4705 τῶν
1606 4651 1699 4721 παθῶν,

139 4724 254 4782 desua.
267 4727 345 4782 hom.
359 4732 386 4783 2.
402 4728 432 4784 iu
447 4729 527 4801 episi.
549 4730 587 4785 ad
598 4729 681 4787 Hedr.
695 4730 758 4786 init.
778 4732 872 4787 Παντα-
927 4732 978 4788 οὔτ’
992 4736 1020 4787 ἂν
1034 4733 1284 4789 strumentum
1298 4736 1406 4808 tettan
1427 4735 1527 4805 κάλλος,
1550 4733 1652 4801 irrideri
1674 4733 1700 4787 δὲ

108 4808 498 4881 χῶμθνεθλαθῶςδισνοθιιςθεῖ,
513 4813 652 4886 μάλισταθθ
666 4816 724 4868 ὅταν
741 4816 796 4888 περὶ
809 4817 871 4871 Θεοῦ
925 4819 1008 4890 ὥσπερ
1021 4822 1073 4882 τοῖς
1091 4821 1271 4893 γεωδεστθροις·
1294 4821 1400 4892 καθάπερ
1426 4819 1456 4874 ed
1484 4824 1534 4873 τῶν
1569 4819 1701 4892 στρουθίων

109 4889 208 4963 ud’lfl'l
220 4914 254 4960 ³¹2
272 4896 313 4948 ἀἱ
324 4895 459 4968 Mutti-
925 4904 1052 4977 θιάθροχα,
1070 4904 1114 4974 τὴν
1126 4902 1160 4967 εἰς
1182 4905 1211 4959 τθ
1232 4906 1283 4957 ἄνω
1300 4908 1387 4973 πτῆσιν
1407 4908 1444 4976 τῷ
1465 4903 1573 4956 δεδέσθαι
1593 4920 1701 4974 παρῃρη·

138 4982 253 5036 tCmt..
270 4980 337 5037 dial.
354 4987 380 5035 l.
397 4980 580 5056 TML’Olrrg
594 4982 723 5057 μθνγθρὴ
745 4986 869 5058 σωματικὴ
927 4987 995 5060 pira.

110 5060 187 5124 zoen
199 5083 235 5133 τε,
253 5067 293 5118 καὶ
314 5069 417 5135 καπνοῦ,
437 5069 477 5120 καὶ
498 5066 579 5141 teipsa
597 5069 686 5132 παντὸς
707 5074 751 5123 τοῦ
770 5070 871 5124 actcflo·
959 5075 1050 5130 dllru.
1061 5074 1092 5130 in
1110 5073 1189 5147 pnes.
1201 5076 1291 5130 Jeme.
1302 5081 1425 5163 ΓιτΠἹΡ
1436 5080 1522 5134 tumn
1539 5080 1644 5134 nuntii
1665 5055 1701 5133 5)

109 5141 159 5201 ²51⁴
184 5146 306 5220 reprom
330 5148 452 5223 ἐλευθέρα,
473 5151 575 5225 λεπτὴν,
598 5153 638 5209 rel
659 5152 870 5229 θταρεμτθθιοτον
925 5168 1049 5238 rtffllp
1069 5167 1206 5225 inurunt
1224 5144 1274 5222 brt
1294 5170 1431 5248 nnrpnn
1451 5167 1557 5220 runnu
1577 5142 1700 5220 inmas

110 5223 175 5295 θθρι
186 5232 231 5299 τὴν
242 5231 360 5307 ἔνι’ργεισν
373 5238 427 5298 τοῖς
435 5234 578 5291 inculatur
592 5235 701 5293 εἰωθόσιν
714 5237 784 5312 αὐτῇ·
801 5235 822 5292 el
843 5236 870 5291 dl
1125 5257 1273 5336 ‘³³²'an
1293 5254 1400 5311 tumn
1420 5254 1466 5333 pp
1485 5251 1570 5309 „mn
1590 5228 1700 5305 repud,

109 5310 188 5377 θθινοθ
202 5334 226 5369 τι
235 5318 387 5373 meteone
400 5325 450 5375 τῶν
472 5321 564 5389 παθῶν,
579 5324 649 5394 μεῖον
662 5320 733 5394 piel
754 5322 803 5395 χρὴ
817 5324 870 5387 τοῖς

159 5507 168 5551 l
185 5507 238 5564 erp.
251 5507 279 5559 it.
291 5534 318 5547 -
333 5512 349 5559 1
363 5512 424 5559 Prot.
439 5523 495 5565 xcv,
506 5521 532 5560 u.
545 5514 598 5563 -θ
612 5509 672 5560 Prot.
682 5519 715 5559 m.
724 5507 746 5562 7.
