3942 6168
321 366 371 426 DE
389 366 464 427 1)Εο
484 366 628 441 DElQUE
647 365 987 441 PROPRlE'l'ATlBUS,
1010 368 1081 428 LIB.
1104 367 1142 442 ll,
1165 366 1247 428 GAP.
1270 367 1349 428 Vlll.
1571 374 1629 433 237

68 548 146 593 unum
157 536 202 592 θεῖ
214 548 322 592 revera
335 548 437 611 neque
449 536 561 593 nabna
575 533 717 612 simplex.
730 534 811 594 Deus
861 532 994 612 propriis
1013 532 1216 594 subsistentiis
1233 539 1371 594 sanctam
1392 533 1572 600 Trinitatem
1585 540 1633 600 in-

68 630 149 685 antern
169 624 312 685 omnium
334 623 525 686 confessione
548 625 681 705 simplex
708 631 755 687 est
781 632 813 688 et
860 623 1028 703 telligimus
1042 634 1064 686 ⁰.
1094 646 1109 683 ι)
1141 625 1258 699 Quibus
1291 627 1432 687 assentiri
1458 628 1561 707 palam
1587 637 1634 693 est

68 717 276 796 conpositionis
295 734 417 797 expers.
442 718 511 778 Non
536 723 582 778 est
604 718 701 797 igitur
729 737 812 780 unus
862 722 1004 779 sanctum
1013 717 1632 798 Thomsmeteosomnas,quinumerum

68 826 174 870 numero
187 810 278 869 Deus.
295 809 385 883 Quod
398 814 502 871 autem
516 811 597 887 dieo,
614 810 647 872 id
660 811 812 889 ejusmodi
863 826 990 870 omnem
1003 828 1075 871 cum
1088 811 1219 871 materia
1231 815 1410 871 concretum
1429 830 1493 873 essa
1506 815 1631 892 volunt,

68 906 119 963 est:
135 919 233 962 uuum
255 919 322 963 esse
342 920 474 964 numero
488 904 642 963 mundum
666 903 810 981 dicimus,
862 906 955 981 atque
974 902 1044 963 ideo
1066 902 1318 982 spiritualibusin
1342 904 1435 966 rebus
1454 911 1486 967 et
1505 909 1634 970 materia

67 993 168 1055 adron
181 1011 281 1054 unum
290 998 404 1055 natura
416 995 711 1075 nequesimplicem.
723 997 813 1058 Hunc
863 994 1037 1055 carentibus
1057 995 1177 1056 nullam
1196 995 1362 1071 individui,
1385 1016 1555 1061 uumerove
1575 1001 1633 1062 dil·

69 1088 171 1147 ineaex
184 1086 299 1165 quibus
312 1092 433 1148 constat
441 1088 594 1149 elementa
602 1088 766 1167 partimur,
778 1090 812 1150 iu
862 1084 988 1147 ferentis
999 1088 1099 1149 inesse
1111 1087 1264 1149 rationem
1278 1088 1464 1152 existimant.

68 1180 292 1259 ignemaquam,
303 1185 580 1243 aeremetterram.
592 1182 709 1242 Rursus
716 1181 812 1243 homo
903 1180 953 1240 Sic
966 1180 1105 1242 Boetius:
1132 1201 1147 1237 ιι
1162 1180 1305 1242 Discretae
1323 1187 1354 1242 et
1367 1184 1521 1245 continue
1535 1204 1634 1266 quan-

69 1289 176 1332 nnnero
194 1290 277 1333 unus
290 1272 475 1353 appellatrn.
491 1274 597 1334 Unum
614 1273 700 1334 euim
713 1274 815 1335 homi-
862 1270 958 1331 titatis
972 1272 1074 1347 radix,
1096 1273 1212 1352 iuquit,
1235 1291 1301 1333 una
1321 1281 1381 1351 est,
1397 1294 1434 1336 eo
1455 1277 1539 1356 quod
1554 1297 1637 1339 com-

69 1383 124 1424 nen
136 1382 212 1445 saepe
226 1364 373 1425 dicimus.
390 1367 506 1426 Verum
530 1384 595 1425 non
608 1365 666 1426 iste
681 1366 814 1446 simplex
864 1363 962 1443 posita
988 1369 1061 1425 sunt
1087 1384 1127 1426 ex
1152 1383 1217 1426 una
1244 1384 1278 1426 re
1311 1371 1343 1426 ct
1372 1367 1570 1431 resoluuntur
1597 1371 1637 1431 ad

69 1462 111 1535 θεῖ,
124 1476 158 1517 ex
171 1475 297 1535 corpore
316 1457 484 1536 animaque
503 1458 701 1536 compositus.
719 1460 813 1520 simi·
864 1474 964 1516 unum
980 1454 1002 1517 ¹.
1018 1478 1034 1515 a

70 1550 124 1611 liter
135 1557 163 1611 et
174 1549 321 1629 angelum
335 1549 467 1611 dicimus
480 1568 582 1611 turum
595 1569 739 1628 numero,
750 1572 815 1614 non
904 1549 1070 1629 Dionysius
1082 1554 1188 1610 autem
1197 1550 1340 1629 nunquia
1352 1551 1557 1639 quantitatem
1565 1554 1636 1615 uni-

71 1661 149 1703 mum
157 1648 264 1703 natura
277 1660 381 1721 neque
392 1642 576 1722 simplicem.
588 1643 668 1703 Nam
676 1644 816 1706 snbstan-
863 1647 910 1703 tas
923 1643 974 1703 vel
982 1661 1132 1703 numerus
1148 1641 1309 1721 significat,
1326 1644 1379 1703 sed
1389 1644 1463 1723 quia
1476 1645 1527 1705 vel
1540 1653 1637 1722 οὐσίαν,

70 1734 130 1795 tiam
148 1752 215 1796 cum
232 1734 395 1795 sanctitate
418 1734 612 1815 hypostasim
626 1753 692 1797 esse
711 1738 815 1818 angeli
864 1734 970 1811 idest,
986 1733 1193 1802 substantiam,
1217 1733 1334 1795 certam
1347 1736 1460 1797 scilicet
1478 1755 1513 1797 ac
1526 1738 1637 1799 defini-

69 1827 225 1907 oogitamus.
250 1828 402 1901 Quocirca
428 1827 455 1887 si
482 1827 516 1887 id
543 1846 637 1889 omne
658 1830 744 1909 quod
770 1836 817 1892 est
865 1832 930 1887 tam
948 1828 1143 1908 exprimunt,
1170 1827 1282 1888 idcirco
1297 1829 1488 1907 segreganda
1500 1836 1639 1893 censete

70 1937 151 1981 unum
170 1938 311 1996 numero,
334 1938 401 1980 uon
424 1925 470 1981 est
492 1938 593 1981 unum
613 1925 735 1998 natura,
758 1940 816 1983 nos
866 1920 947 1980 Deo:
976 1940 992 1977 ιι
1015 1919 1167 1993 Quoniam
1181 1920 1265 1999 quod
1283 1924 1329 1981 est
1347 1938 1447 1981 unum
1465 1922 1500 1981 in
1518 1923 1555 1983 iis
1568 1943 1639 2003 quae

69 2018 155 2074 suum
166 2031 263 2074 unum
276 2012 413 2074 dicimus
425 2017 537 2073 natira
552 2013 662 2087 Deum,
678 2015 733 2093 qui
745 2019 815 2075 tan·
866 2017 939 2073 sunt
962 2012 1042 2072 cadit
1060 2011 1118 2073 sub
1141 2029 1328 2085 numerum,
1357 2031 1508 2074 numerus
1533 2021 1639 2077 autem

69 2105 125 2165 dem
144 2123 307 2166 nnmerum
328 2104 482 2165 invehunt
504 2104 607 2181 nobis,
632 2124 704 2166 cum
732 2106 817 2168 bunc
866 2103 1046 2165 substantiae
1068 2108 1114 2165 θεῖ
1133 2104 1295 2184 particeps.
1316 2104 1404 2177 Quod
1418 2110 1522 2166 autem
1535 2125 1640 2187 super

69 2197 153 2277 ipsum
178 2217 234 2259 nos
256 2197 297 2258 ab
319 2197 403 2259 felici
430 2203 461 2258 et
487 2197 679 2276 intelligibili
706 2205 819 2261 natura
867 2196 1067 2258 substantiale
1090 2201 1136 2257 ast
1154 2214 1270 2273 unum,
1287 2201 1318 2256 et
1331 2214 1387 2257 ens
1399 2197 1477 2259 illud
1491 2215 1590 2259 unum
1610 2205 1641 2261 et

69 2289 819 2371 prorstrsexeludnmus‘lFstenimuumerusquan-
868 2306 995 2350 omnem
1019 2306 1188 2349 numerum
1215 2289 1376 2363 terminat,
1406 2294 1438 2350 et
1465 2296 1511 2350 est
1537 2290 1640 2371 ipsum

70 2382 147 2442 litatis
166 2382 320 2463 proprius,
341 2380 500 2461 quantitas
516 2400 590 2442 vero
615 2400 687 2442 cum
706 2388 820 2445 natura
868 2381 962 2442 unius
977 2386 1008 2442 at
1022 2381 1147 2441 numeri
1160 2385 1191 2441 et
1203 2380 1282 2441 eutis
1295 2381 1397 2441 omnis
1410 2381 1597 2463 principium
1611 2390 1643 2446 et

70 2492 194 2555 corporea
207 2473 366 2554 implicata
383 2478 438 2534 est.
457 2473 577 2554 Quippe
594 2492 746 2536 numerus
762 2494 818 2537 na·
868 2479 1159 2535 causaetuumerus
1172 2477 1203 2533 et
1215 2474 1292 2533 ordo
1305 2470 1331 2533 ί.
1348 2494 1364 2530 ν

12 2586 41 2630 ιι
68 2571 133 2626 tura
151 2573 193 2626 est
214 2575 404 2646 corporeae&
426 2587 442 2623 »
469 2565 513 2626 Ac
531 2566 664 2627 subinde
681 2577 776 2647 μονάδα
789 2573 821 2629 et
909 2567 1047 2641 Boetirn,
1067 2566 1102 2625 iu
1115 2565 1196 2626 libro
1216 2563 1252 2624 de
1265 2563 1425 2641 Trinitate,
1441 2584 1513 2627 cum
1529 2567 1642 2647 triplex

12 2704 40 2738 ι
71 2664 200 2719 messe
213 2658 379 2719 confitebar
400 2659 509 2719 Deum
530 2658 682 2734 «Omnis,
703 2659 817 2739 inquit,
869 2658 946 2720 illud
966 2659 1059 2719 unius
1075 2657 1139 2718 sive
1153 2657 1292 2737 ejusdem
1306 2676 1342 2717 ac
1355 2656 1524 2719 differentis
1543 2678 1642 2738 genus

69 2768 198 2812 numerus
216 2751 271 2811 illa
293 2750 458 2829 significat,
478 2769 549 2829 quae
576 2751 769 2813 materialem
790 2758 821 2813 et
870 2751 1059 2831 exposuisset
1075 2751 1159 2829 quod
1179 2750 1390 2828 supraposui,
1406 2751 1641 2832 estquevclge·

70 2842 313 2923 urrumsonptam
327 2848 471 2903 naturam
486 2844 595 2904 sortita
609 2848 693 2904 sunt.
712 2845 821 2905 blonas
870 2862 945 2904 nere
958 2844 1008 2905 vel
1022 2843 1121 2923 specie
1134 2841 1184 2903 vel
1200 2859 1348 2917 numero,
1371 2846 1439 2901 trun
1453 2842 1507 2903 illa
1519 2843 1579 2903 tria
1592 2863 1641 2905 re-

69 2941 158 2996 natam
178 2942 207 2996 et
228 2936 334 2996 unitas
356 2934 528 3015 simplicem
551 2942 582 2995 et
608 2935 741 2997 minime
764 2936 822 2997 cir-
870 2941 975 2998 movet
1005 2956 1024 2996 a
1058 2938 1136 3010 Deo,
1168 2938 1237 2995 tum
1264 2939 1457 3011 postremum
1486 2936 1571 3013 quod
1597 2942 1644 2998 est

69 3029 266 3108 cumsciptam
280 3027 436 3106 significat
448 3027 684 3089 substantiaml.
697 3050 713 3086 ι)
870 3047 1019 3104 numero,
1045 3026 1118 3106 quia
1143 3047 1159 3082 ιι
1182 3043 1314 3085 numero
1337 3024 1542 3086 differentiam
1563 3029 1641 3088 acci-

100 3120 140 3179 lta
152 3119 280 3199 Cyrillus
298 3120 332 3179 in
353 3120 504 3200 excerptis
527 3119 821 3181 commentariorum
871 3121 1012 3182 dentium
1025 3119 1156 3179 varietas
1168 3117 1250 3177 facit.
1267 3138 1282 3175 ν
1301 3118 1338 3176 ln
1351 3117 1414 3177 Deo
1428 3135 1502 3178 vero
1528 3120 1643 3182 cnulla

69 3210 127 3271 libri
143 3212 238 3273 Vliet
257 3212 328 3271 Vlll
343 3212 545 3273 inloannem
558 3212 822 3291 multiplicationis
871 3212 1044 3288 diversitas,
1080 3209 1167 3270 nulla
1196 3226 1235 3269 ex
1268 3208 1441 3269 ἀίνθιείῖοῖθ
1468 3209 1641 3289 pluralitas,

67 3302 253 3382 εἷοςνίιιινιιιιι
266 3321 392 3364 oausam
399 3303 493 3364 refert
501 3306 541 3365 ad
550 3322 698 3385 corpora:
714 3305 820 3379 «Una,
871 3305 958 3366 nulla
972 3322 1011 3364 ex
1022 3300 1230 3363 accidentibus
1239 3300 1418 3376 multitudo,
1429 3305 1521 3380 atque
1530 3302 1643 3364 ideirco

68 3394 168 3474 iuquit,
190 3396 223 3456 in
243 3395 390 3457 omnibus
410 3402 456 3456 est
475 3401 596 3457 naturae
619 3395 773 3472 definitio,
792 3402 823 3457 θῖ
871 3416 929 3459 ιιθθ
942 3413 1104 3457 numerius.
1116 3394 1213 3473 lgitur
1223 3393 1325 3453 unitas
1337 3398 1471 3454 tantum.
1483 3395 1562 3455 Nam
1571 3414 1643 3456 curn

66 3505 162 3549 omnes
182 3495 291 3550 nabua
310 3494 386 3549 sunt
404 3508 516 3550 unum.
540 3491 575 3549 ln
596 3508 633 3551 eo
651 3508 725 3550 vero
738 3488 823 3568 quod
871 3489 962 3549 tertio
976 3488 1126 3568 repetitur
1146 3487 1244 3561 Deus,
1268 3503 1340 3545 cum
1360 3487 1464 3561 Pater,
1488 3491 1519 3546 θῖ
1532 3486 1641 3563 Filius,

68 3581 231 3660 corporibus
252 3581 436 3658 dividimur,
461 3600 526 3642 non
543 3580 611 3659 jam
632 3600 732 3643 unum
750 3586 824 3642 suut
872 3586 903 3641 et
920 3580 1051 3661 Spiritus
1065 3583 1187 3641 sauctus
1199 3582 1414 3658 nuncupatur,
1434 3583 1497 3640 tres
1510 3579 1645 3641 unitates

67 3672 155 3734 mulii.
173 3674 260 3747 Quod
279 3673 406 3753 quidem
419 3674 457 3733 de
472 3675 535 3734 Deo
549 3691 623 3733 vero
637 3692 672 3733 ac
689 3673 824 3733 natiuali
872 3692 937 3734 non
959 3672 1075 3733 faciunt
1101 3671 1279 3752 pluritatem
1305 3670 1430 3732 numeri
1452 3670 1483 3731 in
1500 3690 1537 3732 eo
1560 3673 1643 3751 quod

67 3762 118 3824 dici
133 3766 247 3846 nequit.
272 3766 362 3827 Garat
385 3766 469 3826 enim
488 3784 633 3844 corpora,
656 3765 776 3826 amasi
789 3765 823 3825 in
874 3766 947 3845 ipsae
958 3770 1044 3839 sunt,
1061 3764 1087 3825 si
1101 3764 1298 3825 advertamus
1313 3762 1353 3823 ad
1372 3780 1421 3823 res
1436 3763 1645 3826 numerabiles

97 3983 115 4021 α
131 3968 215 4024 Basta
235 3968 301 4040 Πρὸς
315 3967 342 4022 at
351 3970 408 4030 τοῖς
429 3965 608 4039 ἐπηρεάζοντες
618 3967 823 4040 ἣμᾶςτδτρίθεον
871 3970 960 4021 ποσοῦ·
972 3967 1002 4020 τί)
1012 3965 1124 4020 diabobo
1134 3969 1164 4038 τῇ
1174 3967 1304 4036 οωματικῇ
1313 3963 1380 4034 pica
1395 3964 1559 4026 συνέζευκται·
1573 3966 1644 4039 ὁγὰρ

66 4045 258 4124 ίιεῐνολιῐὲοίίοι,
277 4052 372 4124 ὅτιπερ
389 4049 461 4123 ἡμεῖς
481 4050 524 4102 ἕνα
542 4050 596 4103 θεὸν
615 4049 643 4103 οὗ
662 4056 699 4122 τῷ
718 4048 823 4122 ἀριθμῷ,
873 4049 973 4121 ἀριθμὸς
982 4053 1025 4116 τῆς
1034 4052 1175 4119 σωματικῆς
1184 4048 1288 4119 piscosa.

66 4130 235 4207 ίλίὰεῇᾳίοει
244 4134 426 4206 ὁμολογοῦμεν·
437 4135 485 4187 πᾶν
495 4132 706 4205 γὰρῖὲνᾶριθμῷ
716 4133 824 4204 λέγεται,
910 4132 926 4187 b
954 4133 1041 4187 Βίων,
1070 4130 1114 4183 tat
1137 4130 1178 4183 καί
1196 4132 1243 4191 πᾶς
1262 4128 1363 4201 ἀριθμὸς
1383 4127 1464 4182 ἐκεῖνα
1481 4130 1595 4202 σημαίνει
1614 4132 1646 4186 τὰ

66 4219 130 4268 trita
138 4216 188 4289 οὐχ
194 4219 219 4270 ἓν
230 4218 318 4279 ὄντως,
329 4214 385 4268 aaa
403 4215 496 4269 ἁπλοῦν
507 4220 538 4288 τῇ
548 4216 616 4287 φύσει
627 4214 702 4269 ίοτίν·
715 4215 764 4269 ὁδί
773 4215 825 4277 θεὸς
873 4213 970 4278 tauta,
980 4213 1022 4266 καί
1031 4213 1195 4286 περιγραπεὴν
1215 4212 1279 4285 ἔχειν
1298 4213 1410 4285 λαχόντα
1428 4213 1472 4281 aba
1487 4213 1566 4285 φύσιν,
1585 4214 1600 4282 ἡ
1619 4215 1646 4269 δὲ

66 4293 158 4361 abug,
168 4300 209 4352 καί
219 4298 347 4360 ἂοιίνθετος
355 4297 423 4371 παρὰ
440 4300 513 4351 πᾶσιν
534 4298 704 4371 ὁμολογεῖται·
717 4297 761 4351 οὒκ
778 4298 826 4371 ἄρα
875 4296 951 4369 μονὰς
960 4298 1001 4349 καί
1012 4295 1066 4360 ἐνὰς
1076 4301 1120 4363 τῆς
1143 4294 1236 4363 ἁπλῆς,
1256 4295 1297 4348 καί
1308 4293 1474 4368 carpnttum
1488 4295 1571 4358 οὖοίοις
1594 4295 1646 4352 ἔστί

65 4371 95 4439 είς
103 4378 195 4453 ἀριθμῷ
210 4379 274 4435 ίοτιν
294 4380 308 4434 ὁ
326 4381 389 4442 θεός·
411 4382 426 4433 ί)
445 4379 471 4432 at
488 4381 555 4452 λέγω
574 4382 685 4435 τοιοῦτόν
706 4378 779 4434 ἔστιν·
800 4381 825 4433 ἓν
874 4381 1034 4453 σημαντικόν.

65 4458 151 4533 ίοιῖμιῖι
161 4464 203 4517 τίον
214 4465 306 4536 κόσμον
317 4457 381 4516 εἶναί
399 4482 488 4535 φαμεν·
501 4462 556 4515 ἀλλ’
576 4462 625 4536 οὔχ
637 4464 681 4517 ἕνα
701 4468 729 4535 τῇ
748 4464 825 4535 φύσει,
910 4479 925 4520 c
944 4465 1010 4519 Clu.
1031 4463 1061 4519 in
1075 4466 1161 4519 Joart.
1178 4477 1240 4534 pag.
1259 4462 1321 4519 673.
1341 4456 1386 4525 Eia
1404 4460 1647 4535 γὰρίνπᾶοινὸιῆς

65 4539 115 4594 ἄλλ’
130 4544 183 4598 ott’
197 4545 290 4599 ἇιιλοῦν
300 4564 356 4599 τινα
365 4551 463 4599 τοῦτον·
484 4547 604 4618 τέμνομεν
614 4546 661 4618 γὰρ
672 4544 744 4599 αὐτὸν
755 4545 787 4608 είς
797 4546 827 4599 τὰ
874 4547 966 4617 φύσεως
975 4548 1043 4619 ὅρος,
1053 4545 1094 4598 καί
1104 4547 1129 4598 ἓν
1140 4546 1164 4599 οί
1175 4547 1264 4607 πάντες
1278 4550 1308 4617 τῇ
1318 4545 1396 4615 picti·
1409 4543 1432 4597 ίν
1443 4545 1470 4599 δὲ
1479 4551 1515 4618 τῷ
1525 4547 1646 4620 διακεχω-

63 4620 264 4696 {iussurus
273 4634 397 4701 στοιχεῖα,
414 4627 446 4690 είς
464 4632 522 4699 πῦρ,
542 4628 583 4680 καί
600 4626 676 4701 ὕδωρ,
696 4628 737 4680 καί
756 4627 826 4701 ἀέρα,
874 4628 1220 4701 ρίοθαιὴμιῖςτοῖςοώμοιοιν,
1240 4626 1354 4680 adstatis
1373 4628 1397 4682 οί
1415 4628 1515 4683 πολλοί·
1526 4629 1586 4700 ὅπερ
1604 4629 1649 4684 οὔκ

62 4708 163 4780 talpis·
175 4711 272 4765 πάλινὸ
290 4712 417 4783 ἄνθρωπος
437 4704 473 4773 είς
493 4709 587 4783 ἀριθμῷ
606 4709 763 4782 ὀνομάζεται
783 4711 828 4763 ἕνα
875 4711 940 4765 ἔστιν
952 4712 1027 4766 clusis
1038 4709 1077 4766 aa
1088 4716 1131 4765 τοῦ
1146 4711 1209 4765 κατὰ
1228 4710 1296 4782 φύσιν
1315 4712 1381 4766 θεοῦ·
1402 4711 1534 4785 ἀσώματον
1552 4712 1600 4785 γὰρ
1619 4713 1649 4767 τί

61 4789 105 4862 ῐίρ
120 4792 247 4866 ἄνθρωπον
265 4793 385 4855 πολλάκις
402 4795 518 4867 λέγομεν·
539 4793 595 4845 ἀλλ’
615 4792 664 4864 οὐχ
681 4792 774 4853 ἁπλοῦς
792 4813 829 4856 τις
874 4794 950 4848 θεῖον·
962 4794 1032 4848 είκαί
1048 4793 1072 4847 ἔν
1093 4793 1239 4855 ἰδιαζούσαις
1257 4792 1371 4866 ίνπάρξεοι
1390 4793 1435 4863 τὴν
1454 4794 1526 4867 ίγίοιν
1545 4799 1648 4867 νοοῦμεν

62 4865 128 4935 ὦτός
137 4872 190 4928 ἔστι
200 4873 350 4949 ίιισώμιιτος
358 4876 398 4929 καί
408 4876 487 4948 ψυχῆς
506 4876 636 4937 συνεστώς·
649 4874 742 4948 ὁμοίως
752 4875 778 4929 δὲ
786 4878 828 4930 καί
876 4879 971 4950 τριάδα.

61 4954 569 5032 ἄγγελονίνοίριθμῷέροῦμεν,ἀλλόὔχ
586 4957 828 5031 ίνατῇφίιοει,οὖδί
911 4961 1029 5018 dlllou.
1055 4958 1174 5031 Ἐπείπερ
1183 4960 1213 5013 ab
1221 4960 1250 5013 bv
1259 4960 1285 5013 ἓν
1295 4961 1325 5014 τὸ
1335 4958 1359 5012 ίν
1376 4962 1429 5021 τοῖς
1439 4953 1507 5013 odota
1521 4956 1650 5033 ἐνάριθμον

62 5034 159 5091 aaut·
171 5038 255 5093 οὐσίαν
264 5041 312 5113 γὰρ
324 5043 376 5113 μεθ’
390 5040 512 5113 ἆγιασμοῦ
531 5041 574 5108 τὴν
593 5046 637 5094 τοῦ
654 5040 760 5113 ἀγγέλου
769 5040 830 5095 {rub
876 5042 950 5099 ἔστιν·
963 5044 1063 5116 ἀριθμὸς
1073 5042 1100 5097 tt
1110 5042 1194 5105 οίιοίιις
1204 5043 1310 5116 μετέχει·
1322 5043 1351 5096 τὶν
1361 5043 1388 5096 δὲ
1407 5041 1549 5114 trapetum
1560 5043 1597 5107 ἓν,
1606 5045 1651 5098 καί

61 5137 140 5174 στεοιν
153 5120 293 5197 ἐννοοῦμεν·
306 5122 336 5177 Et
344 5123 427 5177 τοίνυν
437 5125 484 5177 πᾶν
495 5124 524 5177 τί)
532 5124 557 5177 ἓν
569 5123 674 5197 ἀριθμῷ,
685 5124 710 5176 ἓν
720 5128 751 5197 τῇ
760 5125 829 5196 φύσει
876 5126 905 5180 rb
914 5128 943 5180 dv
952 5127 989 5191 tv,
999 5126 1040 5179 καὶ
1059 5126 1140 5180 πάντα
1159 5124 1260 5197 ἀριθμὸν
1279 5125 1370 5197 ὁρίζει,
1390 5124 1431 5178 καί
1450 5122 1510 5177 abst
1530 5122 1592 5190 ἔστι,
1611 5120 1652 5178 καί

62 5201 102 5257 aia
110 5205 188 5271 ἔστιν,
199 5206 268 5278 ἡμεῖς
277 5207 305 5261 δὲ
312 5207 417 5279 λέγομεν
428 5207 471 5260 ἕνα
480 5212 511 5280 τῇ
520 5205 588 5279 ptest
597 5207 662 5272 θεὸν,
672 5213 725 5268 πῶς
734 5206 829 5261 ἔπεισά-
876 5206 938 5272 ἐνὸς,
949 5210 989 5261 tul
1000 5208 1113 5280 ἀριθμοῦ,
1123 5209 1164 5263 καί
1174 5209 1264 5271 παντὸς
1282 5209 1353 5271 ὄντος
1368 5206 1442 5280 ἀρχὴ,
1462 5206 1503 5260 καί
1513 5205 1593 5273 alata,
1612 5209 1652 5261 ιιοίι

62 5305 139 5357 toccu
149 5288 212 5362 ἡμῖν
221 5291 262 5344 τὸν
274 5289 386 5363 ἀριθμὸν,
397 5289 470 5343 αὖτὀν
481 5291 561 5359 πάντη
579 5290 650 5363 ἡμῶν
670 5289 827 5362 ίξοριζόντων
877 5290 986 5363 ἀριθμὸς,
996 5291 1037 5343 καί
1048 5289 1123 5353 τάξις.

64 5374 180 5443 μιαρίας
199 5374 239 5427 κοί
261 5376 351 5442 νοητῆς
369 5372 478 5444 fictae,
497 5373 511 5426 t
529 5372 576 5445 γὰρ
596 5373 696 5445 ἀριθμός
714 5371 765 5427 ἔστι
785 5378 827 5428 τοῦ

89 5552 97 5592 ι
111 5548 159 5594 ns.
172 5550 202 5594 ιι
214 5550 269 5595 ona.
281 5555 303 5595 a
313 5560 366 5595 aaa.

203 5654 278 5716 Tou.
301 5655 325 5715 1.
