3956 6168
302 338 360 395 tto
807 335 1131 398 Tnmmotdonbtl
1152 333 1382 397 DOGMATUM.

303 496 390 558 bilem
402 505 431 558 et
443 496 621 559 inconditam
633 498 737 561 fuisso.
754 500 829 560 Earn
844 500 939 578 igitur
948 506 1070 580 putasse
1120 498 1155 559 ln
1169 517 1232 578 quo
1245 498 1322 560 illud
1343 496 1529 559 extricatam
1547 502 1603 573 est,
1624 495 1806 576 Dionysium
1817 513 1877 576 spe·

302 589 528 667 intelligibilem
541 590 707 670 significari
720 596 837 653 terram
850 593 1007 653 aceoelum
1022 592 1069 654 in-
1119 591 1182 651 cies
1203 610 1240 651 ac
1257 592 1373 651 formas
1400 590 1504 650 nescio
1531 608 1609 669 quas
1625 606 1731 650 rerum
1752 588 1878 669 posuisse

302 680 470 759 telligibile,
500 683 559 742 hoc
581 687 627 744 est
648 682 750 744 ideam
775 684 948 764 utriusque.
973 685 1023 746 Sic
1036 683 1070 744 in
1119 682 1255 744 diversas
1268 702 1288 743 a
1301 685 1364 744 Deo
1378 682 1462 742 stab
1476 682 1544 762 ipso
1563 686 1749 761 procreatas,
1765 699 1827 741 uon
1839 685 1879 740 ta-

301 772 438 834 hominis
458 773 624 850 creatione,
650 774 736 854 prius
759 775 875 856 absque
893 777 956 838 ulla
978 781 1069 837 terrae
1119 791 1193 835 men
1216 775 1339 855 proprie
1363 780 1488 854 sumpto
1511 774 1675 835 creationis
1695 773 1832 849 nomine,
1850 779 1882 834 ut

301 864 460 926 mentione
494 866 607 927 lactum
642 866 730 926 illum
760 867 820 927 dici
846 867 887 929 cd
915 868 1069 949 imaginem
1118 865 1235 946 ibidem
1249 867 1452 941 ostendimus,
1468 885 1602 946 quarum
1618 866 1823 946 applicatione
1839 885 1881 927 res

302 954 360 1016 Dei
369 955 390 1032 ¹,
407 963 513 1038 postea
525 956 560 1019 de
574 957 642 1018 limo
661 967 749 1020 terroe
767 958 963 1039 sot·mctnm¹,
984 959 1070 1020 utin
1118 957 1249 1039 singulte
1263 959 1439 1020 formantur
1458 959 1596 1038 talesque
1615 959 1706 1020 liunt.
1732 958 1880 1036 Ejusmodi

301 1049 459 1128 superiore
472 1051 539 1111 loco
553 1051 647 1111 homo
662 1051 862 1131 intelligibilis
872 1060 902 1114 et
911 1052 1071 1133 exemplar
1118 1069 1212 1131 porro
1226 1052 1319 1112 frrissc
1331 1051 1467 1112 Platonis
1479 1051 1575 1127 ideas,
1593 1051 1692 1131 capite
1707 1057 1817 1111 octavo
1829 1051 1881 1111 late

301 1139 414 1220 ipsum,
434 1142 468 1202 in
489 1143 658 1222 posteriore
681 1150 860 1224 corporane
877 1151 908 1207 et
926 1145 984 1206 sub
998 1163 1069 1207 sen·
1118 1142 1353 1223 disputavimus.
1370 1142 1881 1223 SedahillodupliciterDionysius

300 1249 371 1294 sum
384 1234 496 1295 cadens
510 1233 636 1314 agnosci
649 1241 753 1314 queat.
1118 1234 1279 1316 discrepat.
1300 1235 1440 1297 Primum
1459 1237 1543 1314 quod
1562 1235 1636 1296 istas
1649 1235 1881 1315 qualescumque

341 1326 379 1386 ll.
406 1326 520 1388 Justini
538 1327 576 1386 de
598 1326 725 1388 Platone
745 1329 905 1390 sententiae
928 1328 1070 1390 Clemens
1116 1332 1245 1389 naturas
1271 1327 1462 1389 universales
1484 1332 1515 1388 et
1537 1326 1664 1403 formas,
1689 1346 1757 1388 non
1780 1345 1835 1407 per
1854 1347 1881 1389 se

299 1418 527 1480 Alexandrinus
549 1418 711 1479 subscribit
724 1420 757 1480 in
771 1427 857 1481 sexto
871 1420 1066 1497 Stromoteon,
1117 1419 1308 1481 coherentes
1318 1424 1349 1480 et
1363 1419 1561 1480 subsistentes
1574 1419 1676 1479 autin
1690 1420 1754 1480 Deo
1773 1425 1827 1480 ant
1839 1439 1882 1480 ex-

299 1516 331 1570 et
353 1511 437 1590 quod
455 1530 493 1572 ex
510 1528 567 1571 suo
586 1511 636 1571 ille
651 1529 743 1573 sensu
757 1530 821 1572 non
836 1517 999 1588 asseverat,
1014 1512 1068 1573 sed
1116 1514 1165 1571 tra
1191 1513 1290 1573 [lenm
1315 1510 1406 1572 linxit
1432 1512 1622 1591 Dionysius,
1664 1517 1817 1591 tanquam
1850 1531 1881 1573 ex

301 1603 435 1663 Platonis
448 1602 550 1683 potius
564 1604 662 1664 errori
673 1604 796 1665 videtur
809 1604 993 1681 adscribere,
1009 1606 1068 1666 hoc
1117 1607 1234 1665 aeterno
1249 1622 1298 1666 res
1311 1603 1423 1684 aliquae
1446 1604 1552 1665 soloe
1565 1609 1597 1664 et
1609 1608 1766 1665 exstantes
1776 1603 1881 1666 luerim

299 1694 402 1775 ipsum
418 1695 559 1757 Clemens
586 1698 819 1758 reveraseutire
834 1696 1010 1773 barbaram,
1036 1697 1066 1758 id
1116 1694 1279 1774 ejusmodi,
1290 1696 1488 1776 qualesideas
1497 1715 1569 1758 suas
1579 1697 1879 1773 Platoessecredidit,

300 1793 356 1864 est,
367 1787 571 1849 orthodoxam
585 1794 616 1849 et
629 1788 827 1849 christianam
840 1787 1067 1868 philosophiam
1116 1788 1170 1848 sed
1183 1789 1312 1850 existere
1334 1807 1391 1849 suo
1415 1789 1510 1850 modo
1531 1794 1656 1850 naturas
1677 1789 1753 1850 istas
1768 1790 1881 1851 unirer-

299 1886 396 1960 putat.
412 1880 806 1960 Nimirumdupliccmesse
819 1882 984 1957 mundum,
995 1881 1069 1942 alte
1115 1879 1194 1941 sales
1213 1881 1338 1942 nonnisi
1360 1881 1394 1941 in
1412 1886 1554 1961 tempore
1572 1881 1702 1961 putarit,
1718 1899 1796 1942 cum
1809 1882 1881 1944 vide

297 1991 368 2036 nrm
392 1972 630 2051 intelligibilem,
653 1973 786 2034 alterum
809 1974 949 2033 sensibus
972 1991 1065 2053 expo-
1115 1971 1187 2034 licet
1198 1973 1359 2034 individue
1369 1973 1560 2053 qnibussolis
1569 1973 1719 2035 exstantia
1731 1976 1877 2043 conrenit,

297 2066 407 2126 situm:
423 2064 537 2144 duplex
550 2064 627 2125 item
640 2064 765 2141 coelum,
780 2070 958 2145 terramque
969 2065 1067 2145 dupli·
1116 2081 1133 2124 e
1147 2064 1246 2125 nihilo
1260 2066 1412 2145 producta
1422 2070 1506 2125 sunt.
1522 2066 1610 2126 Tunc
1620 2064 1705 2153 enim
1713 2066 1811 2127 etiam
1823 2066 1880 2126 illo

297 2176 374 2233 cem,
400 2157 493 2236 idque
508 2156 609 2237 primo
633 2174 672 2217 ex
692 2157 817 2219 Genesis
834 2157 932 2237 capite
951 2157 1064 2236 colligi,
1116 2173 1188 2216 nim
1214 2176 1329 2236 genera
1357 2163 1388 2218 et
1414 2157 1529 2238 species
1543 2154 1774 2237 quodammodo
1802 2160 1880 2220 exsfi-

297 2250 380 2309 umle
389 2249 474 2309 Plato
488 2248 630 2309 idearum
643 2267 771 2310 suarum
790 2249 1067 2328 contingendarum
1114 2253 1231 2309 tenent.
1249 2250 1289 2311 at
1302 2254 1394 2311 antea
1406 2250 1507 2331 reipsa
1520 2269 1586 2311 non
1598 2250 1773 2327 exstabant,
1788 2252 1839 2312 sed
1851 2257 1880 2312 ut

296 2359 421 2402 causam
434 2339 553 2401 hahuit.
577 2341 623 2400 lta
646 2340 787 2402 Clemens
808 2359 903 2420 quem
917 2341 1067 2402 Eusebius
1115 2341 1148 2401 in
1162 2341 1272 2402 scholis
1284 2342 1467 2422 loquuntur,
1490 2340 1630 2422 adjective
1651 2346 1789 2415 tantum,
1804 2344 1878 2422 quod

248 2448 251 2453 ⁴
296 2433 371 2494 citat
383 2433 417 2493 in
430 2432 594 2493 undecimo
608 2431 687 2492 libro
701 2430 736 2492 dc
753 2430 934 2514 Evangelico
942 2451 1066 2515 praepo·
1115 2434 1212 2514 eapite
1234 2434 1375 2514 proxime
1395 2433 1591 2496 antecedenti
1614 2435 1687 2495 satis
1710 2437 1878 2516 expositum

296 2527 420 2587 ratione.
435 2526 553 2585 Verum
573 2523 661 2584 nulla
678 2524 713 2584 in
734 2523 803 2584 loco
821 2524 875 2585 illo
889 2525 1026 2601 Genesis,
1041 2527 1067 2587 si
1115 2531 1171 2586 est.
1187 2526 1304 2587 Deinde
1314 2526 1458 2588 differtin
1469 2526 1529 2587 hoc
1541 2525 1877 2608 aPlatoneltionysins,

295 2625 377 2680 recte
403 2618 656 2696 interpretemur,
686 2615 817 2696 duplicis
844 2615 931 2677 istius
955 2617 1066 2679 mundi
1115 2619 1199 2697 quod
1221 2624 1348 2681 naturas
1375 2619 1563 2680 universales
1582 2637 1783 2699 nequaquam
1805 2621 1879 2681 ideas

296 2711 478 2790 significatio
492 2714 548 2771 est.
564 2708 699 2769 Tametsi
713 2727 778 2769 nou
788 2713 834 2769 est
844 2708 975 2770 dubium
989 2709 1066 2790 quin
1115 2716 1169 2771 aut
1182 2718 1314 2772 essesut
1327 2711 1476 2792 appellari
1489 2711 1611 2772 sentiat.
1637 2712 1730 2790 Cujus
1750 2720 1798 2773 cst
1810 2732 1878 2793 pre

295 2822 333 2863 cx
347 2808 464 2864 aeterno
485 2803 567 2862 llens
588 2800 620 2860 in
640 2805 744 2861 mente
767 2819 823 2861 sua
845 2800 961 2880 species
974 2807 1066 2881 atque
1114 2803 1209 2869 sentis
1219 2803 1327 2884 capitis
1341 2802 1628 2884 propriatraotatio.

295 2895 446 2975 imagines
458 2911 564 2956 rernm
574 2893 717 2954 omnium
727 2894 1067 2972 quasconditurnserat
1155 2896 1261 2975 ltaque
1280 2897 1445 2975 Dionysius
1459 2896 1493 2956 in
1511 2895 1611 2975 capite
1623 2895 1735 2975 quinto
1749 2894 1786 2957 de
1802 2895 1878 2957 [tioi-

294 2987 449 3063 habuerit,
460 2987 492 3048 id
499 2986 582 3066 quod
592 2984 684 3065 paulo
694 2990 766 3046 ante
774 2986 1063 3064 demonstravimus,
1114 2986 1162 3046 eis
1174 2987 1337 3049 omninibus
1350 2987 1389 3048 de
1402 2987 1479 3048 ideis
1492 2992 1617 3048 acturus
1629 2987 1702 3047 solis
1714 3006 1769 3048 eas
1781 2988 1877 3049 simili

296 3085 331 3140 ut
353 3080 442 3159 quasi
460 3077 670 3157 intelligibiles
692 3082 723 3138 et
746 3077 883 3157 corporis
907 3078 989 3140 mole
1013 3097 1064 3140 ca·
1113 3079 1221 3139 tudine
1244 3079 1381 3159 primum
1405 3079 1545 3160 explicat.
1566 3079 1646 3140 Nam
1664 3084 1700 3139 ut
1717 3080 1765 3140 sol
1779 3098 1876 3142 renim

295 3177 397 3233 rentes
410 3171 455 3231 ibi
468 3175 578 3233 creatae
591 3188 641 3231 res
650 3169 816 3230 existerent
825 3167 849 3229 ⁸.
866 3170 1064 3243 Quemmun·
1114 3189 1183 3249 qum
1198 3170 1256 3232 sub
1265 3190 1391 3233 sensnm
1405 3172 1530 3248 eadunt,
1546 3171 1730 3232 substantias
1740 3177 1772 3233 et
1784 3173 1875 3253 quali·

295 3264 370 3325 cium
397 3261 624 3342 intelligibilem
657 3281 676 3321 a
708 3262 834 3322 Platone
858 3262 1064 3341 significatum
1113 3267 1191 3323 tates
1218 3263 1388 3343 quamlibet
1414 3263 1528 3325 multas
1554 3268 1586 3324 et
1611 3264 1711 3324 varias
1739 3271 1873 3345 vegetat,

294 3354 433 3434 plerique
446 3359 625 3416 nostrorum
634 3357 829 3433 acceperunt,
845 3359 881 3413 nt
894 3354 975 3416 inter
988 3357 1065 3418 alios
1112 3353 1196 3415 fovet
1209 3361 1302 3435 atque
1316 3362 1486 3431 conservat,
1511 3356 1714 3435 «eademque
1729 3375 1779 3417 ros
1790 3359 1875 3417 unius

293 3447 425 3525 vulgatis
438 3445 662 3507 hisceversibus
676 3442 841 3506 Boetius‘:
1113 3452 1145 3507 et
1171 3446 1311 3525 ejusdem
1333 3447 1404 3507 solis
1431 3447 1595 3527 participes
1621 3454 1718 3524 sunt,
1749 3467 1874 3527 quarum

1112 3557 1220 3600 causas
1232 3541 1266 3600 in
1279 3539 1378 3619 seipso
1392 3539 1522 3621 simplici
1531 3545 1563 3600 et
1571 3540 1753 3601 uniusmodi
1763 3543 1875 3603 ratione

597 3631 673 3691 ιιΤιι
683 3635 792 3692 cuncta
806 3649 942 3711 superno
1111 3632 1269 3708 continet;
1285 3631 1327 3692 sic
1341 3631 1441 3693 multo
1455 3632 1745 3712 magisinllcoqui
1757 3640 1874 3695 tameo

293 3724 383 3785 [tucis
406 3724 444 3783 ab
468 3721 621 3801 exemplo,
648 3722 815 3802 pulchrum
834 3724 1063 3804 pulcherrimus
1110 3723 1148 3783 lis
1163 3724 1260 3805 ipsius
1273 3742 1368 3803 qnam
1383 3729 1566 3785 caeterorum
1578 3743 1671 3786 cansa
1684 3731 1731 3786 est
1740 3727 1873 3787 omniurn

973 3816 1060 3897 lipsa,
1111 3817 1344 3878 concedendum
1366 3822 1422 3893 est,
1440 3816 1544 3877 omnia
1560 3817 1646 3897 prius
1663 3816 1764 3878 inesse
1776 3836 1874 3879 mrum

291 3910 442 3971 Mrmdnm
456 3912 560 3968 mente
574 3925 695 3986 gerens,
711 3906 865 3986 similique
880 3907 913 3967 in
926 3907 1062 3988 imagine
1110 3908 1298 3989 exemplaria
1318 3908 1409 3968 unica
1435 3913 1466 3968 et
1488 3908 1691 3970 substantiam
1715 3911 1873 3971 excedente

899 3998 1059 4079 [formans
1110 4003 1262 4079 unitione,
1292 4001 1442 4080 qnoniam
1469 4005 1501 4061 et
1526 4000 1712 4062 substantias
1739 4000 1872 4082 producit

292 4094 502 4172 Perfectasque
539 4092 653 4171 jubens
691 4092 862 4172 perfectum
903 4092 1061 4155 absolvere
1110 4095 1245 4174 mindam
1267 4113 1286 4153 a
1304 4090 1475 4155 substantia
1496 4094 1711 4172 progressione
1733 4093 1868 4154 ἠιὼν.»

932 4187 1058 4264 [partes.
1110 4186 1166 4246 His
1184 4184 1417 4262 animadversis,
1438 4182 1583 4265 deinceps
1602 4185 1678 4265 quid
1693 4185 1871 4265 exemplaria

1108 4277 1167 4337 ista
1181 4276 1242 4337 sint
1255 4275 1402 4352 declarat,
1418 4275 1505 4354 cnjus
1519 4277 1614 4337 verba
1623 4295 1697 4337 mox
1711 4276 1869 4358 proteram.

291 4371 363 4431 Haec
387 4367 511 4450 proprie
537 4385 672 4448 vereque
694 4368 776 4429 dicta
797 4373 843 4428 cst
864 4367 944 4444 idea,
973 4369 1061 4447 cuius
1109 4369 1179 4428 Non
1202 4373 1249 4429 cst
1271 4372 1376 4430 autern
1394 4367 1525 4429 dnhiinn
1548 4376 1747 4449 καραδειῃιατα,
1769 4367 1800 4429 id
1817 4374 1869 4445 est,

289 4461 439 4541 liquidnm
453 4461 504 4522 hic
522 4465 553 4521 et
575 4465 691 4521 certam
712 4460 867 4521 rationem
881 4478 919 4521 ex
934 4461 1060 4522 Petrum
1109 4459 1293 4540 exceptorio
1305 4460 1370 4535 illa,
1385 4478 1450 4520 non
1464 4459 1548 4521 aliud
1562 4478 1627 4521 csse
1637 4478 1734 4539 ipram
1746 4459 1827 4521 ideas
1834 4459 1869 4520 dc

289 4553 419 4614 decretis
431 4553 630 4631 inquirimus.
1109 4552 1221 4632 (pribus
1234 4552 1429 4631 hicagimus.

120 4635 216 4691 ⁰¹⁰⁰l⁸⁵¹
237 4637 264 4681 ‘¹⁶
328 4645 381 4705 lll.
398 4644 491 4722 Cujus
499 4644 793 4724 rcipervestigandae
808 4643 995 4724 principium
1004 4645 1059 4706 du·
1148 4645 1199 4704 lv.
1214 4644 1333 4705 Exinde
1347 4644 1522 4721 Clementis,
1537 4650 1573 4704 ut
1586 4648 1687 4717 vocat,
1702 4640 1866 4724 philosophi
1885 4688 1951 4732 m,

116 4690 265 4788 ddiffidiiil
287 4754 392 4798 cemus
412 4734 451 4795 ab
474 4735 612 4815 Dionysii
635 4735 809 4797 enarranda
821 4737 974 4797 sententia
987 4755 1057 4816 qum
1106 4737 1224 4798 dictum
1246 4742 1422 4810 memorat,
1451 4737 1505 4814 qui
1539 4735 1722 4816 exceptae
1746 4735 1867 4816 putabat
1885 4741 1948 4787 „a

170 4803 213 4839 Μ’
286 4828 494 4909 principatum
507 4827 607 4887 bacin
620 4828 789 4908 quaestione
802 4827 931 4904 obtinet,
949 4833 1057 4891 etnon
1106 4829 1219 4909 referri
1240 4826 1280 4890 od
1302 4825 1424 4909 eimedi,
1451 4827 1709 4908 precinentibus
1722 4825 1866 4909 primarie

286 4920 435 4982 mediocri
458 4917 635 4981 difficultate
659 4924 705 4980 est
725 4919 861 4999 obsepta,
886 4919 973 4999 cujus
986 4938 1057 5000 pars
1105 4929 1184 4981 sont.
1214 4941 1230 4979 (ι
1253 4920 1370 4981 Verum
1392 4919 1585 4997 neutiquam,
1615 4919 1728 5000 inquit,
1751 4918 1793 4979 illi
1814 4934 1867 4997 per

285 5012 385 5092 major
397 5012 432 5073 in
445 5010 638 5073 antecedenti
651 5011 750 5091 capite
759 5010 826 5090 jam
840 5016 885 5072 est
895 5013 1053 5074 exhausta.
1107 5013 1232 5093 propria
1255 5018 1287 5073 et
1299 5011 1439 5073 absoluta
1452 5016 1483 5073 et
1503 5010 1653 5091 simplicia
1665 5009 1788 5072 nomina
1801 5028 1866 5089 pro

321 5225 342 5265 a
360 5210 440 5266 Dion.
452 5207 500 5263 lib.
514 5208 545 5265 V.
557 5207 700 5264 demite.
716 5222 793 5263 nom.
816 5207 866 5261 Καὶ,
874 5205 918 5268 τὰς
932 5212 981 5261 τῶν
991 5207 1054 5260 nol·
1105 5224 1153 5260 των
1169 5205 1257 5271 αἰτίας,
1273 5206 1453 5278 προϋφεστάναι
1461 5203 1578 5259 tenore
1592 5209 1642 5260 τῶν
1658 5198 1865 5273 cimianum«

284 5291 336 5346 λῶν
352 5292 506 5364 μετεχόντων
522 5290 536 5343 ὁ
550 5284 585 5352 εἷς
598 5290 667 5357 ἥλιος
681 5287 760 5352 αἰτίας
781 5286 805 5340 ἐν
826 5288 906 5359 ἐαυτῷ
921 5290 1053 5360 μονοειδῶς
1104 5308 1180 5362 ματα,
1202 5287 1264 5343 κατὰ
1285 5287 1342 5361 μίαν
1361 5286 1503 5361 ὃπιροῦσιον
1522 5286 1609 5341 ἕνωσιν
1623 5285 1798 5360 συγχωρητέον·
1815 5280 1862 5336 ἐπεὶ

284 5374 425 5445 προείληφε·
441 5373 529 5444 πολλῷ
537 5391 566 5444 γε
578 5373 673 5445 μᾶλλον
685 5370 723 5425 ἐπὶ
734 5376 777 5440 τῆς
785 5372 826 5424 καὶ
841 5370 926 5435 αὐτοῦ,
941 5373 983 5425 καὶ
995 5372 1053 5425 πάν-
1100 5372 1140 5426 ael
1154 5371 1240 5434 οὐσίας
1254 5372 1356 5444 παράγει
1370 5371 1433 5426 κατὰ
1447 5370 1490 5439 τὴν
1501 5370 1550 5425 ἀπὸ
1564 5368 1649 5432 mole<
1659 5370 1759 5424 latmo.

312 5517 322 5562 l
335 5516 388 5564 Gen.
402 5527 418 5568 ι,
431 5513 500 5560 bt.-
510 5513 524 5557 ‘2
536 5515 588 5560 Gen.
603 5526 628 5567 n,
640 5515 660 5559 i.
672 5515 712 5559 -s
734 5515 786 5571 cap.
800 5527 816 5560 1.
828 5513 897 5570 buius
908 5513 969 5568 libri,
982 5523 1004 5561 ot
1014 5515 1036 5560 i.
1048 5538 1075 5551 -
1086 5515 1153 5562 llil.
1163 5516 1201 5562 ΙΙΙ.
1213 5516 1240 5563 do
1251 5516 1314 5564 Coss.
1325 5515 1391 5571 etit..
1404 5522 1473 5561 matre
1491 5515 1512 5559 s.
