3956 6168
362 362 411 424 DE
431 361 506 423 bac
526 358 670 438 balena
690 356 1030 441 sacramanta,
1052 362 1124 426 ΠΒ.
1146 365 1185 442 V,
1207 364 1291 426 GAP.
1313 364 1338 426 l.
1589 362 1649 425 ΜΠ

62 532 182 593 ducitur
193 548 231 592 ac
250 528 455 610 protruditur,
479 546 582 608 neque
602 529 717 590 solutas
736 534 829 609 atque
879 529 1016 609 ejusdem
1039 529 1177 592 Philonis
1197 539 1291 611 quam
1311 530 1495 591 ceterorum
1512 526 1649 609 pbiloso-

62 622 215 703 erpcditas
228 621 362 702 amplius
382 621 416 681 in
429 639 486 682 suc
504 627 654 701 potestate
677 622 830 684 motiones
878 621 1014 703 phorum
1033 625 1115 686 dicta
1141 636 1395 685 commemorare.
1418 620 1479 684 Sed
1500 639 1551 682 res
1572 622 1650 684 adeo

61 712 178 777 babet¹.
195 716 274 777 Cum
281 718 387 777 autem
399 716 570 776 secundum
583 720 728 775 naturam
741 733 830 775 suam
879 717 1012 777 contrita
1034 723 1089 793 est,
1105 721 1142 778 ut
1159 734 1200 777 ne
1220 716 1286 777 istis
1305 715 1431 796 quidem
1451 714 1558 795 paucis
1579 731 1649 794 quae

62 814 90 869 et
101 809 314 888 operationem
332 808 408 887 agit,
423 812 499 868 tunc
517 806 615 867 bbere
631 811 662 867 ct
678 825 734 867 suo
744 807 827 884 jure,
878 805 1049 887 attulimus,
1064 827 1105 871 ne
1119 809 1195 870 dum
1208 808 1351 890 pluribus
1364 812 1463 888 egeat.

62 917 97 960 ex
108 900 257 961 interiore
271 905 393 980 atquae
405 900 506 979 seipsa
519 903 672 974 movetur,
688 903 781 978 atque
794 899 829 960 in
919 902 964 963 Ex
977 902 1026 963 his
1042 907 1148 964 autem
1167 920 1289 964 summa
1301 904 1360 963 ista
1377 899 1571 962 concluditur
1587 919 1594 961 ι
1609 896 1647 961 li-

63 991 207 1069 ejusmodi
220 991 281 1053 boc
290 991 374 1071 quod
380 992 513 1053 dicimus
521 991 556 1052 in
565 996 671 1052 nostra
679 994 829 1071 potestate
878 992 990 1055 berum
1003 993 1168 1056 arbitrium
1177 995 1211 1055 in
1220 1013 1257 1056 ec
1267 995 1469 1055 constitutum
1482 1010 1547 1053 esse
1560 997 1597 1052 ut
1610 1010 1648 1053 ex

63 1083 191 1163 positam
206 1084 276 1144 sinc
298 1084 362 1145 ulla
385 1083 595 1145 mutronersia
616 1083 755 1145 cernitur
768 1092 825 1145 ι.»
878 1087 1028 1166 oppositis
1050 1092 1081 1148 et
1098 1087 1271 1164 contrariis,
1287 1103 1351 1146 uno
1370 1085 1495 1165 rejecto,
1515 1083 1649 1146 alterum

64 1176 136 1237 lum
149 1175 338 1254 quibusdam
351 1176 521 1255 interiectis
534 1176 589 1252 cit,
604 1182 717 1257 αἵρεσιν,
737 1176 830 1239 idest
877 1179 1004 1240 asciscat
1025 1186 1133 1261 suapte
1158 1182 1267 1260 sponte
1286 1198 1322 1239 ac
1344 1184 1435 1254 nutu,
1460 1195 1531 1238 cum
1554 1176 1648 1237 etiam

62 1266 219 1329 εῖειιῖονιονο
233 1272 265 1329 et
285 1269 462 1330 libertatem
484 1273 623 1329 nostram
646 1267 680 1327 in
698 1267 730 1329 id
745 1269 829 1349 qnod
877 1269 956 1332 illud
978 1270 1082 1351 ipsum
1104 1273 1188 1351 quod
1209 1272 1359 1350 rejectum
1379 1275 1435 1346 est,
1451 1270 1518 1350 pari
1541 1275 1648 1349 optare

63 1361 174 1421 bonum
188 1365 236 1422 est
253 1360 339 1437 terri,
359 1361 424 1422 sive
447 1376 556 1422 revera
568 1358 689 1421 bonum
710 1360 752 1422 sit
764 1362 829 1423 sive
873 1361 945 1441 jure
959 1364 1165 1444 amplectique
1178 1365 1285 1446 possit.
1302 1362 1408 1443 ltaque
1421 1368 1486 1422 tam
1500 1361 1649 1422 violentia

63 1451 203 1531 opinione
221 1450 309 1529 laisa,
329 1471 432 1532 neque
446 1453 481 1513 in
493 1452 673 1514 necessitate
687 1454 827 1533 compul-
878 1472 972 1532 quam
982 1456 1146 1517 necessitas
1157 1456 1265 1538 procul
1279 1455 1383 1517 abesse
1397 1454 1498 1528 debet,
1514 1468 1648 1532 quarum

64 1561 134 1619 sam,
156 1544 329 1623 cujusmodi
352 1545 408 1624 qui
427 1543 526 1605 fatum
547 1544 766 1621 adstruunt,in
779 1564 829 1608 res
877 1547 964 1625 prior
976 1554 1146 1628 spontanec
1160 1548 1296 1629 proprie,
1308 1555 1345 1607 nt
1355 1544 1421 1626 jam
1434 1544 1511 1621 diri,
1525 1549 1647 1606 conna-

64 1635 208 1697 humanas
219 1636 387 1698 invehunt.
876 1638 994 1716 riaest,
1010 1635 1518 1719 ntetjurisconsultisignificant⁸
1533 1637 1650 1698 :altera

98 1728 219 1789 Accedit
255 1732 287 1789 et
315 1729 457 1791 Plotinus
485 1728 660 1790 Platonicus
691 1729 828 1809 philoso-
876 1730 985 1792 libero.
1002 1733 1125 1794 Etenim
1143 1733 1294 1813 quidquid
1308 1732 1358 1792 vel
1371 1730 1410 1791 ab
1429 1735 1533 1791 coacto
1551 1729 1587 1790 fit
1599 1731 1650 1790 rel

65 1819 153 1898 phus'
167 1821 223 1900 qui
236 1830 426 1902 ιροινιαινοιιοι
447 1821 480 1882 id
499 1839 564 1882 esse
578 1822 653 1882 dicit
670 1823 779 1902 «quod
793 1822 830 1884 iit
877 1825 1061 1901 necessario,
1072 1843 1137 1885 non
1151 1825 1244 1886 estin
1257 1828 1406 1905 potestate
1416 1822 1514 1883 libera
1528 1828 1557 1882 et
1569 1822 1650 1883 arbi-

65 1930 122 1973 nou
135 1914 289 1974 violenter
308 1920 339 1975 ct
352 1930 425 1975 cum
443 1914 565 1982 notitia
581 1914 615 1975 in
634 1919 740 1975 nostro
754 1933 829 1976 vero
876 1916 938 1976 trio
952 1915 1092 1978 facientis
1105 1918 1252 1997 positum,
1266 1916 1340 1995 quia
1358 1913 1537 1975 uniusmodi
1551 1919 1597 1974 est
1613 1932 1650 1974 ac

65 2003 184 2066 arbitrio
198 2007 307 2083 murm,
321 2007 409 2085 cujus
418 2005 532 2084 agendi
545 2006 665 2067 domini
679 2024 825 2069 sumus.»
878 2007 1053 2085 definitum,
1068 2016 1104 2070 ut
1119 2008 1296 2089 Simplicius
1310 2008 1354 2068 ait
1368 2008 1401 2067 in
1421 2006 1649 2068 Commentario

66 2097 104 2156 dc
120 2097 264 2179 deinceps
286 2098 464 2179 plenissime
484 2098 522 2159 de
545 2102 658 2158 natura
679 2098 829 2162 libertatis
878 2096 918 2161 od
928 2098 1110 2181 Epictetum,
1128 2101 1182 2161 ubi
1192 2100 1229 2161 de
1243 2099 1341 2161 beatis
1350 2096 1508 2159 mentibus
1519 2096 1650 2177 loquens

66 2204 161 2266 agens,
185 2190 262 2251 huic
287 2190 496 2252 adversariam
523 2207 588 2251 esse
614 2191 829 2253 necessitatem
878 2197 972 2269 negat
989 2191 1099 2252 inillis
1122 2210 1186 2254 esse
1205 2208 1313 2253 revera
1326 2200 1475 2271 προαιρεσιν,
1491 2189 1583 2250 idest
1600 2208 1651 2251 ar-

67 2279 163 2341 doeet⁸
179 2289 276 2363 atque
303 2284 404 2363 ipsam
425 2282 461 2343 in
483 2301 520 2344 eo
538 2283 719 2359 consistere,
745 2286 829 2364 quod
878 2280 966 2344 diti-ii
981 2282 1149 2346 libertatem
1167 2287 1248 2345 cirea
1269 2298 1428 2344 summum
1447 2281 1566 2342 bonum
1587 2300 1650 2361 quo

67 2372 177 2454 ιίοιςίῐ
193 2380 230 2436 ut
243 2377 279 2436 in
298 2378 448 2457 potestate
466 2393 524 2436 sua
544 2376 658 2436 habeat
675 2376 829 2438 actionem
877 2374 1035 2453 fruuntur,
1051 2374 1201 2457 quoniam
1227 2377 1450 2438 «voluntatem
1469 2391 1535 2434 uno
1558 2374 1650 2435 modo

68 2464 144 2526 nulla
155 2468 336 2529 necessitate
349 2468 558 2528 constrictam.
574 2467 673 2542 Quam
687 2469 742 2548 qui
757 2488 830 2530 eum
878 2473 909 2529 et
923 2469 990 2530 sine
1000 2469 1149 2530 contrarii
1162 2474 1312 2550 potestate
1326 2469 1362 2528 in
1377 2466 1454 2529 illud
1467 2465 1587 2528 bonum
1600 2466 1652 2529 de

68 2554 195 2619 libertate
207 2559 365 2621 coherere
380 2564 491 2640 putant
504 2577 632 2620 «revera
646 2559 828 2622 liberiarbi·
877 2559 973 2621 fixam
984 2557 1165 2622 umenti.»
1187 2561 1225 2621 Et
1246 2559 1432 2641 qmbusdam
1449 2559 1650 2639 interpositis,

68 2647 115 2707 trii
126 2654 271 2712 naturam
284 2668 320 2713 ac
333 2652 494 2713 notionem
510 2651 576 2731 ejus
590 2652 674 2730 quod
687 2652 721 2712 in
739 2653 830 2714 uobis
878 2655 985 2712 contra
993 2650 1093 2714 iatum
1106 2654 1267 2733 disputans
1280 2651 1392 2733 probat
1404 2670 1469 2713 non
1483 2668 1582 2731 posse,
1597 2650 1651 2712 illo

69 2739 152 2801 sitnm
177 2743 311 2820 dicitur,
340 2747 478 2805 evertere
505 2762 542 2804 ac
567 2761 658 2804 voces
680 2762 829 2823 usurpare
878 2744 989 2822 posito,
1006 2750 1146 2805 constare
1159 2744 1345 2820 libertatem,
1363 2744 1486 2804 tametsi
1500 2743 1565 2803 vim
1579 2744 1651 2804 nul-

69 2846 162 2894 rrrnm
174 2833 320 2897 inanium
332 2836 525 2915 minimeque
542 2837 776 2898 consistentium
785 2836 826 2899 l.»
878 2835 942 2896 iam
960 2836 1069 2898 afferre
1083 2837 1215 2912 dicatur,
1236 2836 1325 2914 cujus
1337 2836 1383 2896 rei
1397 2835 1551 2896 rationem
1571 2834 1653 2897 banc

104 2926 177 2987 Vlll.
198 2927 289 2988 Pbilo
316 2928 445 2989 Judeus
469 2927 621 2989 libertatis
647 2928 830 3009 arbitriique
879 2926 991 3003 reddit,
1007 2928 1091 3007 quod
1105 2927 1145 2988 ad
1159 2927 1281 2988 diversa
1300 2936 1332 2989 et
1353 2927 1507 2988 cornaria
1520 2926 1652 2989 liberam

71 3012 149 3077 liberi
178 3023 326 3081 neutram
357 3019 468 3081 eodem
499 3020 628 3081 metitur
652 3039 766 3100 genere
787 3028 831 3081 τοῦ,
880 3023 1062 3098 potestatem
1085 3019 1196 3099 eripiat
1209 3024 1240 3079 et
1258 3018 1437 3079 uniusmodi
1456 3036 1490 3079 re
1512 3018 1653 3080 volanta-

71 3113 189 3192 ttcptpoo
209 3110 407 3191 indiffermtis
421 3128 479 3172 nec
492 3113 664 3173 necessario
684 3112 829 3173 determi-
878 3116 943 3171 tem
957 3111 1197 3171 circumscribat.
1215 3110 1402 3185 «Quomodo
1412 3111 1519 3190 igitur,
1534 3109 1649 3190 inquit,

71 3201 138 3276 nati,
159 3203 213 3264 sed
237 3203 377 3283 suspensi
400 3204 493 3264 etad
515 3208 685 3283 utrumque
707 3210 830 3265 eontra·
879 3202 975 3263 altum
988 3202 1023 3264 in
1036 3202 1201 3264 nobiscrit
1220 3203 1279 3262 hoc
1299 3202 1349 3263 vel
1370 3202 1424 3263 illo
1447 3202 1540 3263 modo
1561 3221 1653 3282 appe-

72 3288 187 3371 riorum,
202 3297 457 3376 oppositorumve
474 3299 658 3375 potestatem
674 3296 829 3358 habentis.
879 3297 957 3372 tere,
978 3295 1005 3355 si
1027 3294 1156 3355 omnino
1177 3312 1300 3356 neeesse
1321 3296 1367 3355 est
1389 3295 1454 3355 sive
1476 3292 1652 3355 volentibus

73 3381 586 3450 Utintmctatudelmmctciilitote
598 3387 665 3457 Dei,
681 3388 829 3466 bominis,
880 3386 944 3447 slve
963 3386 1142 3447 nolentibus
1155 3386 1245 3447 nobis
1259 3403 1322 3447 una
1338 3391 1369 3446 et
1386 3385 1513 3446 definita
1531 3387 1652 3447 ratione

73 3473 274 3550 sitammam
296 3496 395 3540 unam
417 3496 455 3540 ex
473 3479 620 3541 omnibus
642 3479 774 3541 liberam
792 3481 832 3541 ad
879 3477 915 3538 in
936 3479 996 3540 boc
1019 3477 1069 3539 uel
1089 3479 1148 3540 boe
1178 3478 1386 3558 expetendum
1408 3477 1613 3539 intendere‘?
1633 3501 1649 3537 ν

72 3572 226 3650 unumque
245 3572 418 3633 motionem
440 3590 460 3633 a
479 3572 543 3632 Dec
556 3588 621 3633 esse
643 3573 785 3634 sortitam
801 3579 833 3635 et
880 3568 979 3649 igitur
992 3579 1022 3633 τι
1036 3576 1170 3651 μονοειδὲς,
1180 3570 1240 3631 hoc
1249 3575 1305 3647 cst,
1322 3571 1406 3650 quod
1417 3570 1547 3631 unicum
1556 3589 1592 3632 ae
1601 3588 1654 3632 nc

73 3656 106 3717 sb
121 3660 297 3725 necessitate
311 3664 418 3739 eximi,
434 3672 528 3744 atque
547 3663 583 3724 in
602 3682 639 3725 eo
662 3664 753 3725 sitam
767 3683 832 3727 esse
880 3662 1010 3723 cessario
1024 3662 1265 3724 determinatum
1278 3662 1345 3723 sine
1358 3662 1423 3723 ulla
1436 3662 1653 3725 contrarietate
1715 3697 1722 3706 ·

73 3748 297 3835 Detlmaginem
307 3764 330 3817 ⁰.
347 3756 389 3816 Ac
407 3755 540 3817 subinde
555 3755 751 3818 hominema
769 3757 831 3818 Deo
880 3754 1077 3835 proponitur,
1093 3770 1165 3815 eum
1183 3754 1324 3816 libertate
1342 3758 1472 3834 pugnat,
1488 3754 1552 3814 sire
1566 3753 1655 3816 nulla

74 3848 195 3906 ueamm
202 3846 285 3925 juris
297 3848 348 3908 sui
361 3852 393 3908 et
406 3847 538 3923 arbitrii,
555 3853 592 3909 ut
603 3848 787 3910 voluntariis
796 3866 832 3911 ac
880 3847 921 3908 sit
947 3847 982 3907 in
1006 3845 1180 3925 objectare
1206 3847 1286 3907 circa
1313 3862 1408 3925 quam
1430 3846 1563 3926 agimus,
1589 3846 1653 3907 sive
1745 3876 1749 3879 ·

74 3940 238 4012 spontaneis
259 3938 433 4001 actionibus
456 3940 490 4000 in
515 3940 598 4002 bona
622 3940 753 4019 malave,
773 3940 831 4001 ho·
880 3938 967 4000 nulla
980 3938 1015 3999 in
1028 3938 1149 3999 actione
1163 3937 1335 3999 diversitas.

75 4032 149 4090 nata
164 4029 213 4091 vel
235 4031 351 4111 impia,
370 4031 500 4092 virtutes
517 4036 572 4093 aut
591 4031 668 4093 vitia
685 4031 829 4094 ferretur.
921 4030 972 4091 lX.
996 4031 1049 4091 Est
1063 4030 1159 4104 enim,
1175 4029 1258 4089 utin
1273 4029 1384 4091 scholis
1398 4027 1574 4109 philosophi
1588 4028 1651 4090 dis-

75 4116 149 4189 Quod
172 4140 212 4183 ex
230 4121 454 4185 deuteronomii
477 4125 546 4185 loco
574 4123 628 4185 illo
656 4124 830 4202 confirmat,
880 4129 998 4197 serunt,
1013 4121 1165 4182 libertatis
1173 4138 1272 4201 genus
1281 4121 1406 4201 duplex.
1419 4120 1560 4182 Alterum
1569 4121 1653 4199 quod

75 4224 156 4287 quem
163 4214 255 4295 paulo
264 4220 335 4295 post
347 4215 508 4277 adducam.
521 4217 645 4277 Possem
654 4222 685 4277 et
693 4216 756 4277 alia
767 4220 833 4277 tam
882 4214 963 4276 circa
976 4214 1112 4275 diversas
1122 4231 1173 4275 res
1186 4214 1365 4294 occupatur,
1381 4228 1515 4295 quarum
1528 4211 1568 4274 ad
1581 4210 1654 4273 clte-

106 4454 254 4511 aSmuc.
274 4455 321 4511 Καὶ
332 4453 443 4528 ἡλογιοιὴ
462 4455 489 4511 tl
506 4455 583 4529 ψυχὴ,
603 4456 662 4510 ὅταν
681 4455 725 4528 μὶν
744 4453 831 4523 taric
917 4453 1055 4510 cPalbo:
1074 4453 1147 4522 Μόνη
1157 4451 1210 4521 dii]
1229 4452 1357 4526 ἀνθρώπου
1371 4451 1437 4526 topi
1450 4450 1567 4525 δεξαμένη
1586 4455 1653 4528 παρὰ

78 4527 186 4606 ἶνδῷτοῖς
194 4539 302 4615 σώμασι,
313 4538 354 4592 καὶ
373 4540 426 4601 τοῖς
436 4536 545 4610 ἀλόγοις,
555 4538 597 4593 καὶ
611 4540 664 4600 τοῖς
681 4540 833 4611 σωματικοῖς
880 4537 935 4591 θεοῦ
948 4536 992 4606 τὴν
1015 4535 1124 4592 ἑκούσιον
1148 4536 1253 4605 κίνησιν,
1267 4535 1309 4589 καὶ
1327 4534 1391 4589 κατὰ
1411 4540 1485 4590 τοῦτο
1504 4535 1653 4608 ὁμοιωθεῖσα

76 4618 185 4689 κινήμασι,
205 4618 246 4677 κεῖ
262 4616 323 4689 αι’ντὴ
342 4623 576 4693 νευροσπαστεῖται,
595 4618 637 4675 καὶ
655 4618 770 4687 ὠθεῖται,
791 4620 831 4673 καὶ
881 4620 1080 4693 αὖτῷ,χαλειιῆς
1095 4621 1135 4673 καὶ
1154 4619 1342 4693 &praitoria-qe
1355 4619 1494 4689 δεσποίνης,
1516 4623 1559 4686 τῆς
1580 4618 1654 4693 ἂνάγ-

77 4694 145 4754 datu
153 4701 237 4757 εὔλυτα
246 4700 284 4777 ἔφ’
295 4698 369 4778 {carpi
378 4703 430 4778 ἔχει
440 4703 471 4757 τὰ
480 4705 611 4776 κινήματα·
619 4705 678 4757 ὅταν
685 4702 778 4758 timet
787 4703 831 4773 τὴν
880 4724 933 4772 νιος,
947 4703 981 4767 ὡς
990 4696 1045 4757 οἶόν
1057 4722 1084 4758 τι
1093 4701 1284 4776 batanaeae.

78 4772 226 4857 ἕωτῖςφύσιν
240 4786 282 4840 καὶ
300 4774 421 4860 hippuros
441 4780 541 4859 ἔνεργεῖ,
560 4786 618 4840 τότε
636 4780 773 4858 battere,
790 4788 831 4840 καὶ
915 4785 1074 4843 dSrsruc.
1095 4785 1142 4838 Καὶ
1162 4785 1205 4855 τὴν
1226 4787 1317 4859 αἵρεσιν
1338 4787 1472 4858 μονοειδῶς
1492 4785 1551 4858 πρὸς
1575 4783 1653 4838 ἐκεῖνο

78 4860 220 4931 αὖῐῑξννιιίονς
238 4868 333 4923 {vicies
361 4869 403 4941 ἀφ’
423 4868 510 4937 icariis
536 4871 648 4923 κινεῖται·
668 4868 709 4922 καὶ
729 4866 768 4923 ἐπὶ
789 4874 832 4937 τῆς
880 4868 1122 4943 τεταμινηνέχοοσι.

78 4947 214 5089 imprimi
223 4950 261 5091 tpi’
269 4952 692 5092 ἠμῖνθόμᾶιῖμιρμιὶιῗναμφῖλενιτομὸ
719 5035 733 5087 δ
758 5034 789 5088 λά
908 4968 936 5088 oq
949 4951 990 5008 ld.
1003 4953 1072 5088 tlir'ip‘q
1078 4947 1121 5005 civ
1131 4949 1168 5085 {p
1181 4951 1242 5025 ἡμῖν
1262 4951 1373 5087 ξοταιλτὸ
1382 4951 1590 5104 ἕτοῖωςὲἓτιὲῖοὲζ
1597 4949 1652 5085 dpi.

79 5107 193 5179 ᾶντῖτνιιός
200 5074 237 5183 τι,
249 5050 290 5171 gi
299 5074 408 5190 decipere,
419 5074 462 5172 itai
482 5049 681 5185 abstinuistis
693 5033 748 5171 ςτοῦὴ
764 5054 832 5172 ἔαξεξ
880 5035 1333 5191 Evoii'ttranpoibbtam*ababli
1346 5052 1457 5170 οτῗδζωτςὲ
1479 5053 1579 5188 ὀρεῖται
1591 5052 1652 5169 ιἶὶιιῖ·

78 5190 379 5265 αῖοντι,ιαὶαῖνιεξοοσῖον
394 5201 473 5272 φύσιν,
494 5201 536 5254 καὶ
554 5200 598 5269 τὴν
611 5196 707 5254 ἔννοιαν
727 5204 770 5254 τοῖν
794 5199 832 5273 ἔμ’
881 5200 1015 5267 tetresse

78 5270 294 5357 intrateper·
305 5283 341 5346 ὣς
362 5284 441 5355 μάτην
460 5276 524 5337 εἶναι
542 5286 618 5339 ταῖντα
635 5275 766 5357 λέγεσθαι,
791 5283 832 5337 καὶ

80 5360 498 5440 Μᾶειραγμάτωνᾶννποοτάτων.

103 5546 184 5596 tam.
196 5553 212 5597 ν.
225 5552 252 5597 ιι.
265 5554 311 5599 sa.
324 5564 364 5597 m.
377 5575 404 5585 -
416 5552 431 5596 s
441 5555 498 5599 aaa.
512 5553 533 5598 ι.
543 5552 583 5598 ιον.
597 5552 653 5597 vui.
662 5565 681 5597 ο.
695 5563 710 5596 ι.
723 5551 775 5598 -ο
786 5551 838 5608 cap.
848 5563 889 5598 m,
900 5551 951 5597 -r
965 5551 1013 5597 ιιι.
1028 5551 1063 5598 ιν.
1075 5551 1101 5595 o.
1113 5551 1142 5595 aa
1153 5552 1228 5597 τινα.
1246 5536 1339 5596 nebit.
1350 5548 1373 5593 a
1384 5540 1402 5595 t.
1417 5538 1478 5595 xiv.
