4096 6190
418 352 468 414 ns
488 352 562 414 oso
583 351 726 425 anons
745 348 1085 429 ruoraruraviaua
1107 354 1179 416 us.
1202 355 1268 429 vu,
1291 354 1374 416 car.
1396 354 1482 436 xii„
1678 354 1732 413 ιιι

144 535 249 591 muris,
269 539 285 577 ιι
305 519 422 598 Siquis
439 520 537 581 Deum
551 518 649 593 novit,
670 523 724 579 aut
737 516 915 594 cognovisse
966 534 1074 578 omnes
1082 518 1150 579 illas
1160 519 1296 592 ἐπιφανείας
1306 538 1361 599 per
1374 519 1499 597 angelos
1510 518 1737 579 administratas
1766 529 1899 582 sansan-

144 610 335 712 pcrhibctur,
356 618 483 673 catenus
495 611 649 689 cognovit,
666 615 818 688 quatenus
838 608 915 668 uhe-
966 608 1059 670 fuisse
1086 611 1163 685 vuit,
1180 617 1330 691 tamquam
1345 619 1553 691 αὐτοτροοώπως,
1579 629 1614 670 ac
1635 629 1690 689 per
1703 629 1736 669 se
1794 585 1872 628 '‘m''

144 701 235 765 nocis
247 702 420 781 splendoris
432 703 584 782 particeps
598 702 647 767 sit.
672 719 766 780 quam
783 701 837 779 qui
857 701 915 761 mi·
966 702 1047 762 Deus
1070 720 1134 762 sese
1154 703 1215 762 iilis
1238 721 1303 762 non
1326 702 1483 780 objecerit.
1522 702 1610 775 Quod
1629 708 1735 762 tamen

146 811 206 855 nus
218 794 297 857 lucis
321 795 469 857 divinitus
488 795 613 873 accepit.
640 795 684 853 lta
702 792 918 871 exsuperantia
967 795 1178 855 moderatione
1193 794 1311 873 'aliqua
1342 793 1581 872 temperandum
1599 793 1733 867 videtur,

145 883 222 957 hae,
253 885 355 964 plena,
380 892 412 949 et
433 886 573 948 numeris
607 885 752 947 omnibus
777 884 918 945 absoluta
965 886 998 946 id
1013 887 1180 965 quodalibi
1193 884 1374 951 sadcmusl.

146 977 280 1055 cognitio
290 978 458 1053 habitaeat,
466 997 531 1039 non
540 976 913 1055 adrciipsiusveritatsm,
1006 978 1170 1056 Gregorius
1189 978 1264 1041 item
1291 980 1448 1057 Nyssenus
1473 976 1526 1036 iih.
1557 977 1611 1037 Xli
1631 984 1735 1037 contro

145 1068 199 1129 sed
212 1070 251 1131 ad
274 1070 408 1133 ιιίίοιιιιιι
421 1070 595 1139 modulum,
617 1073 648 1128 st
661 1067 917 1145 bcultatemper-
965 1068 1157 1145 Eunomium,
1185 1070 1313 1130 uberem
1339 1069 1377 1129 de
1396 1070 1456 1131 hoc
1480 1068 1547 1149 ipso
1562 1068 1735 1131 orationem

144 1171 271 1240 pensa0.
284 1184 300 1219 a
318 1161 641 1236 Qriodsubindclatius
654 1160 791 1239 exponit.
806 1159 917 1219 Probat
966 1164 1140 1241 expromit,
1167 1182 1202 1223 ao
1227 1162 1414 1223 nominatim
1437 1160 1650 1235 dbraamum,
1680 1160 1734 1239 qui

144 1253 178 1313 id
197 1272 272 1315 vero
295 1255 423 1319 Basilius
436 1254 581 1315 adversus
604 1251 794 1313 Ennomium
814 1251 917 1329 dispu-
966 1255 1075 1329 Deum,
1095 1262 1248 1334 quatenus
1261 1255 1448 1334 inpraesenti
1462 1253 1527 1313 vita
1539 1252 1674 1333 conspici
1689 1251 1734 1312 fas

145 1350 225 1419 tans,
242 1347 322 1409 utin
344 1346 468 1427 Eclopis
495 1344 589 1405 refert
609 1345 744 1407 loannes
758 1343 917 1404 Damasco
965 1351 1026 1421 est,
1054 1347 1165 1408 vidisse
1190 1348 1313 1426 legitur,
1336 1363 1401 1405 non
1423 1346 1523 1424 ipsam
1536 1344 1603 1423 ejus
1624 1344 1734 1407 vidisse

146 1455 217 1509 nus,
243 1438 303 1501 hoc
321 1442 516 1516 argumento,
534 1435 647 1514 «quod
667 1435 794 1495 diversis
808 1453 917 1496 omnes
965 1438 1167 1501 substantiam
1195 1432 1395 1501 demonstrat.
1426 1437 1634 1515 accurateque
1650 1435 1734 1505 idem

145 1530 246 1589 modis
279 1531 437 1609 prophetie
473 1529 620 1590 viderunt
656 1529 765 1588 Deum.
794 1527 916 1587 Etenim
965 1531 1053 1590 docet
1079 1530 1210 1609 cyrillus
1234 1529 1460 1591 Alexandrinus
1482 1528 1562 1591 libro
1589 1545 1674 1589 nono
1702 1527 1734 1587 in

146 1622 227 1681 Deus
240 1621 436 1700 estsimplex,
452 1627 483 1681 et
506 1639 571 1681 nou
596 1620 794 1698 compositus,
815 1636 915 1696 neque
963 1622 1117 1683 loannem.

145 1712 279 1790 figlinam
303 1713 407 1777 hahet.
435 1712 475 1773 at
507 1712 561 1773 iiia
588 1711 687 1771 varias
714 1710 916 1771 intuebantur
1005 1717 1096 1776 Recte
1116 1715 1251 1793 idipsum
1267 1713 1378 1793 prohat
1401 1718 1508 1773 auctor
1539 1712 1735 1787 Ouestc'ooum

144 1804 291 1882 figurasl.
333 1826 349 1863 ο
381 1804 498 1865 ibidem
536 1820 661 1882 quoquc
695 1803 913 1877 Damasccnus,
965 1805 1005 1866 cd
1027 1805 1213 1873 Antiochum,
1237 1822 1307 1884 quae
1344 1804 1426 1864 inter
1453 1804 1612 1864 Athanasii
1639 1821 1735 1882 opera

145 1897 347 1959 Severianum
378 1895 595 1959 Gabalitanum
619 1894 797 1973 episcopum
830 1894 913 1967 citat,
965 1898 1058 1959 clusae
1071 1903 1153 1971 sunt,
1170 1916 1209 1958 ex
1222 1915 1270 1965 eo,
1283 1896 1367 1975 quod
1380 1895 1734 1974 longopostprophetas

145 1988 200 2066 qui
222 1989 262 2048 oh
279 1988 421 2050 eamdem
435 2005 561 2049 causam
575 1986 729 2047 existimat
750 1985 916 2063 prophetas
964 1990 1042 2063 ilios,
1056 1995 1086 2049 et
1107 1989 1304 2068 patriarchas,
1321 2005 1492 2065 eorumque
1505 1986 1639 2047 visiones
1650 1992 1730 2046 tem·

143 2080 283 2143 divinam
296 2081 396 2159 ipsam
422 2079 586 2141 essentiam
609 2096 673 2137 non
694 2077 816 2151 vidisse,
832 2078 916 2155 quod
964 2100 1039 2162 pore
1048 2083 1183 2141 loannes
1193 2079 1386 2157 Evangelista
1397 2078 1601 2138 nihilominus
1609 2077 1731 2153 dixerit,

143 2172 360 2233 multimodis
387 2171 507 2232 abillis
524 2190 562 2231 cs
575 2170 814 2249 conspiceretur·
964 2174 1058 2237 Deum
1079 2192 1163 2233 nemo
1177 2170 1252 2232 cciiii
1274 2189 1416 2251 nuquam.
1433 2172 1469 2230 Et
1484 2169 1612 2229 Paulus:
1644 2169 1734 2244 (inem

183 2265 222 2326 V.
238 2264 371 2342 cyrillus
384 2263 684 2341 Hierosolymitanus
705 2261 855 2321 catechesi
869 2278 911 2333 ni,
964 2285 1046 2326 αοαιο
1071 2264 1220 2325 lucrinum
1252 2261 1335 2330 cidit,
1363 2261 1411 2322 secl
1435 2281 1485 2321 occ
1506 2260 1602 2322 uidere
1624 2268 1732 2340 potest.

143 2357 283 2418 indidem
308 2375 431 2436 ιμιοιγιιο
450 2356 488 2417 de
514 2355 671 2433 prophetis
697 2353 730 2413 id
750 2351 912 2431 approbet,
965 2359 1065 2432 Quare
1078 2379 1093 2417 ιι
1106 2357 1222 2432 nulius,
1249 2353 1359 2433 inquit,
1382 2354 1547 2414 hominum
1561 2357 1661 2432 potest
1680 2354 1735 2412 Dei

142 2450 229 2527 quod
242 2449 392 2527 scriptum
415 2448 471 2507 stt:
487 2444 580 2507 Nemo
604 2444 712 2524 [σεῖσαι
725 2463 819 2505 mcum
840 2442 917 2504 vidc-
964 2450 1170 2511 substantiam
1181 2448 1298 2509 nudam
1321 2464 1453 2525 nsquam
1467 2464 1604 2506 cernere.
1617 2445 1734 2505 Verum

144 2539 222 2607 hta
249 2548 279 2601 ct
307 2540 396 2601 oinct.
426 2540 507 2601 Tum
534 2537 635 2598 addit:
662 2535 847 2613 cSingulnri
861 2536 916 2596 Dei
966 2545 1046 2603 [teus
1067 2543 1106 2602 ad
1124 2542 1296 2602 humanam
1307 2557 1339 2599 so
1358 2538 1523 2599 demittens
1540 2536 1733 2601 imbecillita-

142 2632 335 2710 benignitatc
361 2631 478 2705 facturn
510 2647 586 2705 esse,
615 2633 651 2689 ut
673 2627 827 2689 divinitati
852 2645 915 2689 suoe
965 2640 1039 2711 tem,
1065 2634 1123 2694 sub
1150 2632 1277 2693 divorsis
1295 2630 1404 2709 iigiuis
1426 2630 1585 2709 prophetis
1605 2646 1735 2708 appare·

142 2729 294 2803 nuquam
315 2723 419 2785 velum
439 2721 561 2782 coeieste
586 2737 699 2798 corpus
713 2719 913 2798 appenderet,
965 2725 1079 2788 isati.»
1105 2726 1183 2785 Vide
1208 2730 1239 2785 at
1263 2724 1422 2801 dialogum
1445 2722 1573 2783 tertium
1599 2721 1736 2782 Macedo·

143 2834 253 2877 nenos
267 2816 502 2895 pertremisco
964 2820 1061 2892 niani,
1091 2823 1122 2878 et
1144 2817 1307 2877 orthodoxi
1330 2815 1364 2875 in
1377 2814 1485 2874 eodem
1505 2819 1590 2874 tomo
1605 2830 1735 2891 operum

185 2909 375 2988 Epiphanius
401 2925 475 2971 varo
500 2906 534 2969 in
554 2903 664 2965 heresi
687 2901 914 2965 Audtonocnnc²
964 2910 1134 2973 Athanasii,
1218 2891 1225 2904 ”

143 3002 269 3080 copiose
280 3002 318 3061 de
332 3002 391 3063 hoo
402 3002 586 3076 argumento
599 2996 673 3073 agit,
694 3014 729 3055 ac
742 2994 911 3073 prophetis,
1004 3001 1190 3063 Phoehadius
1201 3015 1323 3079 quoque
1338 2998 1372 3057 in
1382 2996 1464 3058 libro
1478 3004 1580 3057 contro
1594 2993 1732 3061 Arianos,

143 3092 336 3172 patriarchis,
365 3110 401 3153 αα
425 3090 543 3169 efflictis
567 3105 640 3147 vere
668 3086 796 3165 quidem
823 3104 915 3165 appa·
962 3092 1105 3155 rcieliens
1141 3092 1184 3166 id,
1223 3091 1306 3169 quod
1340 3088 1385 3149 ilii
1414 3086 1608 3165 jactitabant,
1633 3085 1734 3149 solum

142 3197 242 3255 ruisse
264 3196 363 3269 docet,
389 3212 453 3253 non
474 3198 580 3253 minen
602 3190 694 3250 utin
707 3207 772 3250 sese
792 3188 912 3263 cst,sed
964 3188 1063 3247 Deum
1087 3184 1200 3244 Filium
1222 3179 1439 3260 aspectabilem
1453 3196 1533 3251 essa3
1549 3178 1735 3238 Patrcmau⁴

142 3305 207 3364 qim
217 3286 315 3347 voluit
328 3285 439 3364 specie.
464 3284 526 3343 Nae
544 3282 648 3342 minus
662 3282 909 3360 chrysostomus,
960 3285 1025 3341 tam
1036 3276 1135 3337 videri
1147 3294 1212 3335 non
1224 3291 1323 3354 posse,
1337 3271 1466 3346 «Quasi,
1477 3269 1588 3347 inquit,
1602 3285 1734 3346 usquam

143 3384 175 3439 et
187 3379 221 3438 in
234 3378 282 3439 his
290 3377 386 3450 libris,
409 3393 487 3455 quos
499 3380 605 3435 contra
624 3374 791 3434 Anomoeos
809 3371 913 3431 elucu·
961 3369 1157 3431 inveniamus
1169 3366 1218 3427 vel
1241 3364 1353 3426 Filium
1375 3363 1441 3423 sine
1463 3359 1733 3438 transfiguratione

142 3470 255 3545 hiavit,
271 3475 414 3548 utsupra
438 3467 649 3540 meminimus,
677 3469 709 3524 et
730 3464 764 3523 in
785 3461 913 3522 homilia
961 3461 1054 3523 fuisse
1087 3458 1251 3530 visibilem,
1283 3461 1450 3535 antequam
1475 3453 1558 3513 Patri
1583 3451 1729 3513 obediens

142 3580 195 3637 xv,
210 3562 242 3622 ιίι
255 3561 407 3635 donnana,
432 3565 463 3619 et
484 3558 573 3619 initio
596 3555 732 3617 homiliae
757 3554 866 3633 prima
879 3553 912 3612 in
962 3553 1050 3613 lieret
1061 3571 1100 3613 ex
1113 3551 1283 3611 stemma
1300 3564 1508 3627 corporeus»)
1526 3545 1614 3619 Quod
1629 3543 1733 3623 singil-

143 3654 307 3734 epistolam
331 3652 371 3712 cd
388 3649 540 3712 Hebrccoc.
560 3649 604 3709 Ac
618 3646 732 3726 passim
758 3646 838 3705 hanc
856 3645 910 3704 Dei
961 3644 1049 3707 latim
1063 3644 1176 3705 deinde
1189 3638 1330 3722 probat&

142 3746 294 3808 visionem
309 3750 561 3823 κατὰωγιατάόαοιν
576 3758 640 3800 esse
661 3737 774 3798 iactam
796 3753 914 3796 asseve-

141 3844 202 3912 rat,
211 3836 383 3915 etimagine
391 3842 492 3902 tenus,
503 3852 567 3893 non
576 3829 912 3908 secundumpropriam

142 3930 366 4002 substantiam
395 3927 445 3988 cui
468 3930 499 3986 at
525 3923 633 3998 Graeci,
663 3922 718 4000 qui
745 3925 815 3999 post
838 3938 912 3981 eum

142 4023 342 4101 scripserunt,
381 4018 601 4079 assentiuntur.
639 4012 848 4091 Adstipulaior
881 4017 912 4072 et

115 4100 308 4192 ⁵Dionysius
340 4110 466 4185 accedit,
494 4106 666 4187 praesertim
690 4105 724 4164 in
759 4102 857 4182 capite
880 4118 911 4162 ιν

141 4205 216 4267 libri
236 4203 272 4265 dc
297 4201 509 4264 Ecclesiastico
531 4196 721 4269 Hieraccbia,
738 4188 910 4274 qui'etiam

180 4582 200 4621 a
219 4564 285 4623 Niz-
300 4563 375 4618 Oiai.
390 4575 484 4616 mlv.
504 4557 580 4612 Ὥστε
600 4558 641 4610 καί
662 4554 685 4609 εἴ
706 4573 742 4616 τις
762 4553 826 4625 ἔγνω
843 4552 911 4619 θεόν,
998 4566 1012 4605 c
1031 4549 1124 4604 Ciuis.
1146 4547 1258 4601 uranos.
1274 4541 1341 4599 Coc.
1362 4558 1398 4607 lx.
1414 4540 1504 4599 initio.
1524 4538 1570 4595 Διὰ
1584 4543 1657 4594 τοῦτο
1668 4543 1731 4595 κατὰ

140 4652 156 4718 ll
174 4648 304 4721 ἐγνωκέναι
319 4644 516 4717 μεμαρτύρηται,
536 4644 652 4695 τοσοῦτον
668 4637 747 4708 ἔγνω,
763 4638 820 4689 όσον
834 4635 912 4688 ἄλλοι
961 4633 1006 4700 τὴν
1022 4631 1136 4704 μεγίστην
1151 4627 1226 4682 αθτοΰ
1244 4624 1425 4698 φιλανθρωπίαν
1444 4624 1458 4676 ό
1478 4623 1531 4685 θοός
1551 4624 1731 4696 παραπέτασμα

141 4731 177 4804 μὴ
193 4723 222 4785 τό
234 4728 288 4783 ίσον
301 4726 496 4797 ἔλλαμρθέντος,
518 4728 620 4794 φανῆναι
634 4720 853 4791 ρωτοειδίστερος,
872 4717 911 4769 καί
961 4720 1004 4783 τῆς
1018 4713 1108 4775 οἰκείας
1121 4714 1235 4780 θεότητος
1248 4707 1347 4770 litteris
1361 4707 1403 4762 cbo
1418 4706 1537 4778 οὐρανόν,
1555 4706 1598 4758 ‘iva
1618 4706 1651 4777 μὴ
1667 4705 1728 4761 ἀπο.

140 4819 187 4869 rui
202 4811 366 4883 θπερόάλλον,
387 4808 470 4861 τέλεον
493 4804 608 4877 ἐνομίσθη
623 4802 651 4855 σθ
666 4806 695 4874 τῇ
711 4800 827 4870 ἀληθείᾳ,
842 4804 872 4871 τῇ
886 4799 912 4852 ci
960 4798 1070 4868 λώμιθα.

139 4902 187 4950 τοῦ
201 4893 307 4961 πλησίον
319 4892 418 4962 δυνάμει
429 4887 667 4960 παραμετροόμενον.
996 4879 1017 4934 d
1035 4882 1138 4946 Quaesi-
1154 4891 1248 4939 xxiiii,
1269 4874 1310 4931 ad
1321 4876 1390 4928 Aret.
1410 4870 1486 4925 Ὥστε
1502 4870 1579 4933 silisis
1595 4872 1729 4944 ἀνθρώπων

179 4978 301 5034 bBisu..
321 4973 394 5045 apud
410 4973 487 5028 Daui.
504 4973 537 5025 tu
550 4968 651 5039 Ecloq.
669 4967 711 5022 tii.
733 4981 827 5022 xcviii.
848 4962 911 5016 Ὅτι
960 4960 1061 5015 ὃόναται
1081 4962 1135 5013 θεοῦ
1157 4957 1241 5011 οὐσίαν
1259 4956 1354 5029 γυμνὴν
1377 4954 1435 5009 ἰδεῖν
1457 4953 1575 5025 οὐδαμοῦ·
1591 4952 1730 5025 ἀλλὰπρὸς

140 5062 190 5134 γὰρ
206 5060 287 5113 πάντα
301 5057 379 5110 lasivs
398 5053 574 5126 σιιγιιατάόαοις
594 5048 643 5118 ἦν,
667 5050 707 5102 καί
728 5048 846 5120 ἀκραιφνῆ
866 5045 910 5112 τὴν
960 5045 1004 5112 τὴν
1026 5049 1075 5097 τῶν
1098 5042 1231 5113 ἀνθρώπων
1256 5039 1379 5092 ἀσθένειαν
1407 5037 1619 5108 συγκαταόατικιῖις
1642 5037 1729 5099 terh

141 5144 226 5200 οὗσίαν
246 5141 324 5202 οὐδεὶς
342 5133 416 5208 τίθεν,
439 5134 463 5197 ἐξ
485 5134 580 5189 ἐκείνων
592 5135 678 5201 δῆλον,
694 5130 719 5186 bc
733 5135 776 5184 τοῦ
791 5130 912 5201 διαφόρως
960 5126 1172 5199 σχηματιζόμενος
1185 5124 1239 5185 τοῖς
1249 5123 1383 5193 προφήταις
1397 5119 1517 5191 ἐφαίνετο.

141 5228 245 5283 ἕκαστον
260 5224 330 5296 όρᾷν.
344 5223 358 5275 ό
371 5221 419 5294 γὰρ
433 5219 462 5286 δὴ
477 5218 530 5279 θεὸς
544 5217 653 5279 ἁπλοῦς,
667 5216 708 5268 καί
722 5214 858 5274 ασθνθετος,
872 5212 911 5263 καὶ

142 5309 340 5382 ἀσχημάτιστος·
353 5303 420 5358 οότοι
434 5301 461 5355 δὲ
469 5301 557 5362 πάντας
563 5300 679 5370 σχήματα
686 5296 787 5350 ἔόλεπον
796 5294 910 5366 διάφορα.

170 5511 180 5552 1
195 5507 264 5552 scot.
276 5514 355 5554 nuru.
366 5501 458 5545 so.-s
469 5498 534 5542 Num.
546 5498 560 5541 ό
570 5505 592 5540 οι
606 5508 650 5551 ssq.
663 5518 690 5528 -
703 5492 833 5538 31,ἰλι,ιῚΠ
845 5494 871 5537 tc
883 5492 964 5544 man,
975 5503 1023 5548 cap.
1036 5504 1051 5537 ι.
1064 5515 1090 5525 -
1101 5492 1115 5534 i
1126 5491 1187 5534 Τοιιι.
1199 5490 1226 5533 lv
1238 5488 1340 5533 illibati.
1351 5488 1451 5533 Patruus.
