4030 6204
305 319 363 381 aad
811 312 1136 374 TlllitlLOtllCOllUll
1156 311 1373 373 DOGMATUM

303 479 426 560 generis
438 479 582 551 rationes,
603 477 779 556 formasque
799 490 842 539 τοῦ
855 487 925 548 ὄντος
938 477 1072 555 amplec-
1123 475 1402 537 communicatione
1434 474 1517 534 bona
1539 481 1628 547 sunt3
1655 472 1772 551 duplex
1794 408 1896 549 ganuz

304 572 389 646 titur,
404 571 567 650 ipsumque
577 575 730 649 perseest
739 569 900 648 ejusmodi,
913 588 948 629 ae
959 569 1074 628 nullius
1123 574 1168 628 est
1208 568 1407 647 propriarum
1440 566 1523 625 illius
1562 564 1776 637 affectionum,
1813 564 1895 642 quod

304 664 464 742 particeps.
486 661 536 721 Sie
554 660 630 721 dnm
651 662 717 721 haec
738 667 769 722 et
782 662 845 735 illa,
870 679 939 740 quos
956 661 1074 721 suntin
1123 660 1339 739 utrumquem
1354 660 1417 718 Deo
1431 657 1559 738 reperiri
1574 675 1695 717 neeesse
1707 661 1764 716 ost.
1782 654 1896 714 Prioris

303 771 412 815 rerum
423 758 536 814 natura
553 752 685 827 infinita,
709 773 772 815 non
791 752 936 814 omnibus
957 753 1072 827 omnia,
1123 753 1245 831 generis
1259 752 1314 812 dos
1327 756 1373 811 est
1386 749 1540 829 imprimis
1553 749 1617 824 illa,
1629 766 1724 826 quam
1735 753 1769 807 et
1780 746 1895 806 summi

304 846 579 924 sedcertaouique‚
593 852 665 924 apta
677 853 709 907 et
721 846 947 919 convenientia,
961 844 1020 905 hoc
1030 849 1075 904 est
1124 843 1288 922 appellatio
1302 844 1368 922 ipsa
1378 841 1525 913 continet,
1540 840 1627 901 nulla
1638 839 1721 900 utab
1732 858 1770 899 eo
1781 839 1898 917 specim

304 939 397 1014 bona,
421 957 485 999 esse
503 938 677 998 cernimus:
702 939 903 1017 intelligimus
926 936 1072 1016 proiecto,
1124 935 1203 995 absit
1213 934 1369 1009 bonitatis,
1382 940 1412 994 et
1429 938 1465 993 ut
1478 950 1610 1012 quaeque
1622 937 1688 992 tam
1700 932 1740 991 sit
1751 930 1896 1010 perlecta.

304 1045 464 1088 summum
483 1027 641 1106 quoddam
657 1045 722 1088 esse
742 1027 872 1101 bonum,
888 1024 972 1105 qnod
990 1024 1076 1084 boni·
1125 1032 1161 1086 ut
1183 1045 1247 1086 esse
1271 1026 1357 1086 nulla
1375 1025 1484 1103 magis,
1509 1042 1545 1084 ac
1563 1043 1603 1085 ne
1625 1023 1754 1101 eogitari
1771 1021 1897 1102 quidem

303 1120 376 1181 tatis
400 1118 562 1179 notionem
585 1119 728 1179 exharur't
753 1136 889 1192 omnem,
912 1117 1076 1196 ipsumque
1126 1118 1231 1198 possit.
1247 1120 1326 1179 Nam
1340 1117 1366 1177 si
1381 1117 1493 1177 melius
1506 1116 1637 1194 intelligi
1653 1118 1754 1194 potest
1769 1114 1896 1192 aliquid,

305 1230 369 1272 non
379 1210 504 1271 alterins
516 1210 761 1290 participatione,
773 1211 827 1271 sed
842 1228 896 1289 per
916 1228 948 1269 se
957 1208 1077 1268 bonnm
1127 1211 1185 1271 erit
1199 1228 1322 1287 summo
1336 1211 1437 1287 majus
1451 1208 1610 1288 quippiam
1627 1226 1634 1265 :
1651 1207 1735 1285 quod
1748 1206 1799 1266 rel
1814 1206 1898 1265 abso

306 1309 366 1379 est;
377 1321 467 1383 aquo
481 1308 516 1362 ut
525 1302 608 1363 bona
617 1303 689 1375 sint,
704 1322 773 1381 quae
786 1301 861 1362 talia
874 1306 946 1361 sunt
958 1300 1078 1378 reliqua
1128 1321 1205 1364 num
1219 1307 1265 1362 est
1281 1302 1375 1362 dictu.

306 1400 547 1475 consequuntur.
578 1395 643 1455 Hoc
666 1400 770 1454 autem
790 1412 854 1454 esse
878 1394 988 1466 Deum,
1013 1409 1078 1451 nou
1168 1395 1246 1455 Hinc
1260 1393 1357 1454 altera
1370 1391 1542 1472 proprietas
1552 1391 1702 1469 sequitur,
1719 1395 1754 1450 ut
1768 1408 1836 1450 non
1851 1410 1896 1451 aa·

306 1486 392 1567 prius
409 1486 587 1549 Cluistianae
605 1486 689 1561 fidei,
712 1503 806 1566 qnam
824 1491 944 1546 naturae
957 1501 1076 1557 sensus,
1128 1486 1263 1546 cessione
1280 1486 1406 1545 alterius
1425 1484 1545 1544 bonum
1564 1483 1596 1543 id
1614 1484 1664 1555 sit,
1686 1482 1740 1542 sed
1763 1481 1898 1541 substan

306 1598 342 1639 ao
368 1577 582 1639 testimonium
610 1578 766 1638 admonet.
800 1578 944 1637 «Bonum
967 1576 1026 1635 hoc
1049 1579 1079 1633 et
1127 1578 1200 1652 tire,
1217 1575 1735 1657 qnodotaaoaraGraeeisvooatur.
1749 1573 1899 1633 llierocias

307 1671 426 1731 bonum
452 1670 540 1745 illud,
563 1670 607 1729 ait
630 1667 849 1748 Augustinus¹.
862 1668 947 1728 Tolle
971 1668 1031 1727 hoc
1049 1671 1079 1725 et
1128 1669 1372 1748 philosophusin
1381 1664 1758 1730 Commeatoriisndomeo
1771 1665 1899 1727 cannino

308 1761 396 1837 illud,
421 1768 452 1821 et
475 1761 545 1822 vide
569 1760 670 1840 ipsum
693 1761 823 1837 bonum,
852 1760 877 1821 si
907 1764 994 1839 potes
1014 1777 1020 1816 ε
1038 1759 1080 1818 ita
1129 1759 1319 1841 Pythagora,
1342 1761 1434 1819 «Non
1451 1758 1555 1833 habet,
1571 1757 1682 1836 inquit,
1702 1756 1898 1818 adventitiam

309 1855 407 1915 ileum
426 1853 546 1914 videbis
572 1872 636 1913 non
664 1853 724 1913 alio
756 1852 839 1913 bono
871 1852 1001 1923 bonum,
1027 1849 1080 1910 sed
1129 1852 1309 1925 bonitatem,
1325 1853 1379 1913 sed
1391 1869 1446 1931 per
1457 1870 1490 1910 se
1504 1850 1796 1921 substantiatam‘‚n
1815 1850 1898 1909 utsie

308 1945 427 2006 bonum
454 1944 555 2005 omnis
582 1944 667 2018 boni,
700 1950 757 2005 etc.
784 1945 833 2004 Sia
861 1943 1013 2003 amandus
1035 1945 1081 2000 est
1130 1945 1250 2024 loquar.
1271 1946 1399 2004 «Bonus
1413 1946 1618 2005 naturaDeus
1636 1942 1771 2003 solusait
1784 1941 1899 2001 Tertul

308 2038 400 2112 Deus,
427 2056 492 2097 uon
515 2036 574 2096 hoe
593 2042 624 2096 et
645 2034 724 2097 illud
746 2036 875 2108 bonum,
901 2034 955 2094 sed
978 2034 1081 2112 ipsum
1130 2036 1232 2097 banus
1253 2037 1287 2097 in
1307 2038 1442 2097 secundo
1465 2044 1570 2097 eontra
1590 2034 1784 2106 Marenem,
1806 2034 1898 2113 eapite

309 2125 1087 2207 1111111111Α111111111111111111111(1011111111
1131 2133 1228 2189 sexto.
1251 2128 1309 2201 Qui
1323 2128 1408 2188 enim
1424 2128 1508 2205 quod
1526 2132 1581 2194 est,
1607 2126 1672 2186 sine
1693 2126 1781 2186 initio
1799 2125 1897 2197 habet,

308 2221 397 2281 audis
414 2220 533 2280 bonum
551 2220 620 2291 hoc,
636 2225 667 2280 et
683 2219 803 2279 bonum
821 2218 911 2293 illud,
927 2236 996 2297 quae
1014 2234 1082 2296 pos
1132 2240 1196 2280 non
1206 2220 1397 2280 institutione
1410 2219 1504 2279 habet
1511 2218 1599 2291 illud,
1617 2217 1670 2278 sed
1683 2223 1806 2288 natura,
1817 2239 1834 2272 a
1846 2222 1897 2277 ete.

309 2313 468 2373 suntalias
479 2311 642 2371 dioietiam
655 2329 719 2371 non
728 2310 821 2381 bona,
833 2310 859 2369 si
869 2308 1006 2388 potueris
1016 2308 1082 2367 sine
1133 2312 1204 2372 ldeo
1225 2317 1348 2371 sanctus
1367 2312 1427 2371 Leo
1452 2328 1595 2370 sermone
1616 2308 1749 2368 seeundo
1764 2306 1803 2367 de
1818 2306 1900 2368 Noti·

309 2403 380 2479 illis,
415 2422 484 2482 quae
515 2403 748 2481 participatione
779 2402 854 2461 boni
885 2401 968 2462 bona
997 2404 1080 2467 sinit,
1133 2404 1231 2471 citata,
1251 2402 1577 2481 «Derisomnipotens,
1592 2400 1702 2478 iuquit,
1716 2399 1897 2469 etclcmens,

310 2495 483 2575 perspicere
491 2495 594 2572 ipsum
608 2493 737 2569 bonurn,
749 2493 838 2571 orrjus
851 2492 1083 2572 participatione
1133 2496 1220 2573 cujus
1247 2500 1359 2555 natura
1383 2494 1543 2567 bonitas,»
1575 2498 1632 2553 ete.
1663 2491 1750 2566 Quod
1777 2490 1900 2570 pulchre

311 2587 393 2647 bona
415 2593 488 2647 sunt
505 2585 619 2645 :simul
644 2585 728 2645 enim
752 2590 783 2645 et
806 2585 910 2664 ipsum
926 2583 1081 2660 intelligis,
1134 2588 1257 2647 Boetius
1275 2605 1339 2646 non
1359 2591 1481 2646 tautum
1500 2582 1711 2663 pronuntiat²,
1737 2583 1792 2643 sed
1814 2582 1899 2643 etiam

311 2697 383 2740 cum
394 2678 483 2739 audis
496 2678 555 2738 hoe
576 2682 631 2737 aut
650 2677 727 2737 illud
744 2676 874 2737 bonurn.
892 2676 924 2735 Si
942 2694 1017 2753 ergo
1032 2693 1084 2753 po
1133 2679 1401 2758 argumentatione
1411 2677 1594 2756 persuadet:
1609 2677 1675 2737 «Ne
1685 2676 1778 2745 hunc,
1789 2674 1897 2754 inquit,

311 2771 417 2846 tueris,
440 2769 499 2829 illis
522 2769 666 2829 detractis
683 2786 739 2847 per
759 2769 894 2847 seipsum
912 2765 1084 2846 perspicere
1134 2770 1389 2832 rerumomnium
1396 2775 1516 2848 patrem
1523 2766 1897 2839 illudsummambonum,

311 2863 441 2935 bonum,
464 2861 655 2941 perspexeris
676 2862 811 2921 Deum.»
834 2861 872 2920 Et
893 2859 925 2918 in
946 2857 1085 2919 Enorro·
1134 2882 1196 2940 qaa
1217 2862 1328 2942 plenus
1348 2880 1412 2922 esse
1435 2860 1625 2939 perhibetur,
1650 2859 1699 2919 rel
1718 2859 1900 2919 extrinsecas

311 2954 391 3014 tione
400 2950 482 3014 Psol.
492 2969 579 3014 xxxi:
601 2951 721 3024 «Quale
735 2950 875 3012 bonum?
890 2949 997 3011 Omnis
1009 2949 1085 3010 boni
1134 2954 1294 3033 accepisse,
1302 2952 1352 3013 vel
1362 2953 1404 3012 ita
1412 2951 1595 3011 naturaliter
1603 2950 1715 3011 habere
1723 2968 1897 3029 presumas¹

312 3046 443 3118 bonum,
460 3045 544 3105 unde
558 3061 651 3104 omne
665 3044 794 3117 bonum,
812 3043 862 3103 cui
876 3062 940 3103 non
954 3041 1085 3101 addatur
1135 3046 1219 3125 quasi
1245 3045 1387 3105 habentis
1415 3043 1479 3116 Dei,
1513 3042 1688 3121 habitaque
1710 3041 1901 3101 beatitudinis

313 3137 388 3215 quid
411 3137 450 3196 sit
472 3137 574 3215 ipsum
594 3136 724 3197 bonum.
750 3137 867 3196 Dicitur
885 3135 970 3194 enim
984 3134 1086 3194 bonus
1135 3138 1289 3197 diversam
1316 3136 1430 3215 cogites
1457 3152 1522 3195 esse
1542 3134 1754 3194 substantiam.
1781 3132 1902 3193 Namsi

313 3230 419 3303 homo,
448 3232 479 3287 et
503 3227 604 3287 bonus
632 3246 715 3306 ager,
744 3233 774 3287 et
799 3228 882 3287 bona
906 3227 1028 3301 domus,
1055 3232 1086 3286 et
1136 3230 1325 3289 extrinsecus
1353 3232 1511 3307 aeoeptum
1532 3232 1634 3305 putes,
1658 3225 1854 3304 praestantius
1873 3224 1901 3283 id

313 3320 433 3380 bonum
454 3320 580 3395 amutal,
617 3325 648 3380 et
673 3320 756 3379 bona
776 3320 879 3395 arbor,
909 3324 940 3379 et
967 3318 1087 3378 bonum
1137 3322 1220 3400 quod
1243 3320 1371 3394 dederit,
1402 3337 1439 3379 eo
1462 3318 1546 3397 quod
1565 3317 1716 3396 acceperit
1733 3317 1901 3376 existimare

315 3430 438 3492 corpus,
464 3417 496 3472 et
517 3410 601 3472 bona
625 3412 741 3472 anima.
769 3410 944 3490 adjunxisti
968 3410 1088 3489 quoties
1137 3413 1244 3491 possis
1259 3413 1320 3473 Sed
1331 3412 1416 3472 bunc
1430 3429 1494 3471 csse
1508 3427 1615 3470 rernm
1630 3408 1770 3469 omnium
1786 3406 1902 3487 praemi

316 3503 429 3577 dixisti,
454 3502 573 3562 bonum
600 3508 655 3563 est.
682 3504 803 3563 Bonrnn
831 3503 961 3581 simplex
985 3503 1088 3581 ipsum
1136 3505 1343 3565 lentissimum
1360 3503 1539 3582 dignissime
1562 3501 1757 3562 eonfitemur.
1779 3499 1902 3573 Quodsi

317 3595 636 3673 bonum,quocuncta
650 3596 822 3668 srmtbona,
839 3597 941 3674 ipsum
957 3595 1087 3667 bonum,
1138 3602 1250 3656 natura
1265 3596 1391 3675 <purtem
1410 3594 1500 3665 inest,
1524 3594 1578 3655 sed
1599 3593 1719 3653 ratione
1740 3592 1899 3662 diversum,

317 3706 356 3747 ex
366 3705 428 3766 quo
438 3692 548 3747 cuncta
557 3686 730 3747 suutbona.
740 3708 755 3743 a
771 3689 850 3746 Tum
860 3686 1001 3766 inprime
1009 3686 1088 3745 libro
1139 3707 1211 3749 cum
1223 3688 1260 3748 de
1275 3705 1382 3748 rerum
1395 3687 1534 3767 principe
1548 3685 1714 3763 loquamur
1727 3685 1803 3757 Deo,
1817 3685 1901 3761 lingat

317 3777 351 3838 de
374 3777 518 3839 Doctrina
536 3776 716 3853 christiana,
740 3778 837 3858 capite
859 3795 933 3838 ru:
964 3778 1090 3838 «Deum
1139 3780 1193 3858 qui
1220 3785 1330 3858 potest,
1366 3779 1436 3856 quis
1461 3778 1528 3837 haec
1560 3776 1681 3837 diversa
1705 3774 1900 3853 conjunxerit

318 3870 357 3930 ab
375 3870 423 3930 his
443 3870 547 3947 etiarn,
569 3870 623 3950 qui
638 3870 714 3930 alios
728 3876 758 3930 et
775 3871 980 3949 suspirantru,
996 3874 1027 3929 et
1039 3886 1091 3928 ro
1141 3873 1299 3931 Postremo
1314 3870 1397 3950 quod
1411 3887 1430 3929 a
1442 3869 1579 3948 qualibet
1590 3886 1624 3928 re
1637 3868 1796 3928 diversum
1810 3872 1862 3939 est,
1874 3864 1903 3924 id

318 3967 399 4037 caut,
424 3966 456 4021 et
478 3962 585 4022 oolunt
607 3963 695 4035 lleos,
714 3962 777 4022 sive
803 3963 837 4021 in
857 3962 946 4037 cralo,
971 3961 1035 4020 sive
1057 3958 1091 4019 in
1141 3982 1206 4023 non
1220 3969 1265 4023 est
1274 3963 1465 4040 illud,aquo
1476 3960 1660 4038 intelligitur
1669 3978 1737 4020 esse
1747 3959 1900 4019 diversum.

318 4058 412 4130 terra,
433 4053 476 4113 ita
493 4053 621 4131 eogitari
645 4054 698 4128 ait,
726 4058 761 4113 ut
784 4052 912 4131 aliquid,
929 4071 991 4130 quo
1014 4050 1092 4111 nihil
1142 4057 1242 4129 Quare
1256 4054 1340 4133 quod
1360 4073 1379 4113 a
1399 4070 1522 4113 summo
1535 4052 1620 4112 bono
1635 4051 1791 4112 diversum
1808 4056 1851 4111 est
1862 4047 1901 4107 sui

319 4145 430 4206 mellus
465 4145 514 4219 sit,
544 4151 636 4223 atque
664 4144 844 4219 sublimius,
874 4144 926 4203 illa
950 4142 1092 4221 cogitatio
1142 4152 1265 4220 natura,
1281 4147 1311 4207 id
1328 4163 1488 4221 summum
1507 4149 1650 4217 nonest,
1673 4144 1759 4222 quod
1773 4143 1902 4203 neiasesl

320 4241 448 4297 oonenrr
457 4237 620 4314 attingere,
634 4240 692 4296 etc.
709 4237 771 4295 Nec
784 4237 949 4314 quisquam
959 4234 1093 4294 inveniri
1142 4239 1180 4298 de
1193 4256 1230 4298 eo
1240 4238 1384 4317 semiana,
1400 4255 1463 4315 quo
1473 4235 1550 4296 nihil
1560 4239 1679 4295 constat
1689 4252 1754 4295 esse
1765 4238 1901 4312 prastaa-

320 4333 430 4407 potest,
447 4326 571 4406 quihoc
583 4329 681 4387 Deum
695 4327 800 4388 eredat
814 4345 890 4403 esse,
907 4345 969 4406 quo
983 4326 1093 4387 melius
1142 4330 1213 4391 tias.
1241 4330 1375 4391 Omnino
1401 4329 1486 4389 enim
1515 4327 1631 4387 nullius
1658 4327 1705 4387 rei
1726 4332 1834 4386 natum
1855 4340 1902 4383 suo

321 4419 437 4497 aliquid
446 4425 502 4479 est.
514 4440 529 4476 a
546 4419 599 4478 Est
610 4438 684 4497 ergo
696 4437 854 4479 summum
863 4419 983 4479 bonum
992 4421 1090 4479 Deus:
1143 4420 1294 4502 principio
1308 4421 1418 4481 melior
1434 4421 1547 4499 poterit
1561 4419 1704 4480 existere.
1721 4419 1818 4491 Quare
1830 4414 1902 4494 quod

323 4511 355 4570 id
378 4511 461 4591 qnod
481 4512 531 4570 via
551 4516 583 4570 et
606 4512 714 4571 ordine
738 4511 950 4587 constituetur,
978 4512 1003 4571 si
1024 4530 1093 4590 quoe
1143 4515 1285 4574 omnium
1299 4513 1485 4593 principium
1497 4513 1545 4586 sit,
1562 4512 1595 4571 id
1606 4511 1701 4570 etiam
1715 4511 1761 4570 sui
1773 4508 1902 4568 substan

323 4603 438 4662 summi
449 4602 525 4662 boni
538 4604 748 4683 suntpropria
761 4611 792 4663 et
803 4623 875 4664 eum
891 4604 957 4683 ejus
970 4610 1091 4681 natura,
1143 4607 1187 4667 tia
1206 4624 1365 4667 summum
1386 4624 1450 4665 esse
1473 4591 1592 4663 bonum
1615 4602 1773 4662 verissima
1796 4600 1903 4660 ratione

323 4692 559 4771 conditioneque
563 4694 683 4772 juncta,
699 4696 878 4773 singillatim
889 4702 1092 4771 recensentes,
1143 4696 1357 4759 concluserim.
1369 4717 1384 4754 a
1402 4696 1459 4757 Hic
1477 4713 1542 4755 non
1556 4695 1659 4754 solum
1672 4711 1707 4753 re
1718 4711 1779 4754 non
1792 4691 1903 4751 differre

324 4803 361 4846 ea
376 4783 433 4844 soli
446 4784 619 4845 inesseDeo
632 4792 852 4848 monstremus.
1144 4806 1299 4851 summam
1321 4788 1492 4848 bonitatem
1513 4787 1553 4847 ab
1576 4805 1625 4857 eo,
1652 4785 1735 4864 quod
1757 4798 1902 4844 summum

364 4877 416 4937 IV.
445 4877 523 4937 Cum
553 4882 657 4937 autem
687 4877 801 4957 duplex
827 4879 866 4939 sit
893 4878 1094 4940 consideratio
1144 4882 1264 4942 bonum
1278 4880 1400 4953 dicitur,
1422 4879 1568 4950 affirmat,
1585 4878 1639 4938 sed
1660 4896 1700 4937 ne
1715 4877 1832 4936 ratione
1846 4871 1904 4951 qui

324 4968 439 5028 summi
449 4967 525 5028 boni
542 4987 549 5028 :
566 4975 620 5028 aut
639 4971 723 5029 enim
737 4988 792 5049 per
805 4988 870 5030 sese
896 4970 1095 5049 absoluteque
1144 4974 1227 5046 dem,
1240 4990 1335 5051 qnam
1346 4978 1453 5033 ἐπίνοιαν
1466 4970 1563 5031 Graeei
1574 4972 1697 5029 uocant.
1709 4966 1798 5046 Atqui
1809 4970 1903 5026 conus

325 5065 478 5137 spectatur
492 5079 499 5119 :
512 5066 565 5120 aut
581 5060 620 5120 ad
644 5079 680 5120 eu
694 5067 900 5139 comparatur,
915 5080 984 5140 quae
999 5063 1096 5141 ipsius
1145 5083 1194 5125 res
1205 5064 1316 5139 lrabet3
1330 5081 1405 5123 nam
1415 5069 1510 5140 ἐπινοίᾳ
1519 5067 1551 5121 et
1561 5061 1644 5122 inter
1656 5079 1698 5131 se,
1715 5064 1745 5119 et
1753 5057 1792 5117 ab
1805 5062 1903 5116 nana

366 5293 387 5331 a
412 5276 539 5332 Hruaoul..
560 5277 610 5330 ota
637 5274 766 5345 ἐπίκτητον
789 5275 840 5348 ἔχει
867 5271 1020 5349 ἀγαθότητα,
1043 5277 1099 5332 ἀλλ’
1150 5278 1302 5352 οὖσιωμόνην
1317 5279 1371 5333 καθ’
1386 5279 1472 5349 αὑτήν.

356 5468 365 5514 1
380 5472 437 5524 lug.
451 5469 490 5513 liii.
504 5470 551 5514 Vlll
565 5470 593 5515 dc
606 5472 685 5516 triarii.
697 5485 716 5515 o.
726 5484 760 5517 ur.
769 5474 817 5516 -2
830 5473 887 5518 Pras.
899 5487 920 5525 r,
936 5474 974 5518 lib.
987 5475 1024 5519 lll.
