4008 6170
361 402 416 463 rot
861 396 1187 464 THEOLOGIGORUM
1213 392 1443 462 resultus.
1963 464 1964 499 ρ

358 561 445 605 versa
472 541 627 604 reclamat.
660 543 760 604 Unam
794 545 908 625 quippe
936 543 1129 605 divinitatem
1178 543 1255 604 ralis
1278 542 1332 604 Dei
1359 547 1390 603 et
1417 539 1564 603 inferiora
1590 539 1694 601 divina
1720 538 1871 601 substantia
1886 559 1913 602 se

358 636 447 698 munt
465 648 630 716 agnoscere
650 653 684 696 se
703 654 773 716 quas
794 643 840 698 est
861 639 965 713 Pater,
986 635 1080 697 Filius
1099 642 1130 698 et
1178 635 1299 697 diversa
1309 640 1375 696 tarn
1386 633 1425 695 ab
1436 632 1819 712 irso‚quamaseinrieem‚
1826 651 1913 714 nempe
1963 646 1964 649 ’

359 728 490 809 Spiritus
509 734 642 790 sanctam
668 728 912 791 «Nihilominus
936 728 1130 809 operationes
1178 727 1377 807 sapientiam,
1401 727 1562 799 nauum,
1581 725 1801 805 operationem,
1826 724 1913 801 vitam

358 822 507 902 qnssdsm
535 821 668 897 diuinas,
698 821 741 881 ait
768 821 922 897 polemus,
951 827 984 882 et
1007 839 1129 902 proces·
1178 819 1349 901 bonitatem
1367 824 1399 879 et
1416 818 1607 880 sanctitatem
1624 822 1656 878 et
1672 818 1914 896 omniaqnedivi·

359 916 461 976 aiones
474 913 656 975 naturaliter
675 918 706 973 et
726 932 764 975 ex
785 920 900 977 emmo
919 914 1084 976 existentes
1096 916 1130 977 in
1179 929 1258 975 num
1280 929 1399 973 naiman
1423 915 1454 972 et
1478 916 1537 986 est,
1562 914 1595 971 et
1615 927 1680 970 esse
1699 908 1915 972 dicitur‘Btin

360 1007 423 1068 Deo
443 1006 610 1068 divinitatis
630 1006 783 1086 appellavi
803 1007 941 1069 nomine.
964 1028 979 1064 s
1003 1008 1083 1068 Tum
1098 1027 1130 1069 se
1178 1004 1258 1067 libro
1274 1022 1368 1084 quem
1381 1003 1534 1083 inscripsit
1546 1009 1735 1083 Ἐλίγγοις,ιιιὶ
1753 1009 1833 1075 ἅτινα,
1846 1001 1914 1083 liefr
1964 1016 1965 1039 ³

360 1099 433 1160 dicit
452 1104 579 1179 propter
599 1098 795 1160 Berisamum
815 1118 878 1180 quc
893 1119 964 1161 eum
978 1099 1128 1176 certabat,
1180 1097 1303 1159 tationes
1322 1104 1352 1158 et
1372 1093 1515 1171 absurda,
1540 1093 1644 1156 scribit
1665 1094 1757 1154 εἰσιν
1775 1093 1823 1154 nt
1843 1093 1916 1173 igitr

360 1190 531 1253 distinctirrs
553 1190 612 1251 ista
631 1191 808 1253 tradidisse:
835 1213 851 1249 ι
872 1193 926 1272 qui
945 1192 1043 1254 sclam
1057 1192 1129 1254 sub-
1179 1189 1276 1251 deitas
1297 1188 1358 1251 aiis
1380 1194 1491 1269 praeter
1513 1186 1718 1251 substantiam
1739 1185 1792 1247 Ilei
1811 1203 1870 1265 qna
1883 1193 1916 1249 est

360 1284 505 1344 stantiam
520 1283 575 1343 bei
588 1283 757 1344 inmestsm
777 1302 842 1345 esse
863 1284 1055 1345 divnritatem
1081 1303 1130 1347 as·
1179 1280 1238 1362 ipsi
1261 1278 1451 1343 coaemrna‘l.
1477 1301 1493 1337 n
1527 1279 1577 1341 Sic
1599 1295 1664 1340 esse
1692 1277 1793 1357 plures
1813 1278 1916 1357 Spiritus

361 1382 491 1453 sereret,
507 1380 538 1435 et
551 1375 763 1455 operationem
777 1376 916 1438 diuinam
929 1394 948 1437 a
962 1376 1132 1438 substantia
1180 1379 1300 1435 muetos
1318 1375 1485 1447 increatas,
1506 1376 1618 1453 prater
1635 1387 1737 1431 unum
1754 1369 1804 1449 qrri
1818 1376 1857 1430 cst
1868 1371 1916 1431 Tri

362 1466 555 1528 differentem
581 1468 614 1527 in
645 1485 752 1528 rerum
783 1474 956 1530 erasurum
990 1469 1132 1531 ordinem
1181 1466 1429 1547 nitatispersons
1439 1465 1545 1539 tertis,
1558 1463 1636 1525 dixit
1655 1459 1915 1541 isidorrn'quidan

362 1558 538 1620 detraheret
551 1569 610 1619 ι.»
633 1560 752 1620 Verum
773 1561 945 1623 Demetrius
972 1560 1130 1624 ostendit¹
1181 1576 1220 1619 ex
1242 1558 1295 1619 iila
1316 1557 1494 1634 sandow,
1526 1574 1648 1618 necnon
1681 1552 1848 1629 Pabmm',
1876 1556 1915 1633 qni
1965 1582 1966 1631 3

310 1687 315 1697 ·
363 1651 456 1712 etiam
480 1662 596 1729 οιοιγιιις
624 1652 729 1732 plures
755 1671 929 1714 asseverare
957 1652 1130 1731 Palmam,
1181 1650 1375 1729 operationes
1397 1650 1465 1711 illas
1489 1649 1621 1729 Spiritus
1642 1647 1739 1708 sancti
1761 1664 1830 1724 quas
1848 1646 1916 1706 isaias

363 1762 496 1822 quarum
510 1763 574 1805 nna
586 1745 625 1805 sit
640 1762 762 1805 summa
775 1751 806 1806 et
820 1746 990 1825 praecipua,
1006 1746 1132 1827 reliquae
1180 1742 1306 1822 spiritus
1323 1749 1426 1818 voest,
1447 1743 1489 1803 sie
1507 1741 1573 1821 ejus
1591 1757 1657 1801 esse
1675 1738 1756 1800 dous
1769 1736 1915 1813 muitetur,

363 1836 532 1897 inferiores.
549 1837 648 1916 Hujus
662 1838 747 1897 enim
760 1836 1133 1900 verbaistasnntexlibio
1181 1839 1217 1895 ut
1240 1834 1303 1895 sint
1332 1841 1446 1915 ίννργιιιιι
1464 1833 1594 1907 ιοιιιοιοι,Ι
1608 1830 1787 1913 operationes
1810 1830 1916 1890 ιἰιοιτιιίο

327 1987 330 1993 ,
362 1929 497 2006 (prodam
530 1946 625 2008 quem
658 1934 765 1989 conus
795 1928 992 1990 Berisamum
1020 1930 1134 2010 dialogi
1181 1945 1216 1987 ar
1233 1925 1356 1988 deitates
1374 1925 1559 2006 multiplices.
1573 1924 1635 1984 Nec
1653 1923 1756 1985 solum
1773 1929 1871 1999 θνοιγιιι
1880 1940 1917 2001 ορ
1945 1946 1966 1990 ιν

362 2022 461 2099 sperio
473 2021 603 2101 scripsit,
618 2021 650 2081 in
664 2039 726 2100 quo
739 2020 935 2082 Berisamum
948 2026 978 2082 et
990 2023 1134 2084 crtlrodo
1183 2018 1308 2097 pellavit
1330 2019 1482 2079 increatas
1505 2016 1572 2077 ilias
1597 2021 1718 2096 ὶνιργιίας
1743 2019 1772 2074 et
1791 2012 1916 2087 atributa,
1966 2036 1967 2109 γ

362 2130 438 2173 xum
462 2113 623 2192 loquentes
646 2113 822 2175 introducit.
851 2134 867 2170 ι
891 2115 960 2175 Una
977 2120 1024 2175 est
1038 2115 1134 2176 trium
1182 2111 1236 2171 sed
1254 2112 1348 2173 etiam
1365 2118 1442 2190 νιοὶις,
1462 2114 1498 2169 ut
1521 2126 1560 2169 ex
1578 2107 1662 2169 illius
1685 2105 1783 2168 serbis
1804 2105 1917 2166 demone
1956 2116 1967 2193 ν

363 2204 570 2284 hypostaseon
592 2205 750 2281 diuinitas,
780 2205 843 2266 sive
873 2212 985 2267 natura
1008 2213 1038 2267 et
1060 2208 1133 2269 sub·
1182 2201 1604 2282 tratllemetriustlydonius.

363 2297 475 2357 stanna
488 2296 796 2377 supersubstantialis,
806 2298 947 2377 simplex,
962 2299 1133 2378 invisibilis,
1224 2296 1340 2356 Verum
1354 2301 1421 2356 uta
1441 2294 1531 2355 nobis
1551 2311 1616 2355 non
1636 2290 1740 2353 solnm
1759 2289 1808 2351 ills
1823 2289 1918 2350 bareas

364 2388 696 2468 incomprehensibilis,
713 2390 977 2470 imparticipabilis
993 2392 1132 2454 omnino.
1184 2387 1385 2466 intelligatur,
1400 2386 1454 2448 sed
1472 2386 1566 2447 etiam
1586 2400 1656 2465 quas
1679 2383 1740 2445 sint
1758 2381 1919 2443 timenus

364 2481 440 2542 ane
457 2499 532 2543 vero
550 2498 620 2561 quse
639 2499 658 2541 a
676 2483 787 2542 sanctis
810 2483 1005 2562 appellantur
1027 2485 1137 2546 divini-
1184 2480 1251 2558 ejus
1268 2499 1304 2541 aa
1324 2484 1465 2541 veterum
1485 2479 1612 2539 Petrum
1631 2475 1815 2549 testimonia,
1833 2471 1918 2553 quibus

364 2577 456 2650 tates,
477 2574 541 2636 sive
561 2589 639 2649 una,
661 2574 725 2635 siva
743 2575 830 2650 duae,
851 2575 917 2637 sive
935 2575 1133 2655 pluressunt.
1183 2573 1259 2634 falso
1279 2590 1312 2634 se
1333 2576 1449 2648 tuetm,
1470 2575 1537 2632 tota
1556 2569 1610 2631 ills
1636 2567 1797 2649 disputatio
1814 2565 1918 2627 ersa
1967 2560 1968 2631 ί

365 2666 444 2726 Νοιο
454 2664 531 2727 illud
543 2665 658 2745 ubique
669 2684 746 2742 esse,
759 2665 799 2728 ab
811 2686 848 2728 eo
860 2668 945 2746 quod
956 2674 1002 2728 est
1013 2687 1136 2731 currere
1184 2665 1392 2745 questionum
1413 2662 1513 2743 capita
1532 2661 1683 2741 distinfflri
1704 2659 1800 2735 debet,
1825 2656 1918 2738 quen
1967 2696 1968 2749 γ

365 2763 396 2818 et
407 2759 495 2837 quasi
506 2757 622 2836 ubique
640 2759 830 2838 pertingere,
851 2759 927 2821 item
945 2759 1055 2821 nullibi
1071 2779 1136 2823 esse
1183 2762 1271 2818 tamo
1284 2756 1491 2831 declarantia,
1505 2773 1578 2817 cum
1592 2753 1721 2834 pridem
1733 2750 1857 2815 methodi
1866 2767 1918 2828 pa·

365 2850 556 2911 decurrendo
569 2855 600 2911 et
611 2851 700 2930 quasi
711 2851 849 2930 undique
866 2851 1027 2930 sapiendo,
1041 2854 1137 2916 deitas
1184 2849 1228 2910 tia
1246 2851 1477 2912 &amanzenas
1497 2848 1667 2926 imperator
1686 2847 1721 2907 in
1740 2849 1832 2925 partes
1848 2840 1919 2903 dividi

364 2943 612 3022 cognominatur.
632 2943 712 3003 'lum
731 2943 783 3004 ille
806 2944 860 3004 Dei
879 2943 1025 3023 splendor
1042 2965 1137 3025 quem
1185 2943 1427 3004 controversiam
1448 2956 1575 3004 omnem
1595 2957 1630 3001 ao
1650 2936 1823 3018 singillatim
1846 2931 1917 3013 expli·

363 3034 494 3115 apostoli
511 3035 545 3095 in
563 3040 671 3097 monte
689 3035 855 3115 conspicati
872 3041 946 3097 sunt
957 3036 1053 3098 deitas
1065 3038 1137 3099 diei-
1185 3035 1247 3095 cari
1257 3034 1407 3113 jussisset.

363 3133 416 3188 tur
427 3126 449 3187 l.
463 3147 479 3185 o
1226 3127 1277 3186 ill.
1288 3127 1367 3187 Stmt
1374 3127 1468 3206 igitur
1482 3122 1667 3203 ιροονοίίοοοο
1678 3119 1860 3183 illiecmnino
1870 3132 1916 3176 set.
1942 3143 1967 3182 ss

405 3219 443 3279 ll.
458 3218 634 3292 Quinetiam
645 3228 689 3296 την
708 3226 838 3298 ἐνίργιιιιν,
853 3219 912 3281 hoc
923 3226 985 3296 est,
1000 3222 1055 3281 ilci
1072 3240 1136 3303 eps
1189 3219 1325 3295 «Prima,
1335 3218 1416 3280 anin
1430 3219 1492 3278 Bao
1507 3216 1546 3277 sit
1559 3233 1596 3275 ec
1610 3216 1708 3293 digna
1720 3211 1857 3275 deuncos
1868 3207 1919 3270 suis
1938 3238 1969 3301 ,ρ

365 3310 509 3370 rabonem
520 3316 551 3370 et
563 3311 782 3390 proprietatem
794 3312 892 3387 magis
904 3313 1136 3391 proprievoesri
1185 3311 1304 3371 amatim
1331 3317 1362 3371 et
1382 3308 1579 3390 operationis.
1603 3306 1757 3381 Secunda,
1781 3304 1805 3365 si
1822 3301 1919 3381 pudent

365 3409 477 3480 νιοιγια,
506 3419 601 3481 quarn
632 3409 716 3463 οοοίιιν
747 3403 846 3481 ipsam
877 3421 913 3463 ac
941 3402 1136 3467 substantiam
1185 3403 1277 3464 ambo
1306 3403 1359 3464 iila
1383 3403 1524 3464 distinata
1553 3417 1617 3461 esse
1644 3398 1819 3472 cambierit,
1838 3399 1919 3455 sunu

365 3493 533 3569 existimat,
547 3500 584 3554 ut
593 3493 708 3554 ibidem
728 3495 1032 3575 Demetriusprobat.
1047 3497 1136 3559 Unde
1185 3495 1323 3574 operatio
1344 3495 1401 3556 ists
1423 3498 1524 3554 creata
1544 3492 1593 3569 sit,
1616 3510 1658 3552 an
1680 3492 1819 3552 increata.
1832 3485 1918 3548 Teu·

366 3602 438 3648 cum
461 3585 566 3664 pluras
586 3585 648 3646 sint
672 3591 798 3666 ἐνέργειαι,
823 3587 924 3666 reipsa
948 3587 1081 3650 invicem
1106 3596 1137 3650 et
1185 3592 1220 3648 ut
1234 3588 1371 3649 increata
1385 3604 1450 3648 esse
1464 3586 1696 3647 demonstretur
1717 3585 1777 3645 Deo
1796 3580 1920 3643 murenis

365 3677 405 3740 ab
416 3677 547 3739 essenus
560 3677 725 3753 distincte,
740 3677 844 3757 piures
855 3696 920 3740 esse
939 3679 1066 3742 deitates
1077 3696 1135 3761 pu·
1184 3696 1245 3742 nea
1257 3682 1323 3742 aaa
1344 3678 1493 3759 operatio,
1516 3677 1644 3757 quinam
1665 3676 1772 3737 arturi
1790 3670 1879 3753 possit,
1895 3670 1920 3726 ¹¹1

363 3775 409 3831 tat
421 3770 570 3831 Paismas.
593 3770 687 3850 Cujus
705 3768 799 3831 etism
817 3771 875 3831 ista
893 3777 964 3832 sunt
977 3773 1086 3834 ecdem
1097 3792 1136 3834 ax
1184 3790 1225 3833 ne
1237 3772 1425 3852 compositus
1438 3770 1550 3831 idcirco
1564 3771 1645 3830 Deus
1658 3756 1919 3840 exnometusquod

363 3862 454 3924 libro.
480 3883 495 3920 ν
514 3864 578 3942 Ego
598 3880 672 3924 vero
691 3861 851 3924 universas
873 3864 927 3924 Dei
946 3864 1045 3925 bonas
1062 3884 1134 3944 pro·
1184 3865 1239 3944 qui
1252 3869 1360 3926 contra
1373 3864 1521 3937 sentiunt,
1538 3862 1679 3924 Faciesioe
1694 3862 1748 3922 Dei
1761 3858 1851 3921 sciant
1866 3849 1921 3928 obj'r

363 3955 535 4034 granleiras
547 3955 614 4016 dico
627 3972 692 4016 esse
710 3955 763 4016 illa
781 3955 992 4018 submnualia
1004 3964 1035 4018 et
1046 3964 1136 4019 natu·
1184 3976 1263 4019 aere.
1280 3958 1395 4031 Quarta
1408 3955 1548 4035 queatis
1564 3970 1605 4015 sn
1619 3953 1786 4015 divinimtis
1805 3965 1857 4011 νοι
1873 3956 1920 4005 non

399 4210 420 4249 ct
444 4192 575 4250 Pusillus.
607 4188 679 4246 Ἀλλ’
700 4190 819 4266 ἐνεργείας
839 4194 921 4261 θείας,
949 4195 989 4248 asi
1015 4190 1133 4267 προόθοος
1183 4188 1244 4248 εἶναι
1263 4190 1413 4260 όποθέοντα,
1433 4188 1515 4265 ὥσπερ
1533 4191 1692 4264 όιαρεθγοντα
1711 4187 1857 4261 πανταρόθον·
1875 4180 1920 4250 iii

363 4276 427 4340 τινὰς
448 4275 515 4347 pista
535 4272 670 4349 προσούσας
691 4276 730 4329 καί
752 4272 776 4337 ἔξ
797 4274 876 4328 sitlos
898 4280 934 4349 τῷ
954 4278 1019 4349 θεῷ,
1041 4282 1077 4349 τῷ
1090 4282 1134 4345 τῆς
1182 4281 1225 4332 τοῦ
1239 4279 1293 4330 θεοῦ
1306 4274 1465 4349 λαμπρότης,
1480 4274 1510 4344 ἦν
1524 4276 1564 4329 καί
1584 4270 1607 4329 οί
1622 4272 1756 4329 ἂπόοτολοι
1774 4268 1810 4327 isi
1822 4270 1858 4324 toi
1869 4266 1920 4338 θρνθ

362 4360 475 4427 θεότητος
496 4354 596 4431 ovipara
616 4359 817 4431 προσηγόρευσα,
845 4361 897 4421 τοίς
922 4354 999 4432 θρίοις
1023 4356 1134 4433 clapsus<
1183 4354 1259 4425 εἶδον,
1274 4358 1357 4428 θεότης
1370 4359 1476 4433 λέγεται.

362 4442 479 4514 σι’νρριονα
491 4438 581 4512 λέγειν·
598 4436 659 4494 ἁλλ’
672 4439 727 4493 otti
748 4445 824 4495 ταῦτα
845 4435 913 4495 risos
928 4442 967 4508 όν,
989 4441 1011 4495 si
1025 4442 1057 4515 μη
1073 4444 1133 4515 πρός
1217 4457 1231 4499 o
1250 4443 1350 4498 Pansa.
1375 4440 1448 4497 Ἀλλ’
1462 4440 1511 4514 tyb
1525 4441 1567 4503 τὰς
1582 4442 1641 4503 bitte
1661 4438 1751 4513 θγαθὰς
1768 4438 1824 4509 φημὶ
1836 4426 1920 4490 tim

363 4525 467 4596 ἀνάγκην
481 4520 555 4592 ἦλθον
570 4524 634 4596 παρὰ
647 4528 689 4578 τοῦ
704 4524 888 4596 ἀντιλέγοντος,
902 4526 943 4579 καὶ
957 4526 1018 4579 κατὰ
1031 4525 1132 4581 tintas-
1182 4524 1236 4579 tect
1250 4527 1369 4598 προόθονς
1389 4520 1451 4579 εἶναι
1469 4523 1501 4579 si
1519 4524 1624 4591 οὖσιώδη
1644 4528 1737 4591 ταῦτα,
1750 4523 1789 4576 ssi
1805 4515 1879 4591 pessi
1889 4514 1920 4566 ni

363 4608 490 4679 ρόστασιν,
504 4609 544 4662 ssi
558 4607 618 4679 προς
633 4605 724 4660 betros
738 4607 916 4680 ἀγωνιζόμενος
930 4610 1006 4680 μόνην
1020 4610 1133 4664 ἄατιστον
1181 4608 1247 4676 θεοῦ,
1261 4608 1293 4663 τό
1306 4608 1420 4681 θριιριίνα
1433 4613 1476 4676 τῆς
1490 4608 1555 4670 istas
1568 4607 1660 4673 οὖσίας,
1675 4607 1717 4661 asi
1731 4606 1798 4676 ίτιρα
1810 4601 1883 4667 ταύτην
1892 4612 1920 4659 1⁸·

363 4690 466 4762 λίγοντα
478 4690 581 4757 θεότητα
593 4690 638 4758 τὴν
651 4688 734 4743 cistas
748 4695 791 4744 sot
804 4691 867 4744 θεοῦ·
884 4693 962 4745 πᾶσαν
976 4689 1002 4743 bi
1016 4691 1131 4764 δύναμιν,
1182 4692 1221 4745 ναὶ
1237 4690 1369 4761 diuitibus,
1384 4691 1429 4760 τὴν
1443 4690 1545 4761 copias,
1566 4690 1610 4758 την
1630 4690 1744 4762 δύναμιν,
1759 4687 1800 4755 τὴν
1813 4684 1920 4754 tumis,

363 4772 403 4826 ssi
418 4771 536 4845 όνίργιιαν
551 4774 615 4827 θείαν
629 4778 673 4842 τῆς
686 4773 768 4837 moise
782 4774 950 4847 διαφέρουσαν,
965 4771 999 4836 εἰς
1012 4774 1134 4848 πείσματα
1181 4775 1226 4843 τὴν
1241 4774 1324 4845 ζωὴν,
1340 4775 1380 4828 καὶ
1396 4773 1549 4847 ἁγαθόιητα,
1563 4772 1604 4825 καί
1619 4771 1752 4845 θγιότητα,
1766 4770 1803 4823 sai
1815 4762 1877 4821 πόθ’
1887 4762 1921 4814 it!

362 4862 533 4912 κατασπῶντα.
1181 4858 1222 4911 καί
1237 4856 1288 4912 ἔστι
1301 4858 1331 4911 τό
1344 4858 1420 4923 θεῖον,
1434 4857 1473 4910 καί
1487 4856 1594 4927 λέγεται.

399 4941 416 4996 b
435 4939 534 4996 Pinnas.
555 4938 608 4995 Μία
626 4936 677 4993 ἐστὶ
698 4944 747 4994 τῶν
767 4946 841 5013 τριῶν
861 4940 1017 4994 θποστόσειον
1031 4938 1132 5010 θεότης,
1217 4939 1239 4996 d
1256 4939 1355 4996 Pasas.
1377 4936 1464 4994 ’Ἔστιν
1483 4938 1530 5012 ἄρα
1543 4940 1627 5007 θεότης
1645 4936 1708 5012 ἄλλη
1723 4936 1786 5009 παρὰ
1802 4932 1842 5002 τό*
1857 4924 1921 4995 &iiii

362 5024 417 5091 ἤτοι
430 5023 498 5096 pisse
510 5023 550 5079 sai
565 5021 635 5077 oriola
655 5020 794 5094 [respuimus
814 5023 881 5092 ἇπλῆ
888 5064 896 5091 ,
915 5023 1033 5095 ἀόρατος,
1049 5023 1133 5095 darpr-
1181 5027 1224 5077 τοῦ
1238 5024 1292 5076 θεοῦ
1304 5022 1446 5095 θπάρχοσσα
1459 5016 1579 5085 σοναίδιος
1593 5020 1663 5096 αὐτῇ.

363 5104 760 5181 νόητος,θρέθεκτοςπανιάπαοιν·
772 5104 796 5160 αί
806 5105 831 5160 δὲ
842 5106 989 5180 όλλαιπαρθ
999 5112 1048 5162 τῶν
1056 5105 1133 5179 ἁγίων
1218 5120 1233 5161 e
1251 5104 1307 5160 isto
1337 5103 1394 5160 Ὅτι
1408 5103 1448 5158 καί
1468 5102 1533 5157 ἄλλα
1550 5100 1673 5177 arripere
1687 5102 1744 5177 θγιά
1757 5098 1813 5155 είσιν
1824 5097 1918 5153 uass·

363 5189 490 5262 λεγόμεναι
504 5188 625 5260 θεότητες,
640 5184 689 5244 sits
704 5190 759 5262 μία,
775 5186 824 5244 sits
838 5191 890 5256 θόο,
907 5186 956 5245 sisa
969 5190 1077 5252 πλείοις·
1093 5188 1133 5243 καί
1181 5188 1247 5242 ἄλλα
1271 5188 1337 5260 παρὰ
1360 5186 1389 5242 τό
1413 5186 1439 5242 ἰν
1463 5188 1506 5255 τῆς
1529 5186 1720 5259 τριονποστάτον
1744 5184 1848 5250 tonsos
1866 5174 1919 5247 *ili*

363 5270 409 5343 γὰρ
423 5272 452 5326 τό
465 5278 589 5346 πανταχοῦ
604 5265 665 5327 εἶναι
684 5272 789 5327 ἀπὸτοῦ
807 5273 873 5339 θεῖν,
887 5274 927 5327 καί
946 5271 1020 5327 alorci
1038 5272 1132 5343 φθίνειν
1181 5275 1284 5345 maipa.

363 5356 623 5427 πανταχόσι,θιότητα
635 5356 687 5429 ipss
700 5356 744 5425 τὴν
759 5352 906 5429 innuptas·
922 5358 962 5410 ssi
976 5355 1006 5410 sb
1020 5358 1133 5428 μηθιροθ

390 5586 400 5628 t
414 5584 480 5627 libro
489 5584 565 5628 οοιινια
577 5582 661 5629 Palam.
675 5595 696 5638 p.
711 5582 758 5627 tw.
767 5605 791 5617 —
802 5580 816 5627 i
829 5582 892 5639 Apud
905 5582 966 5628 bero.
977 5580 1025 5625 -t
1037 5580 1101 5639 ipud
1115 5580 1176 5631 bem.
