4008 6170
258 238 297 298 u
735 211 739 219 ’
770 226 1100 291 rusouoorooauu
1120 229 1338 294 ooouaruu

256 389 379 450 Etenim
389 388 497 449 mundi
507 393 659 448 structura
668 405 704 447 ac
721 383 883 465 descriptio
895 389 940 443 est
953 382 1030 459 ejus-
1082 381 1136 444 illa
1161 386 1243 447 intra
1269 404 1300 446 se
1324 384 1549 465 eomplectitur,
1575 384 1734 445 definitam
1761 381 1851 443 habet

256 482 351 557 modi,
377 488 413 542 ut
433 481 556 542 nonnisi
576 480 615 541 ab
637 478 827 558 intelligente
852 496 888 541 ee
911 479 1029 539 ratione
1082 481 1340 560 magnitudinem.
1357 479 1456 557 Hujus
1473 485 1579 540 eutem
1598 496 1744 539 mensura
1754 483 1785 537 et
1799 477 1852 537 oir-

254 577 440 655 scientiaque
447 575 576 654 predita
582 573 697 635 ertifloe
704 573 839 653 potuerit
845 572 934 648 efflei,
945 574 1028 653 quod
1081 576 1276 654 cumscriptio
1290 574 1330 637 ab
1344 573 1535 655 intelligente
1546 572 1650 653 aliquo
1662 572 1776 634 noda
1785 590 1852 652 pro

253 669 336 729 illius
348 669 424 729 ordo
443 687 479 729 ao
493 668 675 747 temperatio
689 667 834 747 partium,
854 673 887 728 et
900 685 1029 729 concen-
1081 668 1173 729 ticisoi
1186 669 1303 743 debuit,
1321 670 1375 748 qui
1386 684 1486 748 neque
1502 668 1652 745 maiorem
1678 685 1779 746 neque
1798 666 1852 729 mi·

254 768 313 837 tus,
337 767 506 842 caeteraque
529 762 740 823 demonstrent
762 779 832 841 qnae
855 767 919 823 tem
937 762 1024 837 seori,
1080 782 1189 824 norem
1208 782 1303 843 quam
1327 770 1382 837 est,
1398 762 1451 823 sed
1474 781 1511 823 ee
1539 780 1602 840 qua
1623 766 1741 822 constat
1769 759 1850 821 mole

253 874 348 935 quam
368 855 489 936 profani
507 855 667 934 scriptores
685 855 861 934 praedicant,
884 861 919 917 ut
933 855 1026 936 paulo
1080 858 1851 937 definitamessevoluerit.Noneuimpersesemun·

254 953 326 1008 ante
336 948 480 1009 vidimus.
494 947 729 1028 lgiturtormam
743 947 880 1027 aliquam
887 955 918 1009 et
924 948 1026 1010 ideam
1079 952 1137 1015 dus
1149 954 1396 1034 magnitudinem
1409 971 1498 1014 suem
1517 952 1721 1017 determinare
1737 951 1848 1031 potuit,

251 1044 314 1104 sive
334 1043 492 1124 exemplar
513 1041 691 1104 antecedere
713 1043 858 1122 oportuit,
880 1043 918 1103 ad
942 1043 1024 1122 quod
1079 1067 1136 1109 nec
1152 1054 1197 1109 est
1213 1049 1277 1110 ulla
1296 1054 1381 1110 tante
1397 1047 1532 1110 materias
1546 1048 1678 1123 vastitas,
1698 1047 1775 1126 quin
1787 1063 1851 1106 ern·

253 1156 331 1218 opus
345 1137 424 1198 illud
441 1156 533 1199 suum
550 1137 723 1217 designaret
741 1136 806 1214 eJ'us
829 1136 1023 1198 architectus.
1078 1143 1158 1223 plior
1164 1144 1267 1223 eliqua
1274 1143 1352 1221 fingi
1360 1141 1522 1221 cogitando
1528 1130 1631 1220 quoru.
1640 1139 1852 1218 lmquemode·

252 1232 383 1292 Proinde
397 1232 515 1292 mundo
533 1237 578 1292 θεῖ
591 1231 746 1310 antiquius
763 1229 890 1309 aliquid.
911 1232 945 1292 ld
973 1252 1026 1293 au·
1078 1242 1179 1297 ratore
1190 1242 1220 1298 et
1231 1236 1340 1316 opifice
1355 1235 1459 1314 aliquo
1474 1240 1519 1295 est
1529 1251 1616 1314 opus,
1634 1232 1806 1312 eodemque
1821 1239 1852 1294 et

251 1329 314 1385 tem
333 1332 378 1385 est
396 1326 487 1386 Deus.
508 1325 567 1385 Sed
586 1343 656 1404 quae
669 1325 751 1403 apud
770 1324 935 1386 Alcinoum
953 1333 1025 1387 sunt
1077 1329 1267 1409 intelligente
1282 1336 1312 1390 et
1327 1330 1474 1409 sapiente,
1486 1327 1541 1407 qui
1555 1345 1604 1387 res
1618 1344 1726 1388 omnes
1741 1332 1852 1387 totam·

249 1418 367 1499 reliqua
379 1419 612 1499 subjungamus.
626 1417 741 1478 Eodem
755 1418 839 1478 enirn
856 1420 1022 1498 pertinent.
1078 1442 1138 1503 que
1150 1423 1226 1484 adeo
1237 1423 1317 1484 hano
1328 1422 1558 1483 universitatem
1567 1419 1656 1479 certis
1669 1419 1807 1481 animeris
1816 1438 1852 1481 ec

251 1513 415 1592 Postquam
424 1530 498 1592 ergo
516 1512 654 1573 definivit
665 1511 781 1584 ideam,
798 1517 833 1571 ut
847 1512 885 1572 slt
898 1534 914 1569 u
925 1532 1026 1575 exem·
1078 1516 1265 1596 ponderibus
1278 1515 1489 1595 mensurisque
1503 1510 1690 1592 complexus,
1704 1530 1777 1573 suos
1790 1512 1852 1573 eui·

248 1605 316 1685 pler
324 1612 474 1667 aeternum
486 1625 594 1668 eorum
612 1623 681 1685 qum
698 1611 770 1665 sunt
783 1608 953 1670 secundum
966 1628 1025 1671 ne·
1077 1630 1137 1691 que
1148 1610 1224 1671 fines
1233 1610 1416 1671 attribuerit.

246 1703 349 1760 turem
364 1721 396 1764 su
415 1700 569 1760 esseideas
582 1698 942 1779 probatiisergumcntis
954 1722 1024 1782 quae
1116 1705 1257 1766 Alterum
1280 1709 1500 1784 argumentum
1523 1702 1633 1764 mundi
1656 1703 1751 1782 ipsius
1773 1700 1851 1762 ordo

249 1793 288 1852 ad
312 1792 345 1852 id
365 1793 484 1868 valent,
504 1799 540 1854 ut
557 1799 588 1854 at
604 1794 703 1853 Deum
725 1812 788 1854 esee
807 1797 1020 1874 persuadeant.
1076 1816 1112 1859 ac
1123 1798 1279 1879 dispositio
1296 1805 1327 1860 et
1342 1798 1490 1859 mirabilis
1506 1798 1588 1859 inter
1606 1816 1638 1857 se
1656 1795 1851 1857 dissimilium

255 1886 364 1963 «Sive,
379 1887 488 1968 inquit,
505 1886 678 1948 intellectus
694 1892 738 1948 est
758 1889 837 1948 Deus
855 1889 916 1949 eive
934 1891 1022 1951 intel·
1075 1893 1211 1972 partium
1235 1893 1399 1953 concordia
1423 1891 1607 1971 suppeditat.
1635 1891 1740 1968 Neque
1764 1889 1851 1950 enim

249 1978 347 2059 ligens
373 1982 534 2062 quiddam,
562 1981 767 2061 irrtelligibilie
787 2001 842 2043 sua
860 1983 963 2060 habet,
991 1990 1022 2046 et
1074 1990 1161 2046 tenta
1177 2003 1283 2046 rerum
1305 1985 1504 2060 concinnitas,
1529 1984 1588 2045 nisi
1610 1982 1727 2044 ratione
1752 1987 1785 2042 et
1808 2001 1852 2041 aa·

248 2091 285 2133 ea
299 2074 423 2152 quidem
433 2074 811 2136 aeternaetimmutabilia.
824 2075 909 2149 Quod
926 2077 1022 2139 sihoo
1074 2080 1190 2159 pientia
1214 2080 1371 2142 elaborata
1402 2085 1540 2141 constare
1564 2079 1676 2160 potuit.
1708 2077 1853 2156 Quisquis

247 2165 331 2227 itase
342 2166 446 2243 habet,
458 2168 533 2229 ideae
544 2173 627 2228 sunt.
641 2167 763 2228 Etenim
778 2168 803 2227 si
817 2169 1021 2249 meteriaipsa
1073 2180 1177 2235 autem
1203 2175 1322 2236 ratione
1344 2173 1606 2253 intelligentiaque
1632 2171 1673 2231 ed
1692 2170 1851 2250 agendum

247 2278 393 2322 mensure
408 2268 500 2338 earet,
519 2261 559 2322 ab
577 2260 680 2339 aliquo
698 2260 907 2339 praestantiore
927 2268 1021 2324 etex·
1073 2266 1180 2342 utitur,
1204 2270 1337 2328 turmam
1358 2285 1394 2327 ac
1415 2266 1548 2346 maciem
1569 2264 1667 2325 susurri
1691 2262 1793 2342 operis
1817 2262 1851 2322 in

247 2360 333 2433 perte
356 2355 491 2417 materie
509 2372 687 2416 mensuram
708 2372 828 2414 necesse
847 2361 892 2415 est
908 2350 1018 2436 capiat.
1072 2359 1177 2421 animo
1194 2359 1374 2440 impressam
1390 2358 1494 2434 habet,
1512 2359 1552 2419 ad
1566 2374 1661 2436 quam
1677 2356 1742 2433 ejus
1761 2355 1852 2416 effec-

248 2449 364 2510 Verum
387 2454 490 2510 eutem
514 2456 558 2510 est
582 2448 774 2524 antecedens,
794 2466 904 2510 verum
925 2449 1020 2528 igitur
1072 2454 1191 2516 tionem
1216 2455 1330 2533 dirigit.
1355 2456 1400 2514 Ex
1420 2454 1481 2515 hoc
1501 2450 1616 2532 duplici
1643 2450 1741 2530 capite
1766 2450 1851 2510 Deus

247 2561 446 2622 consequens.
464 2542 543 2603 Etsi
565 2540 625 2602 hoe
640 2542 684 2602 ita
706 2548 761 2618 est,
786 2542 863 2603 ideae
882 2549 964 2619 sunt,
985 2549 1020 2604 ut
1072 2566 1135 2610 esse
1158 2553 1347 2609 monstratur
1371 2547 1502 2627 aliquis,
1532 2551 1639 2607 auctor
1670 2543 1851 2604 universita-

247 2654 317 2716 quee
339 2656 491 2702 mensure
510 2637 652 2716 quedam
674 2642 747 2698 sunt
766 2642 903 2717 expertes
925 2644 1020 2699 mate
1071 2642 1213 2721 tishujm
1226 2647 1257 2702 et
1274 2640 1392 2717 artilex,
1416 2640 1560 2719 idemque
1579 2644 1611 2699 et
1624 2636 1802 2715 intelligens
1819 2641 1852 2696 et

247 2731 311 2794 rim.
324 2733 447 2794 Accedit
456 2733 539 2814 quod
553 2732 578 2793 si
591 2732 727 2793 mundus
736 2751 801 2793 non
814 2732 940 2793 fortrdto
951 2733 1020 2795 talis
1072 2753 1193 2798 summe
1211 2735 1346 2816 sapiens,
1370 2735 1404 2794 in
1428 2753 1491 2814 quo
1519 2750 1626 2795 rerum
1650 2731 1793 2793 omnium
1819 2735 1851 2791 et

247 2834 302 2905 est,
326 2847 392 2890 non
420 2827 522 2889 solum
539 2847 578 2889 ex
595 2826 709 2907 aliquo,
730 2845 839 2888 verum
865 2828 958 2889 etism
978 2828 1018 2889 ab
1072 2828 1242 2892 formarum
1258 2829 1371 2909 quibus
1385 2834 1493 2890 creatae
1507 2846 1556 2890 res
1573 2826 1759 2901 afficiuntsu,
1771 2824 1851 2886 ideo

247 2920 351 3000 aliquo
365 2922 461 2984 iactus
472 2928 537 2983 est:
554 2938 655 3000 neque
677 2919 709 2981 id
728 2919 839 2996 solum,
852 2920 904 2981 sed
924 2922 1018 2983 etiam
1072 2922 1177 2985 insunt
1184 2930 1215 2985 et
1224 2922 1365 3004 exempla
1373 2941 1443 3003 quae
1451 2929 1483 2984 et
1492 2921 1611 2983 infinite
1618 2921 1752 3001 perlecta
1761 2925 1847 2997 sunt,

248 3015 288 3075 ad
311 3015 426 3096 aliquid
454 3023 499 3078 est
512 3015 620 3077 factus.
640 3014 673 3075 ld
695 3032 770 3076 vero
797 3015 836 3076 ad
860 3016 944 3096 quod
958 3016 1018 3077 lec·
1071 3023 1102 3078 et
1115 3018 1224 3079 codem
1236 3018 1330 3080 modo
1346 3035 1467 3098 semper
1477 3016 1603 3092 habent,
1616 3021 1686 3076 tum
1698 3014 1760 3075 illm
1774 3013 1850 3093 ipsas

245 3113 294 3169 tus
320 3117 383 3189 est,
406 3111 481 3192 quid
508 3110 593 3172 aliud
615 3116 725 3190 praeter
748 3109 849 3173 ideam
872 3130 935 3173 esee
958 3131 1017 3192 po-
1071 3110 1233 3190 quelitates
1247 3130 1283 3173 ac
1299 3112 1407 3173 torma
1422 3108 1535 3190 quibus
1558 3114 1705 3171 creaurree
1722 3107 1850 3187 periun-

243 3202 375 3264 tuit⁰ta
1070 3203 1197 3282 duntur,
1214 3204 1253 3266 als
1264 3205 1361 3284 iisque
1375 3203 1626 3279 denominantur,
1643 3220 1680 3263 ex
1699 3198 1770 3275 illis,
1790 3219 1849 3262 eeu

282 3295 320 3355 V.
334 3297 405 3356 Hac
417 3295 572 3358 Alcinous.
584 3298 619 3359 ln
630 3297 742 3378 quibus
756 3304 939 3377 argumenta
952 3298 1015 3363 duo
1068 3296 1218 3373 fonfibus,
1239 3298 1399 3378 profluunt
1409 3297 1434 3373 *,
1467 3316 1502 3357 ac
1517 3314 1574 3377 pro
1588 3314 1626 3357 eo
1643 3313 1679 3356 ac
1692 3293 1794 3373 magis
1809 3292 1850 3353 ad

242 3390 449 3466 eontinentur,
463 3390 595 3453 alterum
609 3392 767 3453 emeterio
777 3392 909 3472 petitum
922 3413 939 3455 e
953 3414 1016 3474 qua
1067 3389 1186 3473 ipsarel
1195 3390 1299 3453 minus
1307 3391 1466 3467 accedunt,
1473 3409 1510 3452 eo
1522 3389 1620 3469 magis
1627 3389 1768 3449 minusve
1775 3405 1851 3448 oum

242 3483 377 3545 mundus
385 3483 592 3565 componitur,
605 3484 738 3546 eltenrm
749 3503 787 3545 ex
801 3483 895 3564 ipsius
906 3488 1015 3548 mundi
1068 3487 1293 3569 periectaeipsae
1306 3494 1388 3564 sunt,
1400 3492 1469 3547 tum
1480 3485 1561 3547 eain
1581 3482 1693 3564 quilius
1712 3481 1847 3559 haerent,

242 3584 404 3640 stnrctura.
426 3579 471 3640 Ac
493 3577 630 3658 primum
653 3578 778 3658 qrridem
803 3577 950 3641 illustrari
972 3580 1015 3643 sic
1068 3583 1240 3663 perficiunt.
1268 3581 1374 3661 ltaque
1391 3579 1558 3643 mutationi
1571 3577 1851 3656 subjeotsutreque

242 3678 350 3752 potest.
365 3673 441 3733 Cum
451 3671 535 3733 enim
544 3673 788 3753 unumquodque
803 3692 923 3755 corpus,
939 3693 1015 3755 pree
1067 3682 1149 3753 sunt,
1158 3683 1222 3738 tam
1228 3674 1296 3736 illas
1302 3674 1370 3735 dico
1379 3672 1851 3751 efficienteslormas,quemq1m

242 3766 347 3827 sertim
360 3766 544 3844 animatum,
557 3767 639 3829 intra
649 3774 768 3829 eertum
779 3768 908 3830 modum
920 3776 1015 3832 mate
1067 3770 1106 3832 ab
1122 3771 1195 3853 ipsis
1208 3770 1424 3832 informantur.
1440 3768 1519 3830 Nam
1531 3765 1626 3827 etilloe
1636 3771 1777 3826 crescunt
1792 3771 1850 3826 aut

242 3858 295 3921 riae
309 3860 502 3922 contineatur
514 3860 718 3943 (nequeenim
727 3862 760 3923 iu
771 3861 928 3925 infinitum
945 3883 1015 3945 por·
1067 3859 1850 3940 etiamminuuntur,extinguunturitemacpe1eunt

241 3954 300 4035 rigi
308 3954 429 4037 potest),
442 3961 545 4017 totum
556 3956 616 4017 hoe
627 3956 805 4018 universum
817 3956 901 4037 quod
908 3957 1014 4021 omnia
1067 3961 1097 4017 et
1107 3955 1165 4016 ista
1175 3974 1245 4036 quse
1257 3955 1318 4016 illis
1327 3954 1464 4032 subjecte
1476 3959 1548 4014 sunt
1559 3971 1595 4014 ac
1609 3951 1787 4013 srrbstentioe
1803 3951 1850 4013 di·

287 4198 407 4257 αΑιοιῖῖ.
441 4197 578 4273 Ὁρῐζονται
600 4197 627 4253 el
647 4199 691 4268 τὴν
708 4197 772 4254 ἰδίαν
793 4203 946 4275 neptium
963 4204 1012 4257 τῶν
1067 4201 1117 4251 τῶν
1132 4196 1225 4269 μέτρων
1244 4194 1336 4266 ὀφείλει
1345 4198 1482 4268 τυγχάνειν,
1495 4196 1524 4250 ti
1540 4194 1567 4249 δὲ
1582 4194 1725 4268 ἡγούμενον·
1748 4192 1778 4248 τὸ
1797 4192 1848 4265 ἄρα

241 4282 382 4355 κατὰφύσιν
396 4282 504 4338 αἰώνιον.
1067 4282 1153 4354 λῆγον·
1170 4279 1191 4334 el
1202 4279 1227 4334 δὲ
1241 4283 1321 4352 τοῦτο,
1337 4278 1398 4335 εἰσὶν
1414 4279 1511 4335 elidius
1531 4281 1607 4353 μέτρα
1618 4279 1672 4332 τινὰ
1688 4278 1750 4331 tota
1763 4275 1847 4352 ὑπάρ-

277 4382 290 4423 e
312 4366 354 4424 ld.
368 4365 461 4421 'erret
474 4365 569 4421 slortei
585 4362 654 4440 eut,
667 4367 706 4421 mi
722 4368 787 4423 ciros
806 4369 1010 4442 παραμυθοῦνται·
1066 4385 1163 4440 pouces·
1191 4363 1227 4418 ἔτι
1240 4383 1268 4437 γε
1283 4362 1360 4438 pirri
1375 4363 1536 4437 ὁκόσμοςμὴ
1553 4360 1738 4434 ἔκταῦτομάτου
1757 4367 1846 4415 τοιοῦ·

242 4448 290 4506 εἴτε
307 4451 355 4526 γὰρ
374 4454 429 4514 νοῦς
445 4449 533 4513 teste
548 4449 660 4525 ὓπάρχει,
681 4448 730 4507 εἴτε
745 4454 845 4526 νοερόν·
867 4452 931 4509 ἔστιν
946 4454 1012 4527 αὐτῷ
1066 4453 1108 4514 τός
1117 4448 1192 4519 ἔστιν,
1203 4447 1231 4501 ori
1244 4449 1318 4520 μόνον
1335 4447 1361 4501 la
1374 4449 1438 4510 τινός
1454 4446 1504 4502 ἔστι
1515 4446 1632 4519 γεγονὼς,
1652 4444 1716 4498 ἀλλὰ
1732 4443 1772 4497 καὶ
1794 4444 1846 4498 tao

240 4537 360 4608 νοήματα,
374 4530 414 4589 καὶ
427 4539 501 4591 ταῦτα
514 4532 600 4589 αἰώνιά
610 4556 646 4607 τε,
658 4534 698 4591 καὶ
710 4539 816 4612 ἄτρεπτα
828 4558 835 4571 ·
856 4533 878 4592 ti
888 4535 914 4592 ii
928 4542 1009 4610 τοῦτο,
1065 4536 1140 4597 τινός·
1155 4535 1195 4587 καὶ
1210 4531 1238 4585 οὗ
1248 4533 1322 4603 μόνον
1334 4537 1422 4586 τοῦτο·
1438 4531 1502 4584 ἀλλὰ
1516 4530 1556 4583 καὶ
1575 4531 1635 4603 πρός
1649 4548 1682 4601 τι,
1696 4529 1727 4584 τὸ
1744 4526 1771 4581 δὲ
1780 4529 1846 4601 πρὸς

241 4614 301 4672 stetu
310 4618 335 4673 αἱ
349 4616 419 4692 ἰδέαι,
434 4616 474 4672 mi
485 4617 532 4693 γὰρ
546 4617 567 4673 ei
579 4620 684 4694 ἄμετρος
694 4620 796 4697 ὗπάρχιι
809 4621 879 4692 ἡῦλη
893 4623 954 4677 κατὰ
969 4621 1011 4676 τὸν
1065 4621 1080 4674 ὃ
1093 4619 1188 4693 γέγονε,
1201 4615 1225 4671 ri
1239 4618 1268 4670 ἂν
1280 4616 1343 4669 ἄλλο
1355 4615 1478 4689 piperni
1492 4612 1564 4681 telam

241 4701 325 4772 ἑαυτῆς
346 4704 432 4777 λόγον,
454 4701 601 4777 παρ’ἒτέρου
624 4705 688 4768 τινὸς
707 4704 854 4781 κρείττονος,
876 4706 916 4760 καὶ
937 4702 1011 4761 ltlou

271 4932 341 4985 ‘Sua
366 4946 412 4984 non
425 4933 512 4985 tuabi
528 4933 634 4998 addula
652 4948 697 4999 quo
715 4935 764 4987 tisri
776 4934 909 4987 hierenae
924 4936 1011 5000 potest,
1064 4933 1230 4999 resinamque
1244 4933 1379 4986 condetur.
1398 4932 1447 4984 lluc
1460 4932 1493 4984 ll.
1511 4929 1566 4982 lacit
1579 4930 1704 4996 conspicue
1721 4927 1845 4995 gradibus-

240 5011 284 5063 alie
296 5011 420 5065 recoluuss
433 5016 568 5078 amaneus
579 5012 661 5079 quihus
674 5014 702 5067 ad
714 5014 896 5083 persuadendam
909 5013 950 5065 usi
963 5014 1012 5065 exi-
1065 5022 1110 5076 que
1132 5009 1239 5061 distinda
1260 5022 1336 5061 reum
1353 5007 1509 5074 pulchritudo,
1531 5020 1574 5072 que
1589 5006 1666 5070 (Apud
1685 5007 1781 5070 lugeat.
1796 5003 1841 5055 lib.

240 5091 346 5141 alentiam
360 5105 414 5143 usos
427 5093 507 5144 Patres
523 5092 665 5159 accepimus.
682 5094 732 5143 lluc
748 5094 825 5159 itaque
843 5093 862 5143 l.
876 5093 933 5145 lacit
946 5105 1011 5144 com·
1065 5089 1174 5141 Llllllllll
1188 5089 1298 5154 Quart„
1312 5104 1335 5155 q.
1349 5103 1405 5141 aar.
1420 5091 1444 5139 et
1457 5087 1578 5139 dannot.
1595 5087 1623 5137 to
1639 5086 1709 5138 Ptol.
1726 5099 1767 5135 xer
1780 5084 1844 5137 Gre-

239 5173 304 5236 perta
336 5172 418 5222 meotis
436 5174 562 5237 animeque
579 5172 725 5237 maternitas,
744 5187 795 5239 que
818 5172 893 5239 (Apud
915 5174 1012 5236 tugost.
1066 5170 1263 5235 goriamllorol.
1281 5168 1324 5220 hl).
1341 5170 1433 5234 V,cap.
1447 5179 1520 5228 xxv..
1536 5166 1579 5219 lio.
1596 5166 1678 5229 xxvi,
1700 5179 1753 5231 cap.
1779 5178 1840 5217 eru.

240 5250 351 5314 consess.
369 5249 409 5300 lib.
425 5250 473 5313 Vll,
486 5266 537 5318 cap.
552 5266 577 5315 x,
601 5256 625 5303 et
642 5254 673 5304 de
687 5254 769 5314 doctr.
787 5253 875 5302 christ.
891 5254 916 5302 et
929 5250 969 5301 lib.
987 5250 1008 5313 l,
1067 5253 1091 5301 et
1108 5250 1250 5313 anselmum,
1264 5249 1383 5312 lloaoloa.
1398 5262 1466 5315 capp.
1494 5250 1550 5308 er.)
1580 5247 1609 5298 ad
1622 5245 1760 5299 numism
1783 5246 1841 5309 pls·

241 5330 456 5395 eapp.vur,1r.)
478 5330 507 5380 ad
526 5330 735 5383 incommutabilem
755 5330 903 5397 sapientiem,
927 5330 1007 5392 rium,
1060 5328 1376 5394 rusurrianensis
1398 5328 1437 5379 lll.
1463 5326 1548 5378 faciunt
1570 5325 1716 5379 scissuram
1739 5325 1844 5378 ommam
