4096 6190
398 299 449 360 DE
468 300 543 362 ΠΕΟ
563 300 707 375 DEIQUE
726 300 1074 377 PROPRIETATIBUS,
1096 301 1169 362 ΗΒ.
1191 300 1257 377 vlt,
1279 300 1362 362 CAP.
1385 300 1465 363 Xlll.
1667 302 1726 364 alt

132 463 337 542 regrinationi
363 465 492 527 modum
524 467 694 530 adhiberet.
733 467 789 528 Cui
816 484 904 545 pera-
955 466 1038 526 Atia
1057 466 1167 527 eadem
1180 467 1234 527 illo
1255 471 1364 546 quarta
1378 465 1724 545 librontrudulianum,

131 555 302 634 grlnstioni
331 558 497 637 respondet
520 558 614 634 fides,
647 564 678 620 at
708 558 832 636 utrique
859 564 906 618 est
955 562 1124 637 octavoque
1135 577 1202 638 cap.
1214 558 1400 619 nominatim
1408 559 1553 637 parvulos
1567 564 1636 637 past
1649 560 1725 639 bap-

132 650 276 728 opposita
289 650 415 728 species,
427 650 458 710 id
470 655 516 710 est
529 651 621 725 clara,
637 657 669 712 θῖ
683 650 846 728 aenigmate
858 668 905 710 so
954 649 1082 711 tismum
1109 650 1276 711 morientes
1302 651 1440 711 «intrare
1463 652 1507 712 ait
1532 652 1567 711 in
1592 669 1726 729 regnum

132 739 203 800 luta
215 740 382 801 divinitatis
395 741 482 818 visio,
494 743 599 803 utalia
614 743 681 803 loco
693 743 777 803 idem
792 742 905 801 Paulus
954 741 1047 816 Dei;r
1065 741 1142 803 alios
1161 743 1305 805 excludit.
1333 743 1440 802 «Nihfl
1457 748 1563 803 autem
1580 742 1664 803 aliud
1679 750 1726 805 est

132 832 280 893 ostendit.
306 831 454 894 Auderrtaa
480 833 572 913 igitur
596 851 717 914 ιθιιιρθῖ,
743 834 854 913 inquit,
877 840 905 892 et
953 849 1098 910 regnum,
1121 853 1216 912 quem
1244 835 1308 895 vita
1334 839 1487 909 aeternna
1519 835 1562 896 ait
1582 835 1726 913 Augusti-

132 924 263 999 sct‘errter,
274 924 425 1004 paeoniam,
439 944 617 986 tumeamus
631 925 662 985 ιἰι
674 943 805 1006 corpore,
816 944 904 1005 pera·
954 924 1041 985 nus¹.
1059 926 1154 986 Porro
1167 927 1231 986 vita
1244 932 1371 994 esterna,
1387 931 1423 986 ut
1441 932 1472 987 et
1484 943 1617 1004 regnum
1636 927 1727 986 caelo·

132 1015 293 1095 qriacmur
312 1016 480 1077 scamina.
497 1017 557 1078 Per
576 1016 664 1098 fidem
678 1017 754 1078 enr'rn
767 1015 903 1079 ambala-
953 1033 1037 1093 rum,
1054 1018 1132 1078 nibil
1146 1019 1231 1079 aliud
1254 1024 1310 1094 est,
1331 1036 1426 1097 quam
1446 1020 1551 1080 ridere
1573 1019 1673 1079 Deum
1687 1020 1726 1079 si-

133 1124 211 1183 mm,
226 1114 256 1168 et
277 1126 336 1168 ιιθιι
351 1126 408 1189 per
424 1108 548 1189 speciem
565 1129 577 1170 .·
591 1108 728 1169 αιιιῖθιιιιιι
751 1117 861 1186 artem,
877 1118 904 1171 et
954 1109 1018 1168 cuti
1041 1114 1097 1169 est.
1114 1111 1192 1170 Nam
1202 1110 1227 1170 si
1239 1111 1299 1170 hoe
1321 1129 1386 1171 nou
1409 1115 1465 1186 est,
1496 1111 1724 1191 qualecumque

133 1197 435 1263 manutentorem
454 1200 592 1262 labeum
612 1202 705 1282 magis
716 1201 907 1282 peregrinari
953 1200 1079 1261 tandem
1101 1206 1157 1275 est,
1182 1202 1287 1262 minus
1308 1207 1364 1277 est,
1385 1220 1480 1281 quam
1499 1202 1603 1262 videre
1627 1203 1725 1263 Deum

133 1309 156 1351 a
169 1310 300 1371 corpore,
315 1300 343 1352 et
354 1300 511 1372 presentes
523 1312 579 1353 mae
591 1291 631 1355 ad
643 1291 834 1354 nominant
953 1292 1042 1352 sicuti
1061 1299 1117 1370 est,
1134 1312 1196 1373 quo
1219 1295 1284 1354 solo
1300 1294 1354 1354 Dei
1374 1294 1489 1354 similes
1510 1293 1673 1371 efficimur,
1690 1301 1725 1356 ut

177 1384 230 1446 Vi.
253 1384 381 1445 Illustris
393 1385 444 1445 bie
456 1404 530 1445 reru
544 1386 641 1460 loeus,
657 1387 741 1446 etad
758 1386 903 1463 quaestio-
954 1383 997 1444 ait
1010 1384 1175 1446 loannes³.
1199 1385 1283 1446 Nibil
1301 1392 1406 1447 autem
1424 1386 1631 1465 praestantius,
1646 1387 1725 1447 nibil

133 1474 905 1552 nemnostramimprimisaeeommodatus.atenim
954 1476 1119 1554 optabilius
1148 1484 1264 1538 mtema
1283 1478 1357 1553 vita,
1382 1496 1541 1557 regnoque
1561 1476 1722 1539 caelorum.

134 1565 242 1627 videre
264 1584 320 1645 per
340 1567 484 1646 speciem,
501 1571 536 1626 ut
549 1585 631 1646 saepa
645 1567 837 1645 Augustinus
850 1585 903 1627 ex·
954 1567 1035 1640 Quin
1048 1569 1178 1648 ipsemet
1197 1571 1328 1647 August.
1349 1575 1437 1630 tract.
1465 1586 1512 1630 uxr
1526 1568 1722 1646 indecorem,

134 1658 235 1737 ponit,
258 1658 444 1736 estliquido,
469 1664 500 1719 et
515 1663 551 1718 ut
572 1659 606 1718 in
619 1676 651 1718 se
665 1663 721 1733 est,
738 1660 837 1719 Deum
861 1658 906 1719 'm-
953 1659 1050 1721 vitem
1076 1668 1225 1722 aeternam
1251 1662 1387 1741 idipsum
1414 1679 1478 1722 esse
1503 1661 1603 1733 docet,
1621 1661 1725 1723 videre

133 1749 315 1814 tumidum
326 1750 421 1828 igitur
430 1750 594 1829 Apostolus
604 1750 673 1811 ideo
683 1756 905 1830 corporeoptet
955 1751 1066 1812 Deum.
1493 1796 1495 1800 ι

135 1841 264 1915 exsolvi,
287 1847 323 1903 nt
342 1846 373 1902 et
395 1842 586 1921 peregrinari
604 1842 734 1914 dedunt,
757 1847 849 1921 atque
871 1844 905 1905 in
997 1844 1060 1904 Vll.
1083 1844 1231 1918 Quocirca
1250 1847 1305 1924 qui
1326 1851 1504 1907 senatuum
1523 1845 1642 1906 animas
1655 1863 1724 1907 eor-

134 1932 199 1994 fide
214 1933 384 2008 ambulare,
405 1938 435 1994 et
456 1935 587 1996 Domino
612 1952 747 2014 pressans
773 1936 903 2011 assistat,
954 1954 1029 2014 pore
1055 1935 1176 1997 macne
1201 1943 1317 1999 esterna
1343 1939 1417 2014 vita,
1444 1957 1541 2018 regno
1563 1938 1722 2013 caelorum,

135 2044 271 2105 eumque
280 2044 336 2106 per
345 2026 479 2105 speciem
486 2026 602 2101 videat;
613 2027 764 2089 minirum
773 2027 902 2105 putavit,
955 2028 1009 2088 Dei
1021 2046 1057 2088 ae
1066 2028 1175 2089 Christi
1188 2030 1343 2091 consortio
1353 2030 1415 2091 trui
1423 2031 1545 2107 dicitis
1558 2029 1725 2110 perfectam

134 2119 240 2181 statim
254 2119 313 2181 sibi
332 2124 425 2197 atque
441 2138 460 2179 a
475 2119 539 2179 vita
552 2119 724 2197 migrasset,
744 2119 905 2198 perspicue
955 2119 1050 2178 animi
1060 2119 1247 2198 felicitatem,
1264 2128 1295 2181 et
1307 2141 1369 2201 qua
1380 2123 1480 2201 major
1492 2128 1538 2183 est
1549 2122 1645 2197 nulla,
1657 2122 1724 2199 jam

133 2211 261 2272 ridendi
288 2212 342 2272 Dei
360 2211 481 2290 mptum
503 2211 651 2272 suturam.
673 2212 778 2289 Magni
800 2212 905 2289 itaque
955 2228 1006 2271 eas
1020 2211 1093 2271 dicit
1105 2213 1240 2292 adeptas.
1257 2215 1322 2275 Hoc
1334 2220 1438 2276 autem
1448 2214 1607 2275 innumeri
1621 2215 1725 2275 Patres

134 2303 293 2364 sariendus
306 2309 353 2364 est
364 2303 415 2364 hie
427 2304 524 2377 locus,
540 2321 579 2363 θιι
592 2322 655 2382 quo
670 2304 747 2364 illud
759 2302 902 2379 afficitur,
955 2303 1064 2378 Graeoi,
1078 2304 1239 2384 Latinique
1253 2308 1453 2386 scripserunt.

132 2413 207 2455 oum
222 2396 332 2471 Graeci,
352 2395 511 2474 Latinique
534 2396 648 2471 Patras,
664 2400 794 2471 sanctos,
812 2395 867 2455 ubi
888 2413 904 2455 θ
993 2395 1175 2459 Ambrosius
1187 2397 1266 2457 libro
1281 2398 1308 2458 X
1329 2400 1361 2459 ιἰι
1380 2399 1500 2475 Lucam,
1518 2398 1556 2458 de
1573 2398 1655 2458 Petri
1668 2416 1723 2459 ne·

132 2488 212 2547 vivis
231 2492 437 2563 excesserunt,
453 2506 525 2548 cum
539 2489 613 2562 Deo,
633 2488 683 2547 vel
700 2488 818 2549 Christo
840 2506 905 2549 esse
953 2487 1077 2565 geticae
1104 2507 1209 2567 agens.
1242 2491 1354 2550 «Unde
1376 2496 1417 2563 te,
1442 2491 1554 2569 inquit,
1585 2508 1722 2567 evocem,

132 2579 253 2656 dicunt,
267 2580 352 2659 quod
364 2580 541 2658 frequenter
549 2585 716 2659 usurpant;
734 2580 857 2641 eosdem
867 2580 905 2640 si·
954 2579 1054 2655 Petra,
1069 2586 1105 2642 ιιῖ
1117 2581 1227 2641 doceas
1247 2599 1315 2658 me,
1332 2582 1406 2661 quid
1426 2582 1504 2643 flens
1525 2581 1725 2661 cogitaveris?

131 2672 281 2749 guiduam
295 2671 591 2733 manifestoDeiirui
605 2676 780 2750 conspectu,
796 2671 904 2751 inquo
954 2672 1043 2733 Unde
1055 2678 1097 2749 te,
1113 2673 1253 2752 inquam,
1270 2674 1415 2735 evocem?
1429 2677 1472 2735 De
1487 2674 1575 2751 eaelo,
1590 2673 1645 2733 ubi
1657 2674 1724 2752 jam
1834 2740 1837 2745 .

133 2763 275 2826 absoluta
293 2770 339 2825 est
353 2764 532 2825 animorum
544 2764 672 2824 felicitas
685 2764 794 2843 posita.
812 2764 904 2826 Hunc
955 2763 1049 2825 choro
1068 2765 1201 2825 insertus
1220 2771 1266 2825 est
1279 2765 1504 2843 angelorumra
1523 2766 1572 2826 Sic
1588 2765 1670 2826 idem
1691 2766 1724 2826 in

133 2855 301 2935 Augustini
324 2875 389 2917 esse
402 2874 537 2931 sensum,
553 2856 668 2917 celebri
691 2874 731 2916 ax
751 2855 818 2934 ejus
832 2873 904 2916 cum
953 2855 1041 2934 epist.
1056 2854 1160 2931 rrv,dc
1171 2855 1231 2917 SS.
1249 2855 1397 2933 Geraesto,
1413 2856 1588 2917 etProtasr'o
1598 2874 1610 2916 .·
1625 2857 1725 2930 «Quo-

133 2948 308 3027 Pelagianis
324 2948 523 3009 contentione
536 2948 608 3009 licet
627 2948 835 3026 interpretari.
852 2948 904 3009 lsti
953 2964 1035 3024 rum,
1050 2948 1162 3026 inquit,
1171 2948 1317 3009 animuin
1329 2948 1416 3022 coelo,
1429 2966 1542 3029 corpus
1555 2948 1589 3008 in
1601 2953 1719 3009 terra.»

132 3042 220 3101 enim
233 3041 377 3120 parvulas
390 3042 456 3102 sine
465 3041 618 3119 baptismo
628 3041 807 3115 morientes,
819 3041 904 3118 quod
954 3039 991 3099 Et
1003 3039 1037 3099 in
1050 3039 1129 3099 libro
1143 3039 1179 3100 de
1189 3040 1273 3101 Bono
1289 3041 1401 3117 mortar,
1419 3060 1486 3120 cap.
1502 3056 1558 3101 sm.
1578 3040 1721 3116 «Docuit,

133 3133 278 3211 originali
298 3139 422 3213 peceato
444 3137 580 3207 careant,
600 3133 695 3193 vitam
716 3150 752 3192 ac
772 3131 903 3193 salutem
953 3131 1065 3209 inquit,
1089 3132 1253 3211 Apostolus
1277 3151 1361 3207 eum,
1388 3133 1443 3211 qui
1463 3133 1593 3193 evaserit
1614 3150 1652 3192 ex
1665 3132 1724 3192 hoe

132 3224 262 3303 adipisci
274 3225 378 3285 stetim
387 3224 574 3297 asserebant,
585 3229 764 3285 nontamen
778 3242 904 3304 aequum
954 3224 1132 3302 conpareat
1150 3225 1299 3284 meruerit
1315 3231 1431 3293 tamen,
1456 3242 1529 3285 oum
1544 3223 1663 3285 Christo
1677 3223 1724 3283 fu·

132 3315 273 3377 colorum
285 3316 442 3394 consequi,
456 3333 518 3394 quo
533 3331 626 3375 nemo
638 3314 783 3393 baptismi
796 3334 905 3396 expers
954 3320 1073 3376 turum.
1087 3337 1099 3373 ι
1122 3317 1160 3376 Et
1175 3316 1359 3395 quibusdam
1382 3316 1571 3396 interpositis
1587 3337 1594 3376 ι
1617 3337 1632 3373 ιι
1641 3316 1724 3376 Mors

132 3408 257 3485 ingredi
276 3413 387 3486 potest.
407 3408 488 3484 Erga
510 3406 556 3466 illi
576 3405 754 3485 perfectam,
771 3413 802 3467 ct
814 3408 904 3469 absc·
954 3406 1049 3484 igitur
1061 3407 1173 3468 solutio
1188 3413 1234 3468 est
1244 3410 1367 3484 auimae,
1384 3409 1571 3489 etcorporis.
1585 3407 1724 3486 Denique

133 3500 235 3560 lutam
247 3499 424 3560 felicitatem
436 3498 612 3559 statuebant
626 3499 660 3558 in
673 3499 763 3576 regui
776 3500 863 3560 aditu
874 3507 906 3562 et
955 3503 986 3559 et
997 3500 1032 3560 in
1054 3501 1200 3578 Apostolo
1219 3500 1381 3561 docuimus
1396 3502 1522 3575 lectum,
1538 3500 1673 3576 dissolvi,
1694 3506 1725 3561 et

134 3593 325 3671 possessione
347 3591 486 3651 amlestis.
509 3591 536 3651 A
553 3607 687 3668 quorum
701 3591 818 3666 jndicio
840 3611 905 3653 non
955 3608 1027 3653 cum
1054 3592 1173 3653 Christo
1203 3610 1280 3669 csse,
1312 3595 1411 3654 multo
1448 3593 1571 3654 melius.
1606 3592 1724 3653 Salutio

133 3685 282 3745 recedens
301 3684 491 3762 Augustinus
513 3683 551 3743 de
577 3683 637 3743 hoc
662 3683 730 3761 ipsa
755 3684 905 3745 eoelorum
955 3689 1060 3745 autem
1073 3684 1132 3744 ista
1144 3685 1220 3763 quid
1233 3685 1316 3745 aliud
1329 3686 1405 3763 agit,
1421 3685 1480 3745 uisi
1494 3690 1530 3745 ut
1548 3702 1660 3764 carpus
1674 3702 1723 3744 re-

135 3794 316 3855 regnoeum
328 3775 388 3835 illis
397 3775 508 3835 acriter
517 3773 665 3853 confligit,
674 3793 710 3836 ao
720 3780 789 3836 tum
799 3777 903 3837 exuu-
955 3774 1102 3851 solvatur,
1127 3781 1158 3837 st
1176 3776 1324 3855 qrdascat,
1349 3777 1455 3836 anime
1474 3781 1581 3836 autem
1600 3793 1725 3836 eonver-

135 3868 255 3928 dendos
268 3867 307 3928 ab
320 3868 404 3931 illius
416 3866 504 3927 aditu
520 3873 612 3944 negat
628 3866 785 3945 parvulos,
801 3868 827 3928 si
840 3868 906 3929 sine
955 3871 1039 3927 tatur
1055 3868 1089 3928 in
1105 3868 1246 3946 requiem
1264 3885 1363 3941 suam,
1379 3874 1410 3929 et
1430 3868 1469 3928 sit
1481 3866 1600 3928 libera?
1615 3884 1685 3945 qum
1699 3867 1725 3926 si

137 3960 291 4038 baptismo
305 3959 432 4033 mortui,
446 3959 565 4038 peccat
578 3958 657 4019 nibil
670 3958 824 4035 habeant3
838 3966 906 4021 tum
956 3959 1008 4037 pia
1029 3965 1085 4035 est,
1112 3976 1185 4019 cum
1212 3959 1330 4019 Christo
1349 3959 1454 4019 futura
1476 3959 1551 4019 sit.»
1573 3958 1654 4019 Tum
1677 3976 1726 4018 ca-

136 4068 192 4110 eos
208 4051 435 4125 tantummodo,
451 4050 506 4128 qui
525 4049 678 4128 baptismo
691 4049 807 4125 ,intrati
820 4057 904 4126 sunt,
956 4049 1072 4128 pitibus
1084 4066 1103 4111 x
1115 4056 1145 4110 at
1163 4066 1203 4126 ιιι,
1214 4051 1334 4111 animm
1347 4067 1475 4130 corpore
1485 4050 1606 4110 iunctas
1620 4049 1724 4109 statim

135 4148 203 4203 tam
212 4144 252 4204 ad
265 4143 414 4204 coelorum
429 4141 551 4201 admitti
562 4158 705 4217 reguum,
718 4159 813 4219 quam
822 4142 904 4219 vitea,
957 4142 1053 4221 recipi
1066 4142 1110 4202 ait
1119 4141 1152 4202 in
1171 4142 1349 4220 paradisum
1363 4160 1436 4203 eum
1449 4139 1722 4217 sanetisomnibus,

136 4235 293 4297 acselutis
307 4240 464 4313 compotes
477 4250 542 4314 esse
556 4232 702 4295 defendit.
719 4234 806 4293 Hanc
820 4235 905 4295 Pela·
956 4251 992 4294 ec
1009 4233 1129 4294 latrone
1145 4233 1213 4313 ipsc
1236 4240 1353 4309 sancto,
1377 4239 1470 4314 atque
1491 4235 1525 4294 in
1547 4232 1725 4294 mensiones

134 4327 303 4405 giancrum
314 4325 492 4405 opinionem
507 4325 643 4403 expauit,
654 4325 687 4387 iu
696 4325 798 4403 primo
809 4324 908 4387 libde
956 4325 1033 4401 illas,
1063 4343 1140 4404 quas
1163 4331 1411 4405 praeparaturum
1441 4344 1473 4387 se
1500 4325 1564 4387 suis
1586 4324 1725 4385 Christus

136 4419 328 4480 Peccator-am
351 4416 476 4493 meritis,
503 4423 532 4476 et
554 4415 731 4491 rectamne,
761 4435 828 4495 eep.
857 4434 904 4493 xx,
956 4417 1252 4497 ipsepromisit.1)e
1274 4436 1337 4497 quo
1356 4418 1510 4480 Ambrosii
1531 4418 1600 4478 loeo
1620 4421 1725 4496 postea

135 4511 227 4589 cujus
251 4511 285 4570 in
316 4509 387 4568 libri
415 4527 482 4588 cap.
510 4523 617 4583 ιιιιιιιι,
649 4508 790 4569 medium
817 4509 906 4571 illum
957 4511 1089 4588 plenius.

135 4604 242 4663 locum
253 4601 406 4675 refellens,
433 4618 520 4659 cnon
539 4617 603 4659 esse
622 4599 682 4659 nisi
695 4618 767 4660 eum
785 4600 906 4662 diabolo
997 4605 1104 4663 Petrus
1113 4592 1320 4681 Chrysalogus
1335 4620 1476 4663 sermone
1489 4602 1724 4663 mmdelararo

135 4696 222 4773 dicit,
236 4695 290 4773 qui
303 4712 367 4754 non
381 4698 426 4753 est
440 4710 512 4752 aum
531 4692 682 4752 Christo.»
699 4693 739 4752 Ut
752 4710 817 4753 esse
832 4712 906 4754 eon·
956 4714 1061 4775 agens,
1077 4700 1108 4755 et
1128 4694 1287 4775 inte1jecto
1310 4695 1387 4756 chao
1404 4716 1420 4752 a
1443 4695 1579 4755 Dicendo
1600 4694 1654 4768 sie,
1678 4693 1726 4753 in-

136 4792 198 4847 stet
209 4785 362 4847 felicitatis
374 4785 455 4845 banc
469 4801 636 4859 summam,
651 4783 686 4844 in
700 4802 797 4863 reguo
814 4787 905 4846 eoelc-
956 4789 1034 4868 quit,
1047 4793 1112 4847 tam
1131 4787 1241 4865 justos,
1261 4805 1357 4866 quam
1377 4787 1507 4866 injustos
1528 4792 1601 4847 ante
1614 4786 1726 4847 adven·

136 4896 223 4957 rum,
247 4885 279 4939 et
305 4896 377 4941 cum
405 4876 524 4939 Christo
543 4876 665 4954 degere.
688 4876 764 4936 Vide
785 4876 839 4937 lib.
867 4880 906 4945 IV
956 4886 1024 4940 tum
1047 4880 1172 4940 Domini
1190 4881 1273 4959 apud
1289 4879 1509 4941 inferosfuisse
1532 4878 1676 4953 declarat,
1694 4882 1725 4939 θῖ

136 4980 240 5034 eontra
259 4970 424 5045 laliacum,
447 4987 514 5047 rap.
530 4985 596 5044 vm,
620 4974 651 5027 et
673 4968 751 5028 libro
773 4969 809 5029 da
822 4969 907 5033 Pra—
956 4972 1093 5033 diseretis
1112 4972 1186 5034 locis
1198 4977 1332 5047 tantum,
1358 4991 1422 5033 non
1435 4970 1613 5050 regionibus
1626 4970 1725 5049 aperit

136 5063 331 5125 destinatebne
343 5068 518 5135 scammum,
541 5078 607 5139 cap.
622 5076 683 5136 xm,
700 5066 731 5121 et
748 5078 840 5122 serm.
856 5079 907 5125 rut
956 5064 1048 5125 fuisse
1062 5064 1184 5124 divism.
1201 5064 1366 5142 Postquam
1377 5082 1451 5123 vero
1461 5064 1611 5123 Dominus
1623 5079 1725 5123 resur·

136 5155 174 5218 de
186 5152 436 5235 Verbr'rApaatoli,
449 5157 480 5213 et
489 5152 550 5212 alia
560 5151 699 5229 ejusdam
708 5152 785 5227 loca,
797 5153 832 5213 in
841 5154 908 5232 qui-
955 5173 1033 5233 gens
1054 5174 1073 5216 a
1096 5156 1227 5216 mortuis
1248 5154 1371 5234 aperuit
1391 5154 1560 5229 infernum,
1582 5154 1725 5234 patefecit

136 5249 198 5309 bus
211 5247 410 5326 Pelagianum
425 5244 724 5305 illudeommeutum
738 5244 904 5324 redarguit.
957 5247 1065 5324 melos,
1101 5247 1234 5328 paradisi
1272 5246 1406 5307 claustra
1443 5247 1606 5326 reseravit,
1639 5245 1725 5307 dedit

165 5457 177 5498 1
191 5453 210 5497 ll
223 5455 271 5499 Gor.
284 5464 307 5504 r,
317 5454 339 5496 e.
351 5474 379 5486 -
388 5452 403 5496 2
413 5453 483 5497 sarm.
496 5463 532 5494 ιιι
543 5452 570 5493 de
585 5451 642 5497 verr.
655 5454 727 5504 Aport.
739 5463 758 5495 c.
772 5462 797 5494 ru
807 5459 829 5496 et
842 5463 871 5495 ιι.
884 5474 906 5485 -
921 5451 1024 5496 tideus
1036 5464 1070 5504 ru,
1081 5453 1104 5496 t.
