4008 6170
285 288 340 348 ιιι

280 444 370 500 uno
387 461 402 493 ι
423 440 522 512 Quare
536 440 708 500 communis
729 440 797 519 ipsa
814 446 926 501 natura
938 441 1056 501 ratione

797 287 1125 349 'l'llEOLOGlCORUhl
1146 287 1364 348 beautron

1110 440 1242 501 essentia
1255 440 1320 514 Dei,
1336 439 1390 499 sed
1400 439 1494 499 etiam
1508 444 1625 518 quanta
1633 439 1707 499 sit
1682 458 1747 517 epus
1766 440 1877 520 sapien.

135 540 225 589 ιιιιιοιι
281 531 501 606 consideratur
528 537 635 611 estque
652 530 724 615 λόγῳ
745 532 932 614 θ.ιωρητιιι
892 533 932 594 At
948 533 1058 593 indivi-
1109 533 1163 594 tia
1185 532 1279 612 Atqui
1304 550 1368 592 non
1386 549 1424 592 ex
1437 532 1557 611 sapient
1557 532 1587 591 ιι
1610 537 1656 591 est
1669 532 1810 607 essentia,
1831 533 1874 593 sed

123 602 253 699 ιρρρίρομιιι-

282 623 379 684 dua
357 642 419 684 sive
433 624 612 703 hypostases
624 630 678 684 aut
691 642 828 704 personae
842 643 897 705 per
910 644 942 685 sc
956 626 1057 732 reipsa

281 724 490 824 separataeque
505 722 654 793 constant,
674 736 748 777 nam
758 736 860 796 neque
884 718 960 778 inse
974 718 1053 778 invi-

280 829 347 872 cem
362 812 439 871 exist
439 816 495 871 unt
482 816 549 871 tet
567 810 660 871 rebus
678 810 783 871 multis
796 811 951 886 differunt,
974 811 1053 887 loco,

278 910 427 984 tempore,
437 904 620 979 conditione,
629 905 699 964 vitae
707 904 946 983 genere,forma‚
959 904 1057 984 digui-

278 1002 351 1058 tate.
362 998 483 1057 atvero
492 997 526 1057 in
539 1003 644 1058 sancta
657 1002 688 1058 ct
695 997 979 1076 supersubstantiali
987 1000 1055 1059 Tri-

278 1091 373 1151 nitatc
386 1096 493 1152 contra
504 1109 536 1151 se
550 1110 599 1151 res
614 1091 719 1151 habet.
743 1113 758 1148 ιι
775 1091 893 1171 Quippe
914 1092 1054 1171 quodibi

278 1203 442 1247 commune
453 1192 498 1246 est
520 1191 551 1246 et
564 1204 673 1260 unum,
689 1202 723 1245 re
737 1185 958 1261 consideratur,
975 1203 1053 1264 quo-

277 1278 363 1337 niam
377 1297 441 1337 una
455 1283 501 1338 est
507 1278 602 1338 trium
614 1277 765 1338 aeternitas
783 1283 812 1337 et
826 1277 936 1337 eadem
954 1295 1054 1339 essen·

276 1370 330 1445 tia,
343 1370 433 1441 actio,
449 1370 602 1445 voltmtas,
619 1376 689 1445 etc,
701 1370 884 1449 cogitatione
894 1388 968 1430 vero
979 1389 1052 1431 con·

277 1452 335 1524 stat
351 1464 435 1543 quod
448 1470 494 1524 est
514 1464 704 1524 distinctum.
728 1464 833 1524 Unum
846 1463 930 1523 enim
954 1465 1052 1524 Deum

276 1557 481 1636 agnoscimus.
498 1557 534 1616 ln
556 1557 629 1617 solis
643 1575 716 1616 vero
737 1556 974 1636 proprietatibus
1000 1576 1054 1637 pa·

275 1650 586 1725 ternitatis,fihetatis,
603 1650 815 1730 processionis,
836 1669 872 1710 ac
883 1651 1053 1712 secundum

275 1763 375 1804 causa
386 1745 536 1805 rationem
550 1750 581 1804 et
593 1744 620 1822 ej
625 1764 660 1804 ns
673 1744 757 1824 quod
771 1750 817 1804 est
830 1762 979 1819 excausa,
996 1764 1052 1806 nec

274 1856 337 1898 non
347 1838 564 1918 perfectionem
575 1837 788 1913 subsistentiae,
805 1838 868 1898 sive
882 1839 1052 1899 secundnm

274 1932 421 1992 existendi
435 1933 564 1992 modum
585 1931 789 1992 differentiam
808 1928 1014 2011 cogamust
1031 1954 1047 1990 ι

274 2027 339 2086 Ηοι
349 2025 417 2086 loco
431 2025 553 2086 videtur
565 2026 700 2086 loannes
717 2026 925 2086 Damascenns
944 2026 1051 2088 itidem

272 2123 307 2178 ut
320 2118 502 2192 Maxentius,
521 2135 667 2197 personas
679 2136 697 2177 a
709 2135 741 2177 se
766 2123 874 2177 mutuo
891 2117 956 2178 sola
969 2119 1051 2198 cogi·

271 2213 385 2272 tatione
396 2230 460 2272 non
472 2211 778 2291 reipsadistinguerc.
790 2212 850 2272 Sed
864 2211 906 2271 sic
920 2217 1050 2291 uterque

270 2304 487 2384 intelligendus
502 2310 557 2379 est,
572 2310 607 2364 ut
625 2304 694 2364 illas
708 2304 810 2384 reipsa
829 2305 960 2365 invicem
974 2324 1049 2366 eon·

268 2397 391 2476 junctas
409 2416 474 2458 esse
495 2403 587 2476 atque
602 2397 632 2457 in
648 2415 680 2457 se
704 2403 813 2458 mutuo
835 2398 984 2458 contineri
1005 2399 1050 2458 di·

125 2525 150 2567 -,·,
201 2525 233 2558 ·,
270 2497 351 2567 cant,
367 2497 492 2572 propter
510 2492 598 2552 illam
612 2510 707 2571 quam
730 2491 827 2553 Graeci
839 2491 976 2571 theologi
997 2511 1049 2552 vo·

112 2578 178 2623 ‘⁸⁸'0
231 2615 236 2626 ·
270 2593 340 2646 cant
352 2583 539 2669 περιχώρισιν,
554 2604 611 2646 nec
623 2586 684 2646 nisi
695 2586 878 2665 cogitatione
893 2585 959 2646 sola
972 2586 1049 2647 divi·

1111 644 1148 686 ex
1160 626 1290 686 essentia
1304 625 1463 704 sapientia.
1480 625 1558 686 Cum
1571 642 1644 684 vero
1656 642 1695 684 ne
1720 625 1804 685 hanc
1821 625 1877 704 qui·

1110 719 1193 779 rdem
1199 738 1277 798 prop
1285 719 1364 779 hetae
1378 724 1483 779 exacte
1491 718 1749 798 comprehendere
1758 719 1874 797 possint,

1110 819 1226 890 quanta
1239 813 1364 872 haect
1319 830 1351 872 es
1351 811 1520 886 tumentia,
1537 812 1721 872 essentiam
1713 830 1814 890 rpsam
1825 830 1878 891 pn·
1979 876 1980 897 ,

1109 910 1175 965 tare
1202 906 1333 985 pmpn'is
1359 910 1390 965 te
1414 904 1651 984 cogitationibus
1678 923 1767 984 posse
1788 905 1874 983 subji-
1979 902 1980 927 ¹

1110 1016 1178 1058 cere
1194 998 1234 1058 ⁰?
1249 1020 1265 1055 ι
1280 999 1365 1059 Idem
1389 1004 1421 1059 et
1431 999 1470 1060 dc
1492 998 1705 1078 magnitudine
1721 1003 1751 1058 et
1769 998 1834 1058 de
1826 1016 1875 1058 nn-

1110 1093 1270 1151 mensitate
1283 1092 1429 1171 praedicat
1436 1092 1680 1171 Chrysostomus.

1148 1184 1201 1244 Vl.
1214 1185 1344 1245 Basilius
1364 1203 1489 1265 quoque
1509 1185 1690 1246 insecundo
1704 1196 1809 1246 eontra
1820 1187 1876 1248 Er·

1107 1279 1238 1340 namium
1248 1281 1394 1341 asserenti
1404 1281 1548 1342 haeretico
1560 1298 1598 1341 ex
1611 1281 1755 1360 operibus
1770 1287 1802 1342 et
1816 1281 1877 1342 elie·

1108 1372 1163 1432 ctis
1174 1371 1290 1452 opificis
1305 1374 1468 1435 essentiam
1480 1374 1615 1454 agnosci,
1631 1380 1667 1433 ut
1678 1392 1715 1434 ex
1729 1375 1808 1436 Filio
1830 1376 1877 1435 Pa·

1107 1464 1172 1540 tris,
1189 1483 1227 1525 ex
1248 1465 1404 1526 Paracleto
1426 1466 1505 1543 Filii,
1521 1466 1679 1545 respondit
1697 1485 1760 1527 non
1783 1467 1875 1572 ipsam

1107 1557 1309 1637 exoperibus
1336 1557 1540 1619 substantiam
1564 1558 1716 1640 cognosci,
1737 1560 1794 1620 sed
1820 1561 1876 1620 vim

1107 1649 1266 1711 dumtaxat
1280 1657 1310 1711 ct
1319 1652 1498 1732 sapientiam
1520 1656 1551 1712 et
1569 1657 1678 1728 artem,
1700 1671 1736 1713 ιι
1749 1672 1792 1714 ιιι
1804 1653 1877 1714 hanc

1107 1744 1233 1821 quidem
1255 1750 1364 1821 totam,
1381 1764 1454 1806 cum
1475 1764 1555 1825 saepe
1569 1745 1677 1806 artifex
1690 1764 1753 1807 non
1777 1765 1877 1808 omnes

1106 1837 1146 1897 ad
1160 1856 1237 1918 opus
1247 1838 1548 1899 fabricandumvires
1559 1858 1630 1899 suas
1642 1839 1783 1919 explicet,
1800 1841 1875 1920 quod

1106 1930 1270 1992 similiter'
1262 1951 1296 1992 m
1314 1933 1377 1993 Deo
1393 1932 1558 2011 eontigdtt.
1574 1933 1680 2038 ltaque
1697 1951 1762 1993 non
1782 1934 1876 2014 ipsam

1106 2023 1198 2084 llei’
1173 2023 1262 2085 ουσίαν
1275 2027 1384 2086 creatis
1395 2044 1433 2085 ex
1450 2024 1543 2086 rebus
1561 2026 1687 2105 percipi,
1702 2026 1755 2086 sed
1778 2032 1877 2106 poten·
1898 2061 1959 2107 ρ,-,

1104 2118 1231 2180 tiamne
1245 2119 1438 2199 sapientiam.
1462 2119 1634 2180 Citathunc
1650 2119 1753 2179 Basihi
1778 2120 1876 2182 locum
1979 2192 1980 2199 ¹

1104 2212 1238 2273 loannes
1252 2213 1510 2293 Cyparissiotus,
1489 2211 1498 2253 ι
1527 2212 1633 2292 quiex
1648 2213 1767 2273 eodem
1772 2219 1804 2274 et
1822 2214 1876 2274 hoc
1979 2238 1980 2281 ι

1106 2304 1231 2384 adjicit:
1249 2328 1263 2362 ι
1278 2306 1523 2385 Amphtudinem
1550 2307 1604 2365 Dei
1617 2311 1648 2365 et
1661 2307 1876 2386 potentiamne
1979 2292 1980 2355 ί

1104 2399 1296 2477 sapientiam,
1323 2406 1391 2459 tum
1412 2398 1580 2460 bonitatam
1604 2404 1635 2459 et
1655 2400 1875 2480 providentiam
1979 2408 1980 2467 l

1104 2510 1166 2571 qua
1176 2511 1233 2553 nos
1246 2498 1400 2572 procurat,
1425 2498 1456 2553 et
1464 2493 1615 2570 justitiam
1630 2492 1737 2570 judicii
1750 2494 1819 2572 ejus
1836 2494 1877 2554 di·

1103 2585 1202 2645 cimur
1216 2602 1410 2664 cognoscere,
1426 2603 1491 2645 non
1506 2592 1611 2646 autem
1624 2585 1724 2665 ipsam
1741 2586 1876 2647 substan·

269 2680 381 2741 dantur
395 2697 431 2739 uc
444 2679 676 2758 disjungantur,
693 2697 765 2739 cum
781 2684 887 2739 tamen
913 2680 1048 2760 proprie
1102 2679 1187 2739 tiam,
1203 2701 1218 2735 ιι

268 2779 345 2834 tates
360 2792 380 2833 a
393 2792 425 2834 se
438 2773 571 2833 invicem
588 2777 626 2855 τῷ
649 2771 785 2855 πράγματι
796 2774 894 2853 reipsa
915 2773 1046 2833 discerni
1141 2773 1201 2834 Sed
1213 2772 1324 2833 abillis
1338 2773 1477 2833 Patribus
1491 2773 1713 2852 sapientianon
1726 2790 1766 2833 ea
1788 2773 1876 2854 signi-
1979 2792 1980 2839 t

269 2867 408 2941 sentiant,
427 2866 510 2945 qnod
522 2866 639 2926 ibidem
656 2867 863 2926 Damascenus
877 2866 974 2926 fusius
990 2884 1044 2926 ex·
1100 2866 1187 2927 ficari
1211 2867 1334 2927 videtur
1352 2886 1422 2946 quaa
1437 2867 1519 2927 inest
1535 2867 1569 2926 in
1585 2868 1657 2941 Deo,
1686 2867 1785 2928 immo
1807 2887 1874 2946 quar
1979 2928 1980 2951 ,

267 2960 371 3040 plicat.
388 2962 494 3040 ltaque
519 2960 669 3040 separatio
693 2959 759 3039 ipsa
779 2965 810 3020 et
832 2959 963 3020 divulsio
977 2979 1045 3039 per·
1099 2959 1164 3038 ipse
1186 2961 1266 3021 Deus
1278 2966 1333 3036 est,
1350 2961 1404 3021 sed
1417 2979 1486 3040 quac
1499 2960 1592 3021 alleo
1605 2961 1741 3039 profecta
1754 2961 1873 3022 deriva-
1979 2954 1980 3013 ί

267 3071 414 3114 sonarum
433 3053 499 3113 sola
522 3053 640 3113 ratione
659 3058 787 3128 constat,
808 3071 871 3112 non
894 3071 939 3127 re,
970 3054 1044 3132 qiua
1099 3058 1191 3132 taque
1201 3055 1296 3115 estad
1309 3055 1418 3114 mundi
1429 3055 1670 3134 procreationem
1680 3054 1873 3126 etlabricam,

267 3167 406 3209 seorsum
419 3166 483 3207 una
503 3147 723 3221 consideratur,
747 3165 811 3206 non
828 3147 929 3226 reipsa
944 3147 1045 3207 existit
1099 3146 1183 3225 quod
1204 3147 1335 3207 Basilius
1358 3148 1490 3208 ostendit
1501 3148 1536 3208 in
1548 3148 1678 3208 homilia
1701 3148 1742 3208 ad
1763 3148 1872 3227 princi·
1979 3172 1980 3229 ρ

266 3242 306 3301 ab
327 3240 410 3301 alia:
441 3240 594 3300 distinctio
621 3259 694 3300 vero
721 3240 946 3318 proprietatum
962 3241 995 3300 in
1009 3259 1042 3301 re
1097 3240 1185 3318 pium
1196 3239 1425 3302 Proverbiorcm
1440 3243 1464 3317 ²,
1480 3241 1535 3301 ubi
1547 3241 1633 3302 Pauli
1645 3241 1741 3303 verba
1754 3242 1815 3303 ista
1826 3242 1875 3302 de·
1979 3242 1980 3271 l

266 3339 321 3410 est,
334 3351 398 3393 non
411 3333 444 3392 in
456 3331 521 3392 sola
534 3332 730 3411 cogitatione.
741 3333 817 3391 Vide
832 3332 1043 3393 bessarionem
1098 3332 1228 3409 claraus,
1245 3333 1426 3414 sapientiam
1438 3334 1589 3416 loquimar
1609 3334 1690 3395 inter
1696 3333 1871 3415 perfectore,
1979 3394 1980 3421 ,

266 3427 345 3488 libro
366 3427 404 3487 ιιι
413 3426 599 3487 Processione
622 3424 759 3505 Spiritus
772 3426 876 3501 stracti,
901 3427 1040 3506 capiter.
1097 3426 1140 3486 sic
1151 3425 1242 3486 scribi
1256 3420 1270 3457 ι
1284 3446 1290 3485 :
1302 3448 1317 3481 ι
1330 3428 1368 3487 Ει
1388 3428 1491 3506 quiex
1505 3427 1615 3487 mundi
1625 3432 1778 3487 ιιιιιιιιιιι
1790 3427 1875 3507 opili-

307 3522 423 3583 Rursus
442 3520 723 3597 chrysostomusin
739 3519 877 3580 oratione
895 3519 1044 3600 primarie
1097 3537 1165 3579 cem
1187 3520 1309 3599 cogitat,
1323 3521 1467 3600 cognovit
1487 3521 1581 3581 etiam
1601 3520 1667 3600 ipse
1685 3538 1741 3600 per
1766 3520 1874 3581 mundi
1979 3506 1980 3581 ί

265 3610 558 3692 Ιιιιοιιιμιιιιιιιιίιίι
580 3609 715 3673 adversus
734 3611 899 3687 Anornoeos,
924 3613 1043 3693 sapien·
1097 3612 1279 3692 sapientiam
1305 3615 1405 3674 Deum
1418 3623 1438 3673 ‘.
1468 3635 1481 3670 ι
1509 3615 1554 3674 Ac
1577 3613 1760 3693 sapientiam
1784 3614 1873 3674 illam

264 3704 531 3768 tiamabesscntia
544 3705 593 3766 vel
607 3705 778 3765 substantia
792 3705 945 3766 disceruit.
963 3708 1042 3766 Nam
1098 3708 1238 3768 camdem
1258 3727 1323 3769 esse
1346 3713 1434 3788 putat
1460 3726 1556 3787 quam
1572 3708 1749 3769 Salomon
1741 3726 1776 3768 m
1800 3706 1871 3767 Pro

269 3798 1044 3879 aprophetaS,ert,nonsolum1gnoiasscquassit
1098 3799 1206 3860 resbais
1229 3803 1325 3862 aDeo
1340 3808 1474 3862 creatam
1500 3820 1564 3862 esse
1587 3798 1715 3877 doeet4,
1743 3820 1812 3880 quac
1840 3802 1873 3861 in

299 4014 402 4071 aban.
418 4011 473 4067 Ἐπὶ
483 4012 526 4086 μὲν
537 4008 580 4066 οὖν
592 4014 688 4067 πάντων
702 4018 750 4067 τῶν
761 4010 922 4085 strepitant,
934 4010 977 4083 μὲν
991 4018 1040 4066 τῶν
1094 4015 1119 4069 τί
1132 4014 1176 4084 τὴν
1188 4014 1271 4068 statas
1286 4012 1350 4068 ἐστίν
1368 4012 1510 4084 ἀγνοοῦντες
1524 4015 1658 4085 φαίνονται·
1678 4013 1743 4067 ἀλλὰ
1760 4014 1797 4066 καὶ
1818 4015 1873 4085 περι
1979 4040 1980 4061 ;

262 4097 417 4153 ιποστάσειιν
432 4098 546 4170 διαίρεσις
560 4099 683 4170 πράγματι
705 4098 840 4170 θεωρεῖται·
856 4099 979 4171 πράγματι
992 4098 1039 4170 γὰρ
1093 4104 1136 4166 τῆς
1153 4099 1239 4170 σοφίας
1252 4098 1334 4155 αὐτοῦ.
1351 4098 1414 4164 πόση
1431 4098 1468 4159 τις
1489 4096 1563 4168 ἐστιν,
1578 4098 1706 4170 ἀποροῦσι·
1728 4098 1768 4150 και
1790 4117 1830 4150 τοι
1844 4116 1872 4167 γι
1979 4108 1980 4131 ¹

263 4183 381 4255 ιιιέτρος
396 4187 439 4236 τοῦ
451 4182 548 4235 Πωιλοο
567 4183 746 4254 κεχωρισμένος
768 4184 903 4254 θεωρεῖται·
919 4183 933 4249 ι,
947 4181 973 4234 δὲ
989 4201 1039 4236 rot·
1092 4184 1136 4256 οὗγ
1150 4185 1164 4252 ἢ
1180 4183 1250 4237 odota
1260 4182 1309 4235 ἀπὸ
1323 4186 1365 4248 τῆς
1379 4182 1475 4252 σοφίας,
1488 4181 1545 4234 ἀλλ’
1561 4182 1576 4250 ἡ
1591 4182 1664 4252 σοφία
1678 4180 1704 4234 ἐκ
1720 4187 1763 4250 τῆς
1775 4181 1872 4243 οὐσίας.
1979 4228 1980 4235 ,

262 4269 345 4337 νότης,
357 4268 396 4318 και
413 4267 428 4334 ἡ
443 4267 565 4336 συνάφεια,
577 4267 617 4318 καὶ
632 4267 661 4320 τι
675 4267 711 4336 ἓν,
723 4266 793 4338 λόγῳ
813 4267 853 4319 καὶ
869 4265 964 4336 ἐπινοίᾳ
976 4267 1036 4319 teo·
1091 4270 1149 4322 ὅταν
1169 4267 1195 4320 δὲ
1210 4265 1270 4339 μηδὲ
1290 4266 1378 4334 emitur
1396 4265 1512 4319 δύνωνται
1529 4266 1674 4320 καταλαιεῖν
1698 4266 1722 4320 οἱ
1742 4267 1872 4339 Προφῆται,
1979 4256 1980 4265 ¹

264 4354 351 4425 ρεῖιαι.
1092 4353 1153 4423 μετὰ
1166 4350 1296 4424 ἀκριιείας,
1309 4352 1385 4419 πόσης
1395 4353 1423 4402 ἂν
1438 4348 1475 4418 εἴη
1493 4350 1588 4421 μανίας,
1609 4350 1638 4403 τι
1652 4350 1696 4419 τὴν
1706 4350 1786 4403 οὗσιαν
1795 4350 1872 4417 αὐτὴν
1979 4360 1980 4399 t

301 4436 317 4489 b
330 4436 399 4491 Dan.
419 4433 476 4489 Ἐπὶ
489 4432 515 4488 δὲ
528 4439 571 4502 τῆς
584 4434 664 4507 ἁγιας,
679 4435 718 4488 καὶ
730 4434 873 4508 ὓπιροοσίου
887 4435 928 4488 καὶ
940 4437 1036 4490 πάντων
1090 4436 1198 4510 νομίζειν
1212 4436 1322 4489 δύνασθαι
1336 4437 1388 4497 τοῖς
1400 4433 1498 4498 οἰκείοις
1509 4434 1640 4488 ιποιαλειν
1654 4435 1796 4507 λογισμοῖς;
1979 4492 1980 4495 ,

265 4520 382 4590 ἐπέκεινα,
396 4522 436 4573 καί
451 4520 561 4588 ἀλήπτου
576 4522 682 4591 τριάδος,
694 4520 723 4573 τι
741 4519 868 4573 ἀνάπαλιν·
889 4518 941 4572 ἐκεῖ
950 4520 997 4594 γὰρ
1009 4521 1037 4575 τι
1127 4521 1243 4576 dBasu..
1258 4519 1386 4591 Δυνάμιως
1402 4518 1458 4591 γὰρ,
1473 4519 1513 4571 καί
1527 4519 1622 4589 σοφίας,
1637 4519 1677 4571 και
1695 4519 1789 4592 τέχνης,
1811 4517 1870 4590 oripi
1979 4592 1980 4595 ρ

266 4603 309 4677 μὲν
322 4604 413 4673 κοινὸν,
429 4606 469 4657 και
482 4604 508 4657 ἓν
526 4606 650 4677 πράγματι
662 4606 798 4677 ιιωρείται,
813 4605 853 4657 διὰ
871 4623 897 4658 τι
911 4605 940 4659 τι
958 4604 1038 4659 σιιαί-
1091 4606 1117 4660 δὲ
1128 4611 1172 4674 τῆς
1181 4605 1263 4667 οὐσίας
1277 4604 1350 4672 αὐτῆς
1363 4602 1493 4657 {adstaret
1505 4601 1556 4657 ἔστι
1568 4603 1598 4656 τά
1611 4605 1744 4675 ποιήματα·
1760 4603 1798 4655 και
1811 4601 1869 4655 stet
1979 4634 1980 4641 ι

265 4692 327 4752 διον,
340 4690 379 4742 και
389 4690 418 4743 τὸ
432 4689 518 4744 ταιτιν
529 4695 572 4758 τῆς
583 4691 675 4759 οὐσίας,
689 4691 728 4743 και
742 4695 785 4759 τῆς
797 4689 926 4761 ἐνεργείας,
942 4691 1038 4744 καιτοι
1092 4690 1165 4758 αὐτὴν
1181 4692 1260 4743 πᾶσαν
1278 4692 1321 4742 τοι
1336 4690 1485 4760 δημιουργοῦ
1498 4686 1543 4754 τὴν
1556 4686 1655 4758 δύναμιν
1669 4685 1802 4757 ἀναγκαίως
1817 4703 1867 4737 ππ·

264 4777 412 4849 Uidium,
427 4782 492 4846 ιιι,
504 4773 636 4846 introisti
650 4776 678 4829 τὸ
693 4773 1036 4848 διῃρημένον-ἕναγᾶρθεόν
1093 4775 1212 4846 ριστησιν,
1228 4780 1281 4827 etc.
1304 4772 1349 4824 Καὶ
1371 4771 1447 4832 οὕτως
1467 4772 1495 4823 ἂν
1512 4769 1617 4843 ὑπάρχοι
1640 4770 1685 4838 τὴν
1700 4768 1767 4843 isphr
1792 4767 1869 4821 αὗτοῦ
1979 4808 1980 4815 t

264 4861 426 4932 γιιιισνιομε,ν
439 4858 463 4912 ἐν
482 4861 565 4931 μόναις
578 4858 604 4911 δι
618 4862 672 4922 ταῖς
691 4859 846 4930 ιοιιτησι,
816 4879 859 4927 της
878 4879 904 4915 τε
917 4860 1039 4931 ratpirn
1091 4858 1131 4911 διὰ
1152 4864 1201 4912 τῶν
1217 4856 1267 4929 ιργ
1269 4877 1294 4909 ιν
1308 4856 1501 4928 ἀναμετριῖσιαι,
1523 4856 1579 4928 οὐχι
1593 4854 1619 4909 δὲ
1633 4856 1676 4924 τὴν
1696 4853 1869 4921 οισιαν,ἧτι
1832 4871 1869 4891 ·
1979 4868 1980 4877 ·

262 4963 314 5016 τος,
334 4945 373 4998 και
391 4950 434 5013 τῆς
451 4945 562 5013 υίότητος
585 4945 625 4998 και
645 4950 688 5013 τῆς
707 4943 878 5018 ἔκπορεύσεως,
891 4945 952 4999 κατὰ
971 4943 1037 4997 τετδ
1091 4942 1210 4997 ποτέέστι
1214 4942 1464 5017 ,καταλαμὸάνεσιαι

263 4988 351 5099 αἰτίον,
373 5051 403 5083 αα
401 5032 456 5085 ιτι
476 5030 595 5096 αἰτιατιν,
610 5030 683 5084 καὶ
662 5049 692 5084 το
705 5030 797 5084 τέλειον
817 5051 859 5099 της
871 5031 1036 5099 ιποστάσιοις
1127 5027 1243 5083 eliasu„
1261 5024 1374 5079 ttattta
1391 5030 1434 5093 τῆς
1445 5029 1489 5080 τον
1505 5027 1598 5098 κόσμον
1614 5023 1641 5079 δὲ
1660 5040 1802 5087 ααιασκωης
1821 5018 1867 5072 τιν
1979 5028 1980 5055 ³

262 5112 279 5180 a
287 5131 325 5166 τοι
339 5132 380 5166 τον
392 5119 435 5182 της
453 5113 542 5188 ιπάρξ
518 5113 576 5179 Εεως
591 5116 691 5188 τρόπον,
704 5114 748 5183 τὴν
765 5114 880 5187 διαφορὰν
899 5113 1035 5219 ἐννροιμιν.
1091 5110 1238 5183 δημωοργιν
1260 5108 1348 5163 ἐννοῶν
1351 5107 1438 5183 ,ἔγνω
1453 5129 1483 5162 να
1483 5110 1578 5172 ιοωτις
1597 5110 1637 5162 διὰ
1650 5114 1693 5176 τῆς
1711 5112 1752 5162 τοι
1769 5106 1868 5176 κόσμοι

298 5213 311 5252 c
324 5198 418 5253 Caura.
430 5205 503 5255 lom.
504 5135 568 5255 ριίι.
586 5199 670 5257 Savil.
682 5199 712 5253 Οι
723 5199 769 5272 γὰρ
778 5200 910 5271 ,Προρῆται
924 5219 952 5251 ου
940 5198 1036 5270 ’μόνον
1092 5196 1176 5267 σοφίας
1187 5196 1230 5250 τιν
1244 5196 1316 5252 θεόν.

287 5450 295 5495 -Ι
309 5449 354 5492 Dec
369 5450 405 5495 .t.
416 5461 466 5504 cap.
482 5457 512 5494 tr.
527 5470 551 5482 -
567 5450 578 5490 ι
592 5450 655 5492 Tem.
667 5451 683 5500 ι,
699 5463 720 5505 μ,
735 5447 782 5497 ιιι,
798 5472 823 5483 -
838 5451 849 5491 3
865 5449 880 5496 ι,
896 5449 944 5496 Cor,
957 5462 981 5501 ιι,
991 5452 1011 5496 ι,
1024 5446 1072 5493 -ι
1087 5451 1123 5496 Pr,
1135 5458 1183 5492 ιιιι.
1194 5449 1229 5498 ιι,
1244 5448 1278 5493 93.
