3942 6168
299 286 359 345 alt
810 280 1134 343 annumerabuntur
1155 279 1385 343 DOGMATUM.

299 450 350 511 hic
365 448 478 525 scribit,
497 470 513 507 ο
532 450 605 529 quia
623 449 656 509 in
674 447 786 510 deitate
806 448 903 509 Patris
916 453 947 509 et
962 447 1028 509 Filii
1041 454 1072 509 et
1122 453 1272 526 congruat
1285 454 1392 508 eontm
1405 446 1640 508 Macedonianos
1653 446 1752 519 docet,
1761 444 1813 526 qui
1823 454 1873 509 tres

301 543 432 622 Spiritus
448 542 545 603 saneti
558 560 615 602 nec
633 541 828 621 singularitas
843 548 889 602 est
903 558 961 601 nec
974 540 1073 602 direr—
1121 540 1191 600 ideo
1210 557 1375 600 numerare
1393 539 1590 615 verebantur,
1609 556 1649 599 ne
1668 539 1748 599 Patri
1761 556 1797 598 ac
1812 539 1874 601 lilio

301 634 372 695 sitas
391 634 564 713 cogitanda,
581 652 655 695 vera
674 634 778 695 unitas
804 641 835 694 et
856 651 931 695 vera
952 634 1073 695 trinitas
1121 637 1321 711 exaequarent
1340 631 1491 712 Spiritum
1503 637 1644 692 maetam
1661 629 1685 692 ⁸.
1706 631 1802 711 Igitur
1817 650 1875 693 arn

301 727 396 806 possit
415 726 541 805 quidem
562 732 666 788 mente
684 726 778 788 simul
797 726 914 799 sentiri,
935 726 1072 787 sednon
1121 742 1376 804 unamquamque
1399 742 1564 804 personam
1586 723 1763 802 singillatim
1785 724 1874 804 appl-

301 818 396 898 possit
408 818 501 878 simul
521 836 574 878 ore
597 818 770 909 prolerri.»
792 818 842 879 Sie
857 818 1006 879 Eusebius
1019 819 1073 898 qui
1121 816 1190 893 lari,
1205 823 1274 879 tum
1291 818 1326 877 in
1346 834 1469 879 summa
1486 817 1658 896 colligenda
1671 834 1735 876 non
1752 821 1814 876 tres
1828 817 1876 878 diei
1918 879 1923 891 ,

302 910 478 972 Emissenus
499 910 574 972 ialso
593 911 704 972 dieitur
725 912 758 971 in
781 910 909 972 homilia
931 910 967 971 de
986 910 1074 992 Sym·
1122 908 1195 969 deos
1208 908 1315 970 asserit
1331 910 1448 969 :oNon
1463 910 1547 970 enim
1560 908 1600 970 ab
1615 927 1679 970 uno
1694 909 1734 970 ad
1751 908 1875 970 multitu·
1950 964 1951 997 3

303 1001 366 1063 dolo
389 1023 396 1062 ε
423 1025 438 1061 ο
457 1004 545 1076 Quod
565 1009 670 1065 autem
692 1006 825 1080 Patrem,
844 1009 875 1065 et
896 1004 1018 1079 Filium,
1043 1012 1074 1066 et
1121 1000 1227 1062 dinem
1241 1001 1467 1062 incrementum
1475 1001 1616 1077 facimus,
1628 1001 1877 1077 unum,duo,t1ia
1950 1012 1951 1025 ¹

302 1095 451 1174 Spiritum
460 1097 785 1175 sanctumsingulatim
791 1115 892 1157 unum
898 1102 1074 1176 postunum
1123 1093 1257 1155 dicenms
1274 1114 1281 1155 ε
1297 1112 1399 1174 neque
1412 1093 1550 1174 primam
1564 1100 1595 1156 et
1607 1094 1778 1155 secundum
1790 1100 1819 1155 et
1828 1100 1877 1156 tar·

242 1268 246 1280 Ι
301 1186 441 1263 dicimus,
458 1188 517 1248 boc
537 1188 606 1249 ideo
629 1189 703 1268 quia
720 1189 813 1250 slmul
826 1189 999 1269 exprimere
1014 1190 1075 1251 tria
1122 1184 1212 1245 tium.
1235 1184 1302 1266 Epo
1322 1186 1399 1246 enim
1414 1187 1530 1266 primus
1544 1194 1574 1246 et
1591 1204 1643 1267 epo
1660 1184 1833 1267 posteribr‘.
1846 1188 1878 1249 At
1950 1170 1951 1199 ¹

301 1279 568 1341 nominahumani
581 1280 733 1341 sermonis
741 1286 922 1361 paupertate
932 1300 1075 1362 nonpos.
1122 1277 1293 1338 secundum
1312 1279 1411 1337 Deum
1429 1277 1578 1339 hactenus
1597 1296 1661 1339 non
1679 1278 1874 1338 audimus‘.s

302 1388 420 1448 sumus,
436 1390 500 1432 non
521 1373 594 1451 quia
607 1373 705 1432 tribus
723 1374 869 1450 gradibus
882 1374 1071 1436 ordinemus.
1123 1370 1233 1429 Nullus
1242 1387 1316 1447 ergo
1329 1369 1500 1430 secundum
1514 1369 1711 1430 Divinitatem
1724 1370 1804 1430 inest
1814 1371 1877 1430 ordo

303 1461 363 1523 Ubi
372 1468 472 1524 totum
487 1481 587 1524 unum
602 1470 657 1540 est,
669 1464 747 1525 nihil
761 1464 803 1525 ibi
818 1471 918 1544 potest
932 1484 997 1527 esse
1011 1473 1072 1528 ter-
1123 1461 1233 1540 prlcris
1250 1462 1499 1541 posteriorisque,
1515 1461 1598 1541 quod
1617 1467 1648 1522 ct
1665 1480 1760 1542 supra
1776 1463 1878 1523 dioeba

302 1554 382 1614 tium
400 1555 450 1614 rel
463 1556 644 1616 secundum.
663 1558 776 1617 Totrrm
795 1574 868 1635 ergo
887 1557 921 1617 in
943 1558 1075 1637 plenitu-
1123 1570 1204 1614 mus.
1229 1554 1306 1614 Cum
1338 1576 1353 1611 ο
1381 1554 1526 1615 omnibus
1553 1555 1723 1616 existentia
1750 1555 1878 1633 gradibus

303 1645 375 1706 diue
389 1646 555 1707 divimtatis
572 1649 709 1727 primum
729 1654 784 1725 ost,
800 1655 831 1709 et
851 1650 935 1728 quod
953 1651 1076 1713 videtur
1123 1645 1263 1721 exclusis,
1279 1646 1365 1706 nulla
1383 1646 1427 1706 ibi
1443 1665 1575 1727 persona
1590 1648 1630 1707 sit
1647 1647 1793 1721 anterior,
1807 1648 1879 1708 nulls

303 1739 454 1799 sermonis
462 1741 639 1801 necessitate
647 1746 850 1819 postremum.
867 1742 902 1802 ln
917 1741 1075 1804 histribrrs
1124 1738 1316 1817 posteribus>
1339 1743 1375 1799 ut
1397 1738 1440 1799 ait
1453 1741 1513 1800 leo
1534 1737 1741 1820 papa⁸.1deo
1761 1759 1817 1800 nec
1833 1759 1879 1800 nu
1952 1734 1953 1737 ’

305 1832 443 1908 personis
458 1851 608 1894 numerus
626 1852 691 1894 esse
710 1840 820 1913 potest,
836 1834 913 1895 ordo
931 1854 1075 1897 essenon
1124 1831 1639 1909 metusquicumordinecohaerat.
1650 1832 1767 1893 Verum
1777 1833 1879 1893 ratione

304 1928 413 2001 potest.
425 1925 504 1985 Nam
517 1926 573 1986 etei
582 1926 809 1988 distinctionem
822 1926 930 2007 recipit
942 1928 1073 2005 trinitas,
1124 1924 1349 2003 proprietatum
1362 1942 1398 1983 ec
1418 1943 1632 2004 personarum,
1649 1930 1681 1984 et
1697 1931 1879 1986 numermet
1953 1956 1954 2027 q

303 2015 435 2091 madum
454 2023 558 2077 mmen
577 2019 673 2078 nescit
692 2019 860 2098 aequalitas.
876 2041 891 2075 a
919 2019 979 2080 Ubi
995 2021 1076 2081 ordi·
1124 2016 1200 2076 ordo
1213 2016 1377 2096 reperiare,
1393 2016 1470 2076 utin
1484 2017 1585 2097 primo
1599 2024 1702 2076 contro
1718 2016 1879 2077 Fundetur
1953 2034 1954 2101 l

304 2125 377 2167 nem
398 2107 487 2168 illum
507 2128 526 2169 a
548 2109 706 2170 divinitate
729 2110 827 2188 rejicit
845 2110 899 2190 qui
921 2112 1075 2189 paduam
1125 2108 1253 2169 Basilius
1265 2109 1348 2169 idem
1361 2108 1503 2188 explieat,
1519 2113 1550 2168 et
1558 2108 1705 2187 Eulogius
1718 2110 1801 2188 apud
1813 2109 1879 2169 Pho
1953 2110 1954 2113 ’

305 2199 546 2277 inaequalitatem
558 2201 661 2261 habet.
1124 2200 1203 2260 tium
1212 2199 1234 2278 ⁸,
1250 2220 1344 2281 quem
1357 2207 1448 2261 antea
1460 2202 1712 2262 commemoravi.

346 2290 411 2351 XX.
434 2293 508 2364 Quae
523 2293 724 2353 numerabilis
733 2293 858 2353 unitatis
872 2293 945 2354 etin
958 2297 1076 2359 unitate
1165 2293 1245 2354 XXI.
1267 2294 1316 2354 Ad
1328 2299 1503 2355 extremum
1513 2298 1548 2353 ut
1561 2312 1580 2353 a
1594 2310 1727 2354 numero
1740 2312 1777 2354 ac
1789 2294 1879 2354 mulli-

305 2400 340 2441 ac
359 2400 432 2442 eum
449 2383 567 2444 unitate
589 2382 781 2445 consistentis
799 2385 923 2446 numeri
944 2388 1076 2449 conditio
1124 2386 1233 2447 tudine
1250 2387 1404 2447 edanum
1422 2386 1555 2447 referam
1567 2387 1752 2462 orationem,
1770 2406 1823 2447 cur
1833 2388 1880 2447 boc

1905 2300 1933 2342 Cu

1916 2353 1941 2394 el

305 2472 400 2532 vincit
419 2493 547 2536 omnem
561 2494 667 2536 rerum
681 2477 959 2554 admirabilitatem,
974 2499 1010 2540 ec
1023 2500 1075 2542 ve·
1125 2476 1175 2538 rel
1187 2478 1245 2538 soli
1257 2479 1321 2539 Deo
1333 2479 1384 2538 vel
1397 2478 1582 2539 excellenter
1595 2479 1780 2539 attributum
1792 2479 1880 2551 filant,
1954 2484 1955 2503 ³

305 2568 386 2624 teres
398 2565 467 2625 illos
476 2567 636 2646 theologos
645 2568 773 2629 adduxit
781 2574 816 2629 ut
829 2575 1007 2650 utrumque,
1019 2573 1078 2634 hoc
1126 2589 1218 2631 causa
1230 2576 1276 2632 est
1288 2571 1371 2631 illius
1384 2570 1561 2650 simplicitas
1570 2588 1641 2649 quae
1656 2589 1729 2631 cum
1738 2571 1804 2649 ejus
1815 2589 1882 2633 can-

306 2661 352 2715 est
372 2658 523 2720 unitatem
537 2665 567 2720 et
580 2678 759 2737 numerum,
775 2662 888 2741 partim
906 2664 1078 2726 tribuerent
1126 2663 1385 2742 pacationenulla
1402 2662 1489 2724 sitin
1508 2663 1616 2723 creatis
1630 2663 1735 2739 rebus,
1752 2664 1833 2724 nulla
1845 2664 1882 2723 iti
1955 2688 1956 2733 ι

307 2749 381 2824 Deo,
397 2751 511 2829 partim
530 2752 714 2830 adimerent,
731 2753 781 2814 rel
803 2754 953 2816 eximium
968 2775 1076 2835 quem-
1127 2755 1199 2815 dem
1214 2755 1249 2814 in
1271 2755 1309 2815 iis
1324 2755 1427 2815 unitas
1440 2772 1505 2815 esse
1523 2755 1645 2815 dieitru.
1665 2756 1765 2829 Quam
1783 2757 1814 2816 in
1825 2773 1882 2814 seu·
1955 2742 1956 2819 l

305 2841 379 2901 dam
399 2861 501 2922 neque
523 2862 722 2907 communem
745 2865 816 2907 cum
835 2848 952 2908 cacteris
969 2849 1077 2909 ambo·
1126 2846 1256 2906 tentiam
1275 2849 1373 2908 mrrlta
1397 2847 1531 2924 Boetius,
1553 2851 1622 2907 tum
1636 2847 1705 2908 haec
1723 2848 1757 2908 in
1773 2844 1883 2907 librcde

306 2951 378 2993 rum
390 2953 455 2996 esse
465 2936 594 2998 modum
604 2956 698 3017 penes
710 2939 800 3000 illum
809 2947 989 3017 assererent,
1001 2960 1079 3021 prae-
1130 2937 1250 3001 [scitote
1263 2946 1293 2999 et
1306 2959 1362 3000 ono
1385 2940 1530 3020 disputat.
1551 2961 1567 2997 «
1587 2939 1692 3000 Prima
1708 2945 1739 3000 et
1752 2959 1813 3000 una
1825 2938 1881 2998 uni·

305 3028 412 3088 sertim
427 3029 531 3106 unius,
552 3029 637 3110 quod
654 3031 692 3090 de
710 3032 772 3092 Deo
792 3033 947 3112 praecipue
965 3050 1001 3093 ac
1019 3034 1079 3094 sin
1126 3035 1184 3106 tas,
1201 3049 1271 3109 quoe
1283 3038 1328 3091 est
1337 3031 1439 3092 unitas
1449 3031 1589 3110 sibiipsi,
1600 3031 1715 3092 amavit
1724 3031 1814 3092 aliam
1824 3029 1882 3090 uni·
1956 3056 1957 3101 ι

305 3119 453 3195 gulariter
466 3122 799 3201 usruparivoluenmt.
1127 3127 1223 3183 tatem
1251 3140 1321 3202 quae
1345 3128 1390 3183 est
1412 3122 1494 3183 infra
1520 3140 1600 3183 eam.
1626 3124 1688 3184 Sed
1710 3125 1783 3203 quia
1806 3139 1884 3183 omne
1956 3152 1957 3195 ι

350 3233 365 3268 ο
379 3213 432 3273 Fst
449 3212 493 3273 ibi
506 3213 624 3293 aliquid
638 3214 804 3291 ineffabile,
819 3216 862 3275 ait
875 3216 1076 3295 Augustinus,
1128 3221 1265 3276 creatum
1279 3215 1437 3275 diversum
1446 3220 1591 3293 setaque
1601 3220 1751 3291 creatum,
1766 3214 1883 3295 protecto

306 3304 389 3381 quod
403 3304 505 3365 verbis
518 3304 664 3383 explicari
677 3324 743 3367 non
756 3307 862 3386 possit,
877 3315 913 3369 ut
926 3313 957 3369 ct
970 3327 1080 3371 nume-
1128 3312 1230 3368 creata
1238 3307 1342 3369 unitas
1351 3325 1370 3367 a
1379 3311 1502 3368 creante
1511 3298 1641 3369 omnirio
1655 3305 1885 3368 diversaeasede

306 3410 360 3453 rus
373 3395 413 3455 sit
427 3400 458 3455 et
471 3413 621 3457 numerus
629 3397 752 3459 nonsit.
764 3398 871 3460 Videte
881 3401 966 3462 enim
979 3401 1079 3462 sinon
1128 3399 1196 3460 buit
1209 3405 1240 3460 et
1248 3399 1335 3478 quasi
1345 3399 1495 3479 opposita.
1507 3398 1568 3460 Sed
1576 3399 1787 3478 mercatrix
1799 3398 1885 3459 umus

306 3486 393 3566 quasi
416 3492 543 3567 apparet
561 3506 721 3565 numana,
745 3491 844 3566 Pater,
867 3498 898 3552 et
920 3493 1025 3569 lilius,
1049 3499 1081 3554 et
1129 3510 1194 3553 non
1210 3492 1303 3553 habet
1316 3490 1514 3570 principium
1524 3509 1627 3570 neque
1645 3491 1745 3552 tinem
1761 3509 1815 3552 nec
1826 3507 1884 3570 per·

307 3579 439 3659 Spiritus
453 3586 586 3653 sanctim,
602 3581 746 3642 Trinitas.
767 3583 800 3643 Si
816 3589 890 3659 tres,
905 3585 980 3664 quid
997 3588 1080 3649 tres?
1130 3584 1335 3645 mutationem
1360 3600 1418 3642 nec
1445 3582 1671 3656 diversitatem,
1697 3585 1768 3644 ideo
1792 3586 1885 3644 mesta

307 3670 415 3732 Deficit
433 3688 594 3733 numerus.
618 3673 663 3734 lta
685 3675 765 3735 Deus
787 3693 845 3736 nec
861 3676 977 3737 recedit
992 3696 1011 3737 a
1024 3696 1081 3738 nu·
1130 3674 1242 3736 unitati
1257 3674 1366 3735 accidit
1378 3673 1599 3754 multiplicitas,
1617 3675 1777 3736 diversitas
1789 3681 1816 3735 et
1831 3691 1886 3734 mu·

308 3782 405 3840 mero,
428 3783 486 3825 neo
507 3766 626 3845 capitur
649 3784 793 3828 numero.
815 3768 892 3841 Quia
908 3774 971 3829 tres
990 3774 1079 3845 sunt;
1130 3767 1273 3827 tabilitas.
1290 3787 1306 3823 ι)
1324 3767 1403 3826 Hinc
1420 3766 1503 3826 idem
1521 3766 1615 3845 paulo
1633 3772 1708 3827 ente
1726 3769 1829 3828 citatm
1840 3766 1887 3826 aa

307 3861 456 3937 tanquam
469 3863 514 3919 est
523 3876 683 3920 numerus.
696 3861 728 3920 Si
738 3860 852 3937 queris
865 3861 918 3940 qui
932 3868 1005 3937 tres,
1016 3880 1081 3922 non
1130 3858 1232 3938 lugius
1251 3858 1385 3919 affirmat
1393 3878 1409 3915 (ι
1422 3875 1524 3918 unum
1537 3859 1571 3919 in
1584 3858 1680 3919 nobis'
1688 3859 1772 3920 baud
1781 3858 1887 3939 proprie

307 3949 532 4012 estnumerus¹
548 3971 564 4009 a
581 3956 731 4013 etceetera
745 3970 815 4032 quae
830 3952 1083 4032 Toletanasyno·
1131 3951 1227 4027 cerni,
1242 3956 1274 4011 et
1291 3950 1418 4029 qrridem
1440 3967 1583 4025 numero,
1604 3952 1658 4011 sed
1681 3953 1887 4030 quadamtenus

308 4042 366 4103 dus
380 4044 544 4105 undecima
555 4044 589 4104 in
603 4043 793 4106 consessione
806 4044 879 4104 fidei
892 4062 956 4105 suae
966 4045 1079 4124 posuit.
1131 4061 1233 4104 unum
1256 4061 1321 4103 non
1340 4048 1445 4102 autem
1464 4042 1653 4122 simpliciter.
1673 4045 1754 4104 Nam
1772 4042 1886 4123 quodie

309 4136 483 4196 Bernardus
501 4136 577 4196 item
597 4156 604 4196 :
626 4157 642 4193 ο
661 4136 739 4209 Quid
754 4136 812 4196 sibi
825 4136 893 4196 vult
910 4137 967 4196 iste
986 4141 1021 4196 ut
1039 4137 1082 4197 sic
1132 4135 1222 4195 nobis
1242 4152 1307 4196 esse
1320 4153 1421 4194 unum
1435 4134 1558 4209 dicitur,
1576 4153 1641 4196 non
1661 4141 1708 4196 est
1720 4153 1815 4196 unum
1827 4151 1887 4214 pm·

308 4226 419 4307 loquar
447 4227 563 4307 absque
589 4246 722 4288 numero
749 4227 919 4289 numerus?
947 4227 980 4288 Si
1010 4228 1080 4303 tria,
1132 4228 1199 4307 prie
1219 4226 1273 4288 sed
1292 4226 1486 4305 aliquatenus
1504 4244 1615 4287 unum.
1633 4227 1699 4288 Hoc
1721 4247 1792 4289 vero
1808 4231 1836 4286 ct
1851 4230 1888 4285 est

309 4319 465 4397 quomodo
488 4338 553 4380 non
575 4319 745 4381 numerus?
766 4320 799 4380 Si
817 4337 930 4396 unum,
950 4318 1004 4380 ubi
1022 4338 1081 4380 nu·
1134 4337 1234 4379 unum
1249 4323 1281 4379 et
1295 4337 1360 4379 non
1375 4324 1601 4399 unum‚utp0te
1613 4321 1737 4398 quodct
1751 4320 1835 4381 unius
1846 4336 1889 4397 ap

311 4410 483 4471 meras¹la
1135 4411 1530 4491 pellationcmferat,etad
1544 4411 1603 4472 hcc
1616 4413 1811 4474 utsitmulta
1821 4409 1887 4470 diri-

352 4502 479 4563 Basilius
492 4522 565 4563 vero
579 4503 843 4582 quemadmodum
857 4520 1006 4564 numerus
1021 4503 1083 4564 illic
1135 4502 1284 4565 datust»
1298 4504 1458 4583 Siquidem
1472 4504 1522 4565 vel
1536 4521 1624 4565 mens
1636 4505 1705 4586 ipsa
1718 4524 1785 4585 quae
1797 4521 1853 4564 una
1863 4502 1889 4560 el

313 4733 440 4803 διάκρισις·
462 4727 518 4782 οὔτε
537 4733 580 4796 τῆς
601 4734 652 4782 τῶν
676 4727 834 4782 insudatur
857 4729 974 4799 διαφορᾶς
992 4728 1022 4780 cd
1042 4732 1086 4795 vlle
1135 4726 1200 4791 θεὸν,
1213 4727 1269 4780 etot
1279 4746 1318 4780 πω
1327 4727 1369 4780 καὶ
1379 4728 1486 4798 τήμερον
1498 4725 1647 4798 ἀκηκόαμεν.

314 4815 407 4888 φύσεως
425 4811 524 4884 συνεχὲς
542 4806 692 4877 draccum·
713 4809 769 4864 odra
792 4815 835 4877 τῆς
853 4809 916 4863 κατὰ
936 4808 981 4877 τὴν
1001 4808 1086 4863 οὔοῖον
1173 4812 1189 4866 d
1208 4811 1311 4866 Euam.
1332 4811 1396 4881 llep’
1407 4804 1445 4871 οἶς
1463 4808 1520 4864 atet
1536 4811 1566 4863 τὸ
1576 4810 1665 4882 κυρίως
1679 4810 1705 4863 ἵν
1716 4808 1765 4864 ἐστι
1775 4811 1887 4879 θεωρῆσαι·

315 4899 457 4965 κοινότητος
467 4895 496 4949 cb
507 4894 598 4955 ἰδιάζον
607 4900 657 4946 τῶν
667 4894 843 4965 γνωρισμάτων
854 4892 1014 4966 ἀναχεοὺσης.
1136 4893 1165 4946 οὗ
1174 4893 1220 4965 γὰρ
1230 4892 1260 4947 τὸ
1269 4893 1295 4946 ἓν
1306 4893 1400 4965 ἀριθμῷ
1416 4891 1453 4964 ἐφ’
1462 4891 1534 4965 ἡμῶν
1548 4892 1589 4945 καὶ
1604 4893 1694 4966 κυρίως
1709 4893 1743 4945 ἓν·
1763 4892 1799 4944 tel
1807 4889 1849 4961 γὰρ
1865 4887 1889 4939 τὸ

354 4997 374 5035 cc
392 4982 478 5036 aisn.
491 4977 531 5034 lb.
552 4976 586 5030 (lt
597 4975 643 5048 γὰρ
661 4976 723 5029 κατὰ
741 4972 848 5030 malama
867 4975 1030 5048 ἀριθμοῦμεν,
1046 4974 1088 5047 ἀφ’
1138 4974 1174 5047 ἐφ’
1191 4975 1262 5047 ἡμῶν
1276 4976 1409 5047 λεγόμενον
1420 4976 1458 5041 ἓν,
1474 4975 1502 5028 οὗ
1516 4976 1605 5047 κυρίως
1619 4976 1656 5039 lv,
1671 4975 1736 5027 ἀλλά
1748 4992 1770 5028 τι
1782 4974 1813 5026 ll·
1825 4974 1889 5025 τοῦτο

316 5063 372 5131 ἑνὸς
381 5064 414 5125 ὡς
423 5063 514 5131 πλῆθος
523 5061 665 5132 ποιούμενοι
684 5059 728 5128 τὴν
747 5058 907 5131 capedinem,
918 5060 954 5122 lv,
973 5059 1015 5111 sal
1034 5059 1087 5123 oto,
1137 5059 1163 5111 δὲ
1174 5059 1200 5110 ἕν
1212 5058 1238 5112 τέ
1249 5056 1310 5121 ἔστι,
1321 5059 1362 5110 καὶ
1372 5058 1420 5131 οὐχ
1429 5059 1465 5111 ἕν·
1478 5060 1520 5111 ἅτε
1529 5057 1558 5124 δὴ
1577 5059 1619 5110 καὶ
1632 5063 1677 5111 τοῦ
1696 5057 1749 5119 ἑνός
1769 5055 1834 5128 piper
1850 5050 1888 5117 τὴν

320 5146 361 5198 καὶ
371 5146 427 5217 τρῐα
436 5146 560 5217 λέγοντες·
572 5144 628 5198 atel
636 5150 736 5216 πρῶτον
745 5144 786 5196 καὶ
805 5143 916 5214 δὼτερον
934 5142 975 5195 καὶ
993 5142 1087 5213 τρίτον·
1137 5141 1233 5209 κλῆσιν,
1244 5142 1284 5194 καὶ
1293 5142 1354 5213 πρὸς
1363 5142 1393 5194 τὸ
1402 5140 1484 5195 πολλὰ
1493 5135 1556 5194 εἶναι
1566 5141 1734 5213 μεριζόμενον.

322 5226 371 5299 ἰγὼ
384 5226 430 5298 γὰρ
452 5227 505 5289 θεὸς
514 5233 622 5300 πρῶτος,
633 5228 674 5281 καὶ
696 5224 745 5298 ἐγὼ
759 5225 820 5299 μετὰ
839 5230 925 5279 ταῦτα·
938 5224 1048 5295 δεύτερον
1063 5224 1089 5277 el

350 5421 360 5464 t
373 5419 528 5525 ffictffixrr.
542 5418 565 5461 ln
578 5416 821 5463 loeo.-stil.v.dc
833 5417 896 5462 cm.
905 5428 953 5471 cap.
963 5414 1116 5469 rra-Scap.
1125 5413 1390 5468 inauspicatarum.
1399 5414 1446 5457 -l
1458 5402 1886 5457 lro.1r1v.c.-s·lrerr.ceatll¹lwl·

323 5484 370 5524 -ll
426 5514 430 5523 .
482 5513 487 5523 .
