4008 6170
366 357 415 416 DE
435 357 512 417 DEO
535 357 679 431 DEIQUE
701 357 1043 437 PROPRIETATIBUS,
1066 361 1138 421 LlB.
1163 363 1186 436 l,
1210 362 1292 421 CAP.
1319 364 1382 423 vl„
1615 369 1666 431 tlt

81 509 842 589 iubocsuimprimostatimineubitumensintendit
894 511 967 573 dem
978 511 1171 591 injungente,
1193 511 1251 587 Oai
1264 521 1307 575 eat
1321 512 1405 576 misit
1420 533 1464 576 me
1478 515 1591 577 advos.
1605 516 1670 577 ble-

78 602 244 682 acprimum
255 603 369 682 cogitat
382 603 484 682 ipsum
495 621 568 680 essa,
586 604 696 665 deiude
705 603 747 663 sic
767 621 841 681 quo
894 605 954 666 rito
967 606 1104 685 quidam.
1120 607 1171 669 Nil
1185 609 1408 687 competentius
1422 608 1585 673 aeternitati
1600 628 1671 690 quaa

78 696 231 759 dammodo
251 714 317 757 asse
340 696 397 759 ista
418 697 601 761 considerat.
633 695 840 771 Quamobrem
894 699 975 759 Deus
992 704 1048 760 est.
1070 700 1101 761 Si
1121 699 1251 776 bonum,
1267 702 1292 762 si
1308 720 1469 782 magnum,
1489 703 1667 781 sibeatum,

78 789 241 869 simpliciter
268 808 343 865 esse,
367 809 429 850 non
453 790 682 870 quodammodo
706 807 769 851 esse
790 790 841 851 de
893 792 1108 872 sisapientem,
1125 794 1174 855 vel
1186 795 1334 874 quidquid
1345 796 1406 857 tale
1421 798 1459 857 dc
1472 798 1534 858 Deo
1555 798 1668 863 dixeris

78 883 242 945 monstravit
265 901 339 945 cum
359 882 447 961 dixit,
469 901 524 962 per
551 882 686 963 seipsum
703 899 768 943 esse
782 898 835 943 ιιιι
892 886 926 949 in
951 886 1011 947 hoc
1033 887 1128 947 verbo
1151 888 1340 949 instauratur
1364 890 1448 968 quod
1472 896 1528 951 ast.
1546 892 1666 971 Nempe

80 977 152 1037 Sicut
164 994 234 1037 cum
254 973 388 1048 οὐοοζωὴν
401 973 579 1055 sparnacum
596 974 689 1034 uilem
703 979 734 1035 et
746 973 839 1053 hujus
893 980 952 1041 hoe
972 986 1018 1042 ast
1039 981 1067 1042 ei
1085 1000 1150 1043 essa
1176 983 1260 1061 quod
1278 982 1344 1044 lraec
1369 984 1473 1044 omnia
1487 1001 1563 1045 essa.
1584 984 1616 1045 Si
1637 990 1668 1047 et

77 1069 184 1149 generis
203 1068 264 1129 alia
287 1069 469 1143 nominavit,
495 1060 624 1129 omnino
647 1073 678 1126 et
698 1067 839 1129 universe
893 1080 1017 1136 centnm
1043 1075 1118 1136 talia
1139 1076 1246 1153 addas,
1270 1095 1334 1137 non
1360 1078 1510 1139 recessisti
1527 1077 1567 1138 ab
1589 1096 1666 1143 esse.

77 1164 159 1223 sitam
177 1181 240 1223 esse
260 1182 298 1223 ac
318 1161 497 1242 simpliciter
514 1162 619 1241 ipsum
639 1161 752 1236 vivere,
773 1180 838 1222 non
892 1168 925 1228 Si
942 1186 980 1229 ea
1005 1168 1127 1245 dixeris,
1150 1169 1228 1231 nihil
1246 1169 1400 1244 addidisti3
1422 1171 1521 1231 sinon
1542 1171 1667 1248 dixeris,

76 1261 168 1316 antem
187 1254 277 1332 hano,
303 1255 353 1316 vel
371 1255 459 1317 illam
482 1272 544 1316 esse
567 1254 665 1315 vitam
693 1254 836 1316 ostendit.
891 1260 970 1321 nihil
990 1261 1137 1323 minuisti.
1168 1262 1200 1322 Si
1215 1262 1316 1323 vidisti
1336 1263 1396 1323 hoc
1414 1269 1478 1325 tam
1498 1264 1666 1344 singulare,

76 1352 143 1411 b'am
153 1351 233 1430 qnod
247 1349 838 1428 adereatasresattinet‚easprop1ieac
891 1358 956 1415 tam
982 1373 1139 1417 summum
1159 1373 1235 1431 esse,
1263 1373 1365 1416 nonne
1386 1356 1419 1417 in
1440 1356 1668 1436 comparatione

77 1464 137 1505 rere
144 1445 223 1507 antio
241 1463 307 1505 non
321 1463 387 1505 esse
401 1451 530 1523 uterque
548 1441 664 1518 definit,
680 1442 754 1522 quis
771 1461 839 1503 mu-
891 1446 985 1524 hujus
1007 1448 1158 1527 quidquid
1177 1448 1237 1508 hoe
1258 1466 1321 1508 non
1350 1453 1406 1523 est,
1428 1448 1549 1526 judicas
1569 1449 1669 1528 potius

78 1538 172 1600 abitas
187 1544 270 1615 saint,
286 1558 344 1599 nec
363 1544 437 1599 sont
458 1541 634 1599 constanter
653 1536 712 1597 hoc
734 1536 838 1616 ipsum
891 1559 954 1601 non
969 1560 1035 1605 essa
1056 1560 1151 1621 quam
1175 1541 1266 1603 esse?
1287 1542 1367 1617 Quid
1376 1541 1449 1605 item
1471 1542 1580 1603 Deus?
1596 1542 1668 1604 Sine

76 1632 148 1711 qnod
161 1651 221 1693 esse
236 1632 393 1693 dicunmr.
412 1634 588 1712 ltaqnequo
603 1630 641 1690 ad
655 1648 836 1710 supremum
891 1654 953 1714 quo
966 1635 1105 1696 nihilest.
1121 1637 1198 1697 Tam
1211 1635 1291 1697 nihil
1315 1654 1380 1697 esse
1400 1636 1465 1697 sine
1477 1636 1555 1715 ipso,
1572 1654 1667 1715 quam

76 1725 141 1785 illud
159 1744 219 1787 asse
236 1731 268 1787 et
287 1727 466 1789 mutationis
484 1743 593 1805 expers
607 1724 734 1805 propius
753 1742 837 1785 acce
889 1747 946 1790 nec
958 1729 1023 1809 ipse
1036 1729 1101 1789 sine
1114 1748 1146 1789 se
1158 1734 1266 1809 potest.
1284 1731 1352 1808 lpse
1366 1729 1435 1805 sibi,
1450 1729 1514 1809 ipse
1522 1730 1667 1792 omnibus

77 1818 153 1893 dunt,
172 1838 207 1879 eo
222 1820 325 1881 verius
343 1838 407 1881 esse
424 1819 572 1879 dicamur
590 1824 626 1877 ut
637 1823 835 1879 summeurae
888 1828 944 1883 est.
967 1826 1011 1883 Ac
1030 1840 1086 1901 per
1103 1822 1162 1882 hoc
1184 1822 1414 1899 quodammodo
1435 1823 1519 1882 salus
1543 1828 1588 1884 est
1601 1824 1666 1903 ipse

76 1932 223 1993 aoorpore
245 1918 394 1994 separatae
416 1931 492 1992 quas
512 1911 674 1991 Dionysius
699 1911 834 1991 appellat
888 1916 1043 1994 quisnam
1055 1915 1150 1995 ipsius
1168 1920 1213 1975 est
1224 1919 1255 1975 et
1268 1914 1408 1977 omnium
1428 1933 1505 1978 esse.
1526 1936 1542 1973 n

78 2008 294 2068 «mnadsn‘mas
314 2005 597 2084 antiquissimasque
619 2003 746 2065 siriutes
764 2023 833 2084 quas
929 2009 979 2069 ΙΧ.
1010 2008 1087 2069 Hinc
1109 2026 1207 2069 unum
1220 2026 1258 2068 ex
1282 2008 1389 2070 docem
1410 2009 1466 2069 Dei
1489 2008 1666 2070 nominibus

76 2119 136 2162 aare
149 2108 224 2179 sunt,
241 2119 278 2165 aa
291 2100 421 2162 velutin
435 2096 734 2178 supersubstantialis
748 2098 833 2161 trini-
885 2107 1037 2163 memorat
1060 2100 1280 2181 Hieronymus2
1298 2110 1375 2168 olon
1387 2112 1455 2164 ntn
1473 2099 1552 2163 Eser
1565 2101 1667 2180 noete,

75 2195 400 2258 tatislinrineeollocatae
410 2187 458 2254 ὁ.»
477 2194 571 2268 «Quae
581 2198 686 2256 autem
694 2193 833 2255 sensibus
886 2194 939 2275 qni
952 2214 1011 2271 ero,
1027 2194 1077 2256 vel
1091 2194 1144 2275 qni
1165 2214 1240 2271 sam,
1256 2193 1270 2255 b
1289 2196 1336 2256 da.
1351 2195 1484 2274 Proque
1501 2195 1664 2272 Isidorusss,

75 2290 196 2369 exposita
205 2296 288 2365 sunt,
305 2288 429 2370 proprie
440 2306 505 2348 non
518 2293 590 2348 sunt
603 2287 696 2361 entia,
712 2287 756 2347 ait
766 2287 833 2349 Ma·
886 2289 987 2351 solum
1007 2290 1109 2369 posuit
1126 2287 1223 2369 njeje,
1246 2289 1298 2370 qni
1323 2295 1366 2349 eat
1390 2286 1476 2349 Oeno.
1512 2290 1593 2349 Tum
1607 2291 1666 2352 hoc

75 2381 172 2457 ninius,
187 2384 259 2463 qnia
280 2381 442 2444 mutabilia
460 2387 532 2441 sunt
551 2386 581 2441 et
595 2384 774 2455 nascuntur,
790 2385 833 2440 at
885 2382 971 2443 addit
998 2383 1225 2461 Hieronymus:
1255 2384 1366 2442 «Deus
1388 2381 1471 2443 enim
1484 2381 1567 2443 solus
1591 2384 1666 2463 quia

75 2491 128 2552 qaae
135 2475 282 2536 intereunt
295 2476 319 2536 ⁶.
335 2475 435 2535 »Cum
445 2473 529 2535 enim
539 2491 604 2534 esse
617 2472 656 2533 sit
670 2471 833 2535 existerent
885 2480 1017 2537 aeternus
1039 2481 1094 2551 est,
1110 2475 1170 2535 boo
1186 2480 1242 2551 est,
1258 2475 1332 2553 qnia
1346 2474 1507 2536 exordium
1521 2494 1585 2537 non
1605 2477 1664 2538 ba-

75 2572 149 2627 axtra
161 2568 290 2629 nihilum
307 2586 381 2642 esse,
407 2566 508 2645 angeli
521 2565 648 2644 qnidam
661 2569 693 2625 et
707 2565 834 2627 immor-
885 2567 947 2643 bet,
976 2568 1113 2630 essentiae
1135 2585 1249 2628 nomen
1267 2585 1339 2628 vere
1370 2572 1461 2630 tenet.
1490 2568 1555 2628 Hoc
1581 2569 1664 2631 enim

74 2659 140 2721 talea
162 2662 292 2742 spiritam,
323 2662 445 2722 tametsi
468 2659 639 2722 secundum
665 2658 833 2720 accidendo
884 2680 999 2723 nomen
1013 2661 1053 2723 ad
1067 2667 1208 2723 sanctum
1221 2661 1359 2739 Moysem
1379 2678 1435 2740 por
1452 2661 1600 2740 angelum
1618 2669 1664 2724 est

74 2760 228 2829 matantru,
248 2773 315 2815 non
337 2760 444 2815 tamen
466 2753 506 2814 ab
523 2754 590 2833 ipso
613 2770 677 2813 esse
693 2770 832 2831 unquam
886 2754 1032 2816 delatum.
1056 2755 1208 2828 Quaerenti
1233 2754 1315 2815 enim
1346 2755 1429 2832 quod
1451 2761 1530 2815 esset
1550 2773 1663 2817 nomen

74 2847 214 2909 amant.
244 2848 316 2909 ldeo
331 2867 403 2909 vere
426 2866 489 2909 esse
503 2847 658 2923 dicuntur,
681 2852 833 2925 quatenus
886 2849 1020 2928 ejusqui
1039 2867 1112 2910 enm
1132 2866 1260 2929 pergere
1283 2846 1479 2927 precipiebat
1500 2848 1540 2908 ad
1563 2867 1664 2928 popu·

10 2996 22 3029 a.
74 2930 179 3001 τὸιῑναι
201 2960 266 3003 non
289 2941 483 3003 existentiam
512 2941 627 3015 modo,
651 2939 704 3000 sed
738 2940 831 3001 etiam
886 2943 952 3004 lum
965 2962 1003 3007 ax
1021 2945 1154 3022 AEgypto
1174 2940 1382 3016 liberandum,
1397 2941 1576 3019 respondit:
1595 2940 1663 3022 Ego

76 3032 254 3097 stabilitatem
273 3036 435 3116 dgnibcat.
450 3037 524 3109 Quae
535 3041 641 3096 autem
654 3032 832 3095 subsensns
884 3055 949 3097 anm
968 3034 1022 3115 pai
1044 3053 1121 3113 som,
1148 3041 1178 3094 et
1201 3033 1279 3094 dices
1305 3030 1382 3111 filiis
1403 3031 1517 3091 Israel:
1540 3030 1597 3105 oct
1620 3041 1663 3093 est

74 3127 833 3210 mduntctconuptibiliasnnt,quoniamoriuntur
885 3128 970 3189 misit
985 3146 1030 3189 me
1043 3126 1085 3188 ad
1107 3144 1167 3203 vos,
1192 3131 1342 3204 tanquam
1362 3125 1395 3185 in
1415 3123 1481 3203 ejus
1502 3142 1665 3205 compara·

74 3221 249 3297 asceudant,
259 3223 383 3300 bocest,
395 3222 556 3283 enihiloin
565 3220 830 3297 nihilumubeunt,
885 3221 967 3282 tione
979 3221 1033 3300 qui
1045 3238 1117 3281 vere
1127 3225 1172 3280 est
1190 3219 1265 3297 quia
1277 3216 1540 3279 incommutabilis
1554 3224 1610 3293 est,
1625 3236 1663 3279 ea

73 3329 137 3373 rare
149 3333 208 3376 esse
228 3322 393 3396 negantur.
417 3315 541 3376 Aomdit
558 3314 706 3375 continua
722 3331 834 3393 eorpo-
887 3334 957 3395 quas
970 3312 1200 3376 commutabilia
1213 3312 1294 3372 faeta
1312 3316 1393 3386 sunt,
1411 3310 1499 3389 quasi
1513 3329 1576 3371 non
1590 3311 1660 3375 sint.

73 3421 135 3466 rum
146 3426 178 3468 ac
187 3427 293 3469 rerum
305 3407 496 3469 sensibilium
505 3407 635 3469 mutatio
645 3405 833 3484 quidamque
887 3410 975 3482 Quod
983 3409 1067 3470 enim
1077 3406 1199 3480 dicitur,
1216 3403 1291 3484 snit,
1311 3422 1374 3465 non
1388 3409 1444 3477 est,
1460 3408 1490 3462 et
1504 3405 1588 3485 quod
1613 3405 1661 3465 di·

73 3498 156 3561 relati
174 3502 328 3579 decursus,
351 3520 414 3582 quo
438 3500 474 3562 fit
493 3507 530 3561 ut
550 3500 658 3561 cadem
682 3505 833 3579 perpetuo
887 3504 974 3579 citau,
990 3500 1060 3573 erit,
1075 3500 1281 3561 nondumest.
1303 3500 1384 3558 Deus
1400 3502 1581 3558 sartemesse
1593 3504 1664 3558 tan-

72 3610 130 3655 non
145 3598 210 3673 sint,
226 3596 274 3657 uti
292 3597 433 3657 fluxius«
453 3613 548 3677 quem
568 3593 673 3654 nullus
689 3594 834 3653 eumdem
886 3601 953 3656 tum
966 3594 1061 3668 novit,
1076 3593 1169 3654 fuisse
1188 3597 1220 3652 et
1238 3591 1378 3651 monum
1397 3607 1462 3651 esse
1484 3609 1547 3651 non
1566 3592 1662 3656 navit.

73 3704 196 3767 unquam
218 3690 348 3765 inuenit,
376 3712 390 3747 ι
414 3694 449 3749 ut
473 3707 512 3749 ex
535 3686 688 3749 Heraclito
713 3704 834 3747 memo-
887 3688 977 3750 Solus
990 3686 1074 3747 enim
1088 3686 1177 3746 Pater
1196 3703 1268 3746 eum
1287 3685 1407 3745 Filioet
1426 3685 1541 3764 Spiritu
1558 3691 1663 3748 sanato

73 3788 181 3843 rentem
194 3790 286 3844 antea
302 3782 504 3844 Plutarchum
518 3780 702 3841 audivimus.
719 3779 835 3853 Quam·
886 3781 1035 3844 veraciter
1049 3786 1104 3856 est,
1123 3780 1174 3843 eui
1187 3785 1401 3860 comparatum
1421 3797 1487 3840 asse
1508 3786 1659 3856 nostrum,

12 3893 17 3901 ¹
43 3932 47 3939 ,
73 3873 167 3937 obrem
183 3877 238 3939 Dei
255 3877 419 3957 proprium
431 3882 461 3939 et
484 3876 609 3943 οὐσιῶδες
622 3880 667 3935 est
682 3893 744 3934 esse
764 3874 836 3934 sim·
887 3895 950 3937 non
963 3880 1124 3937 esseest.»
1141 3875 1182 3935 nt
1194 3873 1374 3935 Ambrosius
1388 3874 1422 3933 in
1435 3875 1663 3935 commentariis

74 3966 193 4048 pliciter,
207 3976 238 4031 et
254 3969 343 4032 nullo
356 3970 459 4031 addito
475 3970 564 4048 eique
591 3972 834 4030 consentaneum
888 3971 927 4031 ad
939 3969 1096 4030 Psalmum
1115 3966 1241 4028 tertium
1255 3972 1285 4027 et
1301 3965 1585 4045 quadragesimum,
1600 3984 1664 4027 non

74 4079 178 4125 nomen
213 4071 260 4127 est
293 4069 308 4125 t
331 4061 434 4144 ὢν,ροί
461 4070 515 4124 est.
542 4063 587 4123 De
608 4080 671 4141 quo
702 4062 834 4123 Bernar-
886 4082 999 4125 nomen
1013 4062 1109 4122 Deiin
1122 4061 1177 4121 illo
1194 4058 1300 4121 Exodi
1316 4059 1396 4135 loco,
1411 4058 1466 4119 sed
1476 4077 1542 4121 rem
1563 4060 1665 4121 nomi·

73 4153 127 4214 das
143 4158 335 4219 laodiendus
353 4162 409 4233 est,
431 4157 486 4237 qni
500 4156 528 4217 ei
540 4156 657 4235 quoda
674 4154 765 4215 nobis
776 4173 835 4234 po-
886 4157 934 4219 nis
951 4171 1126 4236 expressam
1150 4158 1250 4233 putat.
1272 4174 1288 4210 a
1308 4153 1444 4233 Denique
1466 4171 1663 4234 cognoscens,

73 4246 158 4310 stom
169 4257 223 4325 est,
233 4250 474 4313 luculentissime
486 4249 579 4311 fidem
595 4250 678 4311 fecit.
692 4250 740 4311 Sic
749 4249 834 4309 enim
887 4250 996 4331 inquit,
1012 4255 1147 4310 mentem
1168 4247 1234 4326 ejus
1254 4248 1334 4308 Deus
1347 4266 1410 4308 non
1429 4248 1587 4327 respondit
1607 4267 1666 4310 no-

73 4340 108 4401 de
129 4343 186 4403 Deo
206 4351 406 4425 percontatur
428 4364 463 4405 ao
484 4343 543 4404 sibi
562 4344 626 4424 ipse
644 4343 831 4423 respondet:
887 4362 970 4419 men,
987 4344 1040 4405 sed
1053 4340 1223 4421 negotium,
1231 4340 1291 4402 hoc
1304 4347 1359 4418 est,
1366 4359 1433 4402 rem
1444 4343 1591 4421 expressit
1601 4361 1665 4404 non

75 4456 88 4487 ι
107 4435 176 4508 Oris
197 4439 257 4499 ast!
280 4457 345 4499 non
363 4456 436 4499 sane
454 4437 587 4498 occurrit
607 4436 718 4498 melius
740 4454 835 4516 quam
888 4435 1125 4518 appellationem
1136 4433 1253 4494 dicens:
1273 4433 1414 4512 Eponam
1425 4435 1478 4515 qai
1493 4455 1570 4511 anm,
1590 4436 1665 4515 quia

71 4529 121 4605 qni
135 4536 186 4590 ast.
200 4532 265 4592 lloc
276 4531 339 4611 ipsa
356 4531 395 4593 de
409 4549 440 4592 se
457 4530 556 4590 voluit
566 4530 754 4611 responderi,
775 4529 836 4590 boc
888 4529 966 4590 nihil
976 4535 1041 4589 tam
1054 4526 1212 4607 proprium
1227 4526 1282 4587 Dei
1296 4543 1392 4605 quam
1410 4545 1531 4607 semper
1552 4546 1628 4589 esse.
1643 4550 1659 4585 »

70 4619 179 4699 docuit,
195 4624 315 4685 dicente
330 4626 435 4705 Moyse
447 4624 486 4685 ad
502 4624 665 4704 populum,
684 4624 750 4703 ipso
765 4623 836 4702 qui·
889 4623 927 4719 Et
938 4623 1064 4701 quidem
1072 4622 1098 4683 si
1109 4620 1177 4700 quis
1186 4624 1285 4681 totum
1298 4620 1376 4681 illud
1391 4622 1666 4704 caputdiligentius

102 4847 213 4921 αΤοὸτῳ
224 4850 270 4923 γὰρ
281 4851 363 4925 ἀθρόῳ
375 4853 437 4907 κατὰ
449 4854 548 4925 πρώτην
560 4850 699 4924 apostolia
711 4849 836 4905 ἐπιὸάλλοι
889 4851 985 4923 τριάδος
997 4850 1130 4924 ἱδρυμέναι,
1146 4850 1206 4923 πρὸς
1219 4848 1303 4917 wirne,
1317 4847 1358 4901 καὶ
1370 4844 1394 4901 ia
1408 4845 1468 4921 αὐτῇ
1486 4850 1526 4902 καὶ
1538 4850 1568 4904 τὸ
1590 4842 1662 4915 εἶναι,

69 4927 147 4992 brad<
161 4938 196 5004 τῷ
208 4926 277 4987 εἶναι·
293 4934 337 4989 dt’
350 4935 416 4990 obses
428 4936 457 4990 rb
469 4936 582 4989 ὁπωσοῦν
596 4928 657 4988 εἶναι
669 4932 729 4987 arith
738 4935 833 5005 θεωρεῖ·
888 4937 929 4989 aad
941 4936 971 4989 ab
984 4938 1094 4999 θοοειὸῶς
1108 4929 1170 4988 εἶναι
1184 4934 1279 5007 ἔχουσι.

69 5009 151 5066 :boba
176 5016 256 5080 ὢιλόις
270 5013 342 5089 εἶναι,
362 5020 390 5074 ab
408 5020 437 5074 rb
461 5025 513 5082 πῶς
530 5013 591 5073 εἶναι
616 5016 748 5086 ἐδήλωσεν,
761 5016 835 5071 εἰπὼν
924 5019 1049 5076 obllxnt.
1065 5021 1116 5074 [loa
1129 5021 1176 5092 γὰρ
1189 5019 1248 5072 ὄντα
1261 5015 1437 5084 ἔιαῖοθητοΐς;
1450 5016 1481 5071 τὰ
1497 5017 1544 5089 γὰρ
1558 5015 1661 5087 αἰσθητὰ

69 5097 310 5159 xst's‘n'arsetva.
890 5101 933 5156 aba
959 5103 1018 5157 sicia
1045 5103 1112 5175 dara,
1139 5104 1181 5157 ἅτε
1206 5100 1297 5174 τρεπτὰ
1320 5100 1389 5165 ὄντα,
1408 5119 1442 5154 πα
1471 5100 1602 5171 scriptae,
1622 5102 1667 5155 καὶ

101 5183 117 5237 b
132 5184 210 5242 Dios.
222 5189 267 5241 lat
290 5192 348 5261 γοῦν
364 5189 389 5243 οἱ
406 5192 530 5262 saara,
545 5189 585 5241 mi
597 5188 755 5261 cpeodbrerm
769 5189 837 5241 δυνά·
890 5186 1056 5259 ἀπολλύμενα.

68 5287 116 5336 :²25
129 5269 206 5333 ὄνῖως
218 5268 299 5340 οὖσαι,
311 5275 352 5326 καὶ
372 5266 427 5329 οἷον
450 5273 474 5329 iv
496 5273 624 5346 προθύροις
637 5278 680 5342 τῆς
693 5271 836 5344 ‘corporales

93 5457 99 5489 Ι
114 5455 243 5509 Epirum.
254 5479 279 5491 -
290 5458 306 5504 2
319 5456 367 5505 Lib,
377 5457 423 5503 vll,
437 5456 496 5513 θήρ,
506 5459 576 5512 ‘apd
604 5478 625 5489 ·
645 5456 658 5501 3
673 5455 722 5500 Lib.
738 5453 755 5498 l.
768 5453 793 5500 de
804 5455 896 5503 comm..
908 5466 942 5502 vl·
