4008 6170
314 355 353 415 88
828 352 1161 415 THEOLOGICORUM
1184 352 1402 415 nanneten

313 501 338 560 is
350 502 406 562 crit
422 521 571 578 summus,
595 504 733 583 adeoque
752 503 835 564 solus
850 505 941 563 Deus
965 503 1044 564 Nam
1062 502 1087 561 si
1141 499 1323 577 differendo,
1347 520 1409 580 qua
1429 502 1527 581 patin.
1552 504 1646 564 Porro
1667 503 1692 563 si
1719 508 1867 562 nentrum
1882 520 1917 562 ex
2000 484 2001 503 ί

313 595 432 656 nudam
441 616 480 657 ex
486 616 576 676 aequo
582 598 733 677 originem
743 597 858 658 habent
869 615 986 671 omnes,
1002 615 1087 676 pror-
1141 592 1262 653 dnobus
1274 593 1371 654 altero
1383 594 1483 670 distat,
1494 596 1560 673 jam
1571 595 1705 656 utambo
1718 612 1841 656 summa
1851 611 1919 654 ma-
2000 598 2001 619 ¹

314 704 365 747 sus
378 694 469 748 erunt
482 689 627 768 disparati
641 708 677 751 ao
690 696 802 750 natura
823 688 1088 749 dissimilieonsta-
1141 705 1212 763 gna,
1228 688 1716 769 quaDeinmbo,neut1·umplus
1733 687 1830 748 altero
1844 705 1921 766 prae·

315 776 403 839 bunt.
430 781 529 840 cliuo
549 782 663 861 quippe
677 781 815 861 ingeniti,
838 786 874 841 ut
899 781 942 841 ait
955 779 1089 858 Fulgon·
1142 779 1343 855 statuellam
1361 782 1513 842 rationem
1534 781 1658 842 numeri
1680 780 1727 840 sui
1742 779 1919 856 ostendunt,
2000 812 2001 815 =

314 870 384 947 tius,
401 890 466 933 non
484 879 611 953 possunt
625 893 720 935 unam
734 874 847 935 habere
864 878 1019 948 naturam,
1034 871 1089 931 ubi
1142 876 1350 953 praestantiam
1372 894 1436 936 non
1457 875 1617 936 habentes.
1641 876 1798 935 Numerus
1814 880 1921 934 numm

315 983 373 1024 nee
382 983 462 1025 unus
473 966 506 1026 in
518 985 581 1026 nno
593 984 664 1027 vere
677 968 711 1028 in
724 985 755 1027 se
763 965 995 1045 generationem
1005 964 1089 1024 inve
1141 968 1306 1028 ‹livinitatis
1315 987 1437 1029 summa
1453 971 1570 1030 ratione
1584 975 1723 1029 constare
1736 968 1918 1029 debente»

314 1057 371 1132 nit,
388 1075 445 1117 neo
461 1077 542 1118 unus
557 1077 595 1119 ex
610 1078 675 1119 nno
697 1078 768 1120 vere
789 1060 822 1119 in
838 1076 869 1117 sc
888 1056 1088 1117 substantiam
1142 1063 1190 1123 ald
1200 1063 1267 1124 haee
1278 1064 1302 1122 si
1317 1064 1380 1124 duo
1399 1083 1489 1143 pares
1501 1065 1660 1125 acsimiles
1676 1065 1762 1124 omni
1775 1081 1815 1123 ex
1833 1067 1921 1143 parte
2000 1086 2001 1129 3

315 1150 479 1212 nativitatis
491 1151 657 1231 agnoseitl,
673 1175 687 1209 ν
704 1159 735 1213 et
746 1171 818 1213 cum
829 1152 1090 1226 infiniti,immen-
1143 1174 1205 1215 esse
1217 1162 1354 1235 possunt,
1371 1174 1427 1216 cur
1445 1174 1508 1217 non
1526 1156 1625 1218 multo
1647 1155 1776 1236 plures?
1790 1174 1920 1215 curnon
2000 1152 2001 1221 ι

314 1243 399 1322 sique
415 1244 528 1324 singuli
553 1245 623 1319 sint,
646 1244 724 1306 nihil
746 1243 824 1304 alter
841 1244 930 1304 alteri
946 1242 1001 1303 ubi
1019 1261 1090 1303 0011·
1143 1249 1255 1310 infiniti
1267 1249 1283 1310 ‘l
1296 1256 1331 1310 ut
1340 1250 1547 1311 Tertullianus
1561 1256 1592 1311 et
1606 1249 1787 1310 Abaelardus
1805 1248 1921 1308 ibidem
2000 1248 2001 1293 l

315 1337 407 1413 sistat,
421 1337 579 1419 reliquum
589 1339 688 1415 faciet,
701 1338 785 1418 qnod
796 1338 1007 1415 Athenagoras
1017 1355 1090 1415 gen·
1143 1344 1268 1404 instant.
1294 1365 1308 1398 ι
1331 1343 1469 1404 Infinitos
1489 1345 1593 1423 itaque
1620 1343 1779 1423 praedicari
1800 1348 1923 1421 oportet

314 1428 419 1489 lilibus
437 1429 624 1510 opponebat.
650 1431 776 1504 Qttodsi
794 1431 862 1509 quis
885 1428 1000 1489 multos
1017 1429 1091 1488 istos
1144 1437 1226 1511 deos,
1242 1436 1442 1497 utinfinitam
1456 1436 1662 1515 ejusglorium
1674 1434 1920 1514 magnificemus,

315 1521 475 1582 ‹leostnles
490 1541 553 1583 esse
571 1523 655 1599 velit,
677 1523 934 1602 utunusquisqne
956 1526 1092 1581 tamum-
1144 1531 1314 1611 praesertim
1325 1547 1397 1590 eum
1408 1530 1495 1590 nulla
1516 1530 1555 1589 sit
1568 1530 1646 1590 ratio
1666 1524 1730 1607 qua
1742 1529 1780 1589 ad
1802 1535 1921 1589 certum

316 1615 387 1675 dem
399 1616 556 1695 dignitatis
564 1635 599 1677 ac
614 1617 808 1696 perfectionis
828 1616 974 1690 obtineat,
995 1634 1092 1695 qnan-
1144 1642 1311 1685 numerum
1335 1624 1471 1703 aliquem
1500 1642 1537 1683 ea
1564 1622 1671 1682 reduci
1694 1628 1799 1702 queat.
1821 1623 1921 1696 Quam

316 1715 384 1770 tum
405 1709 483 1769 alius
502 1709 641 1789 quilibet,
667 1717 719 1771 aut
736 1728 842 1771 omnes
861 1710 894 1770 in
909 1727 1009 1769 renum
1021 1728 1092 1770 con·
1140 1718 1229 1794 juxta
1239 1716 1417 1796 praedictam
1436 1716 1589 1777 rationem
1600 1719 1687 1775 tanto
1698 1715 1798 1792 magis
1812 1715 1924 1794 ampli

315 1802 442 1881 globati,
456 1805 592 1884 primum
607 1806 639 1865 id
650 1805 718 1865 fieri
728 1823 793 1865 non
807 1810 916 1885 potest,
939 1804 964 1863 si
987 1802 1091 1883 plures
1143 1809 1314 1883 ficabimus,
1331 1816 1447 1888 quanto
1466 1808 1598 1888 amplius
1614 1824 1782 1868 numerum
1793 1806 1863 1884 ejus
1876 1826 1925 1867 cx·
2000 1832 2001 1885 γ

315 1897 376 1957 sint
397 1898 506 1958 saltem
525 1917 658 1977 numero
676 1904 805 1974 naturm,
832 1903 863 1958 ct
886 1897 970 1976 quod
990 1914 1091 1956 eonse-
1143 1903 1342 1963 tenderimus.
1358 1901 1682 1982 Atqueitapluraesse
1695 1900 1922 1973 summabona,

313 2009 410 2069 clarens
445 1998 506 2067 est,
529 1990 688 2066 bonitates,
719 1990 885 2071 sapientiae,
916 1993 1089 2069 potestates.
1145 2013 1239 2076 quam
1252 1996 1398 2056 inferiora
1415 1995 1602 2070 conveniret,
1619 1995 1716 2055 immo
1737 1994 1869 2054 omnino
1882 1995 1924 2055 in·
2000 1998 2001 2053 ἶ

315 2084 435 2144 Etenim
450 2085 530 2160 duae,
546 2085 687 2164 pluresve
701 2084 852 2144 bonitates
863 2102 899 2143 ao
914 2088 1023 2143 caetera
1036 2081 1092 2142 hu·
1144 2090 1233 2150 finita
1247 2107 1321 2150 esse.
1339 2111 1353 2146 »
1371 2089 1443 2150 Haec
1461 2087 1650 2149 Abaelardus.
1671 2088 1738 2159 Quo
1760 2093 1877 2166 spectat
1892 2088 1924 2147 il-
2000 2152 2001 2157 γ

311 2176 458 2254 jusmodi,
472 2178 574 2238 uniac
584 2177 734 2256 singulari
749 2183 903 2258 prestant,
921 2182 957 2236 ut
971 2182 1092 2237 natura-
1146 2180 1200 2241 lud
1223 2180 1349 2241 Maximi
1373 2180 1548 2259 interpretis
1562 2178 1724 2258 Dionysii:
1765 2179 1827 2239 «Si
1842 2181 1926 2258 prin-

315 2268 352 2327 lis
372 2270 439 2349 ipsa
449 2271 527 2330 ratio
547 2270 721 2350 persuadet.
743 2270 857 2330 Deinde
874 2270 1092 2348 supervacanei
1146 2274 1225 2352 cipio
1235 2273 1326 2352 plura
1335 2273 1406 2349 sint,
1422 2273 1487 2333 iore
1501 2272 1621 2332 infinita
1635 2288 1768 2331 numero
1782 2276 1807 2330 “.
1826 2293 1841 2326 ν

316 2366 408 2421 crunt
422 2361 543 2440 reliqui,
560 2364 584 2421 si
597 2381 678 2423 untts
694 2363 790 2423 instar
801 2379 864 2421 esse
883 2360 1025 2421 omnium
1040 2380 1093 2441 po
1186 2367 1237 2426 IV.
1250 2366 1414 2444 Gregorius
1428 2367 1583 2444 Nyssenus
1597 2365 1627 2425 in
1642 2361 1772 2443 prologo
1789 2362 1923 2425 Cutcclu·
1947 2384 2001 2487 usq

315 2458 383 2529 test,
408 2459 444 2513 ut
457 2454 639 2515 Edmundus
657 2453 880 2514 Cantuaricnsis
901 2454 935 2513 in
968 2451 1094 2533 Speculo
1148 2459 1203 2519 tici
1219 2458 1311 2535 lteri,
1326 2460 1425 2519 Deum
1439 2455 1926 2536 unumesse,similiterutp1io

315 2545 444 2607 ecelesiae
458 2548 586 2609 disserit.
607 2572 621 2605 a
638 2549 670 2610 Si
684 2547 925 2626 duo,inquit,dii
937 2554 1046 2622 essent,
1056 2566 1093 2607 ex
1147 2569 1195 2611 res
1201 2550 1258 2627 illi,
1272 2569 1310 2612 ex
1324 2569 1489 2612 easumma
1495 2550 1681 2632 perfectione
1690 2548 1816 2627 colligit,
1828 2567 1925 2628 quam
1946 2548 1991 2611 θ’.

316 2638 376 2699 λιοο
388 2646 568 2718 sequeretur
579 2642 760 2716 necessario,
774 2640 859 2720 quod
881 2639 974 2700 ambo
990 2640 1033 2700 dii
1051 2658 1095 2700 es
1148 2645 1211 2704 lieo
1231 2644 1405 2705 eommunis
1423 2662 1529 2704 sensus
1548 2643 1712 2704 hominnm
1731 2642 1851 2703 tribuit.
1879 2644 1926 2702 Et·
1957 2610 2001 2711 αίῖί

317 2742 385 2797 sont
396 2738 544 2816 superflui
554 2744 585 2799 et
600 2739 745 2799 diminuti
755 2737 888 2798 simulet
898 2737 1005 2799 semol.
1015 2740 1094 2799 Nam
1148 2738 1294 2817 enimqui
1308 2740 1407 2800 Deum
1413 2739 1547 2818 cogitare
1554 2743 1691 2818 posnam,
1704 2754 1778 2798 eum
1788 2754 1925 2821 easesep·
2000 2740 2001 2803 ζ

315 2830 434 2909 primns
445 2832 524 2892 foret
535 2831 718 2912 superfluus»,
731 2832 805 2911 (pria
817 2831 970 2891 secundus
980 2830 1096 2891 suffice
1148 2829 1240 2906 tiunt,
1257 2830 1311 2910 qui
1324 2831 1363 2891 sit
1375 2830 1465 2891 bonis
1474 2829 1620 2890 omnibus
1631 2829 1799 2905 absolutus,
1812 2829 1865 2889 oui
1875 2830 1923 2888 ni-
2000 2894 2001 2897 γ

315 2929 371 2995 ret,
384 2921 462 2984 alter
474 2926 558 2986 enim
573 2925 642 3005 (cor.
658 2924 754 3005 aliter]
766 2944 831 2985 non
842 2929 920 2986 esset
932 2925 1023 2984 neris.
1037 2925 1095 2983 Per
1149 2923 1195 2983 hil
1212 2925 1354 2986 aeeedere
1376 2926 1479 3004 possit,
1510 2943 1611 3004 neque
1633 2924 1790 2999 decedere,
1808 2925 1841 2984 in
1863 2943 1924 3003 quo
2000 2940 2001 3003 j

316 3016 457 3077 camdem
469 3020 621 3079 rationem
645 3024 722 3078 esset
737 3018 889 3078 secundus
907 3016 1091 3096 superfluus,
1149 3015 1283 3095 perfecta
1296 3017 1444 3097 sapientia
1457 3018 1496 3077 sit
1511 3023 1542 3078 et
1556 3022 1689 3097 potestas
1709 3020 1740 3076 ct
1750 3015 1882 3089 bonitas,
1894 3023 1924 3074 et
2000 3048 2001 3081 2

315 3127 387 3168 cum
408 3111 528 3189 primns
555 3118 633 3173 esset
653 3111 736 3171 solus
758 3108 939 3171 sufficiensl.
959 3131 973 3165 »
995 3110 1094 3187 Atque
1149 3110 1260 3189 siquid
1280 3110 1366 3172 eliud
1386 3117 1440 3188 est,
1462 3112 1546 3190 quod
1569 3111 1704 3172 divinam
1716 3115 1861 3170 natmnm
1876 3109 1925 3168 de·
2000 3180 2001 3183 ρ

316 3200 374 3259 hoc
390 3202 496 3261 Petrus
516 3203 610 3263 etiam
632 3202 811 3264 Abaelardus
832 3203 865 3262 in
888 3201 979 3262 tert-io
1002 3199 1096 3261 Intro-
1149 3210 1207 3263 cot.
1225 3205 1335 3278 Quaesi
1352 3207 1385 3265 in
1398 3224 1436 3266 eo
1453 3205 1672 3286 perfectissima
1691 3210 1848 3283 ponantur
1862 3222 1925 3263 om·

316 3291 460 3353 diationis
486 3296 653 3374 ttcoloqiccc
678 3295 794 3375 posuit,
821 3301 969 3373 utsupra
990 3295 1096 3354 memi-
1149 3296 1210 3371 tria,
1235 3302 1270 3357 ut
1292 3315 1332 3357 ne
1349 3296 1425 3376 fingi
1442 3298 1569 3377 quidem
1598 3296 1778 3376 perfectiora
1796 3295 1923 3374 possint,
2000 3350 2001 3359 ,

317 3385 430 3446 nimus.
1150 3407 1185 3447 ac
1206 3388 1406 3449 nihilominus
1426 3389 1517 3468 plura
1546 3388 1768 3467 ejusdemmodi
1792 3387 1926 3466 perlecta
2000 3408 2001 3411 ¹

355 3480 869 3558 Tertullianumhisadjtmgamus,
884 3481 982 3559 quiin
996 3481 1097 3559 primo
1151 3481 1303 3560 quispiam
1329 3499 1391 3541 esse
1416 3481 1590 3556 contendat,
1619 3497 1771 3541 «necasse
1796 3485 1862 3553 est,
1885 3480 1925 3538 ait

314 3569 453 3633 αιίοονιιιι
464 3572 640 3634 Marcionem
647 3591 711 3633 non
723 3572 854 3633 absimili
863 3578 1045 3652 argumento
1056 3574 1098 3633 sie
1152 3568 1336 3653 Gregoriusl
1349 3576 1383 3635 in
1403 3576 1451 3651 iis,
1471 3593 1540 3655 quae
1556 3572 1644 3634 nulla
1658 3575 1808 3652 venetae,
1823 3573 1926 3634 distin·

316 3664 426 3725 utitur:
434 3666 523 3727 «lam
530 3666 1005 3744 nunoduosummamagna,duo
1013 3666 1099 3745 paria
1151 3673 1299 3745 guimtur,
1313 3669 1366 3728 sed
1379 3668 1527 3729 iniisdem
1540 3666 1654 3727 versari
1663 3666 1925 3727 considerantibus

316 3758 366 3818 eui
380 3777 482 3838 operae
496 3761 610 3840 pretio,
626 3760 676 3821 cui
684 3759 893 3820 emolumento
912 3758 1099 3836 deputaren-
1151 3761 1305 3835 videntur,
1320 3760 1371 3819 vel
1380 3760 1540 3840 proprium
1553 3758 1670 3839 aliquid
1681 3764 1862 3832 monstrare,
1878 3757 1926 3819 vel

317 3850 386 3911 tur?
400 3852 474 3931 quid
488 3853 627 3913 interfuit
636 3851 768 3927 numeri,
782 3867 855 3911 eum
865 3850 927 3909 duo
937 3850 1023 3928 paria
1035 3867 1100 3908 non
1152 3854 1177 3913 si
1192 3872 1229 3914 ex
1243 3855 1374 3933 propriis
1386 3860 1417 3914 et
1435 3852 1641 3934 peculiaribus
1667 3852 1845 3929 cogitationi
1873 3871 1927 3913 no

320 3941 464 4004 differant
477 3964 541 4006 nno
556 3945 571 4007 l
585 3947 654 4007 Una
669 3947 753 4005 enim
765 3963 814 4004 res
829 3948 885 4017 est,
903 3961 974 4021 quae
989 3942 1097 4003 eadem
1151 3952 1221 4007 strae
1231 3946 1309 4005 nihil
1325 3952 1474 4021 occurrat,
1489 3947 1523 4005 in
1545 3944 1658 4023 quibus
1676 3942 1764 4003 nulla
1781 3961 1832 4004 res
1849 3944 1926 4004 inest

319 4035 353 4095 in
365 4035 548 4100 duobusest.
562 4040 661 4099 Etiam
675 4039 700 4098 si
710 4037 801 4118 plura
810 4043 907 4096 essent
919 4036 1018 4115 paria,
1031 4041 1099 4095 tan-
1152 4059 1221 4119 quae
1242 4040 1403 4116 discernan,
1426 4040 1460 4100 in
1478 4040 1526 4099 bis
1549 4037 1673 4098 nullum
1693 4036 1860 4097 dberimen
1874 4056 1925 4097 su-

320 4129 460 4190 tumdem
475 4132 579 4192 omnia
594 4150 694 4192 tanaim
712 4131 848 4205 iecissent,
863 4131 952 4190 nullo
972 4130 1054 4189 inter
1066 4146 1097 4188 se
1151 4132 1271 4211 spicari.
1294 4133 1373 4193 Nam
1394 4132 1419 4192 si
1440 4149 1542 4210 neque
1565 4129 1599 4188 in
1617 4147 1654 4188 co
1675 4129 1758 4207 quod
1775 4128 1856 4208 plus,
1873 4135 1926 4189 aut
2000 4170 2001 4175 η

354 4339 491 4393 allum.
511 4338 558 4392 nd.
572 4339 604 4392 G.
621 4354 647 4393 tv
671 4339 704 4395 de
723 4341 818 4395 Dinia.
837 4340 915 4395 Nom.
930 4335 960 4389 El
980 4336 1028 4409 γάρ
1049 4329 1096 4387 εἷεν
1151 4332 1236 4386 ἄπεστι
1255 4333 1421 4405 προσηγορία·
1439 4334 1500 4403 μήτε
1511 4331 1572 4385 κατά
1587 4330 1617 4384 ab
1633 4328 1746 4402 ἀρχαῖον,
1758 4328 1798 4380 καὶ
1809 4330 1926 4400 πρόαρο-
2000 4364 2001 4409 γ

318 4420 392 4494 άρχαλ
406 4422 515 4493 διάφοροι
524 4422 620 4484 πάντως
630 4421 814 4495 άπειροπλήθεις
823 4423 980 4494 φανήσονται,
1150 4434 1205 4469 τον·
1219 4416 1248 4469 td
1261 4416 1308 4490 γὰρ
1323 4415 1355 4488 μὴ
1368 4414 1405 4468 tet
1420 4416 1459 4485 δν,
1480 4413 1527 4477 ἔξω
1540 4418 1583 4482 τῆς
1595 4415 1651 4485 περὶ
1662 4413 1691 4467 τὸ
1705 4412 1770 4464 θεῖόν
1784 4409 1849 4464 ἔστιν
1865 4412 1925 4464 tm·
2000 4414 2001 4427 ¹

355 4505 370 4559 b
386 4506 469 4560 Getae.
484 4506 566 4574 Nysa
588 4504 617 4559 El
628 4506 675 4579 γάρ
688 4507 717 4561 τό
729 4507 821 4561 τέλειον
836 4504 860 4559 ἐν
875 4504 947 4558 παντί
963 4504 1018 4572 δοίη
1041 4494 1096 4576 περὶ
1150 4499 1263 4572 λήψεως·
1280 4500 1336 4553 ἀλλ’
1355 4497 1399 4569 εἷς,
1416 4500 1456 4552 καλ
1468 4498 1482 4552 ό
1494 4498 1565 4560 αθτδς
1579 4503 1622 4566 τῆς
1633 4498 1746 4566 θεότητος
1759 4496 1844 4568 λόγος,
1859 4495 1927 4549 ολδε-

319 4591 349 4644 τδ
367 4589 524 4662 ίποκείμενον
541 4590 728 4664 ὁμολογεῖσθαι·
745 4589 868 4645 πολλὰδὲ
888 4582 949 4642 εἶναι
967 4589 997 4643 τὰ
1016 4588 1097 4642 τέλεια
1153 4587 1208 4655 μιᾶς
1223 4582 1344 4654 ἰδιότητος
1359 4583 1383 4638 ἔν
1403 4583 1481 4637 ebetat
1495 4582 1556 4638 κατά
1577 4583 1607 4636 td
1621 4581 1722 4654 εὔλογον
1742 4578 1923 4652 ιδρισκομένης·
2000 4652 2001 4667 γ

321 4675 362 4727 διὰ
387 4680 436 4728 τῶν
455 4674 534 4728 αθτῶν
556 4678 784 4749 χαρακτηριζόμενα
803 4676 886 4749 λέγοι·
915 4673 1006 4745 ἀνάγκη
1032 4675 1097 4726 πᾶσα
1150 4666 1240 4739 ἀνάγκη
1258 4672 1324 4723 πᾶσα
1341 4667 1400 4741 πρός
1414 4670 1469 4739 μιᾶς
1487 4668 1600 4735 θεότητος
1625 4664 1760 4738 ὁμολογίαν
1775 4663 1927 4731 συνθλιόῆναι
2000 4684 2001 4693 ·

318 4757 357 4812 ἐπὶ
371 4763 420 4811 τῶν
433 4759 538 4830 μηδεμιᾷ
550 4760 696 4834 παραλλαγῇ
709 4760 909 4833 διακρινομένων·
925 4757 982 4810 ἀλλ’
999 4755 1023 4809 ἐν
1045 4757 1097 4817 τοῖς
1150 4750 1194 4818 τὴν
1205 4752 1390 4825 πεπλανημένην
1403 4751 1510 4824 περὶτοῦ
1524 4751 1628 4819 πλήθους
1638 4753 1688 4803 τῶν
1710 4747 1770 4800 θεῶν
1783 4748 1925 4817 φαντασίαν.

321 4843 403 4905 αὗτθῖς
422 4843 602 4915 θεωρουμένων,
624 4846 639 4913 ᾖ
661 4843 774 4908 ἔπιδειξαι
794 4845 824 4899 rb
852 4842 926 4909 ἴδιον,
949 4838 1004 4909 ⁴bal
1023 4838 1097 4912 μηδὲν
1151 4833 1182 4887 El
1200 4835 1247 4909 γάρ
1264 4837 1293 4890 ab
1313 4836 1412 4909 άγαθδν,
1434 4837 1474 4895 καλ
1496 4834 1525 4889 τό
1539 4834 1641 4901 δίκαιον,
1655 4833 1684 4885 τό
1701 4848 1728 4884 τε
1741 4830 1826 4901 σορόν,
1841 4831 1881 4883 καλ
1898 4831 1927 4884 τδ

322 4927 463 4991 ίδιαζόντιον
482 4927 613 4981 καταλάόοι
627 4926 642 4996 ἡ
658 4926 746 4999 ἔννοια,
769 4927 806 4999 ἔφ’
820 4923 854 4981 ὧν
873 4926 902 4981 τό
917 4924 1041 4997 διαχρίνον
1055 4922 1098 4976 οὔκ
1151 4921 1250 4975 δυνατόν
1264 4921 1378 4983 ὡσαύτως
1395 4921 1503 4993 λέγοιτο,
1518 4921 1534 4987 ἥ
1548 4937 1574 4973 τε
1593 4916 1722 4989 άρθαρσία,
1743 4916 1783 4969 καί
1805 4915 1925 4987 άὶδιότης,

324 5011 385 5081 ἔστι,
410 5012 442 5084 μη
464 5010 576 5066 ὑπονοεῖν
594 5013 638 5081 τὴν
657 5014 788 5084 διάκρισιν·
806 5011 827 5067 el
845 5012 893 5085 γάρ
912 5012 973 5083 μήτε
987 5009 1051 5080 παρὰ
1068 5007 1097 5060 τό
1151 5006 1191 5058 καί
1213 5007 1279 5058 πάσα
1299 5004 1395 5074 τίισεόης
1412 5006 1506 5058 διάνοια
1529 5003 1591 5058 κατὰ
1615 5001 1657 5055 τὸν
1683 4998 1755 5053 αίιτδν
1776 4998 1927 5072 ὀμολογοῖτο

323 5098 408 5167 πλέον,
425 5099 465 5150 καλ
488 5095 587 5152 ἕλάττον
605 5097 649 5165 τὴν
671 5097 787 5170 διαφορὰν
807 5096 950 5169 ἐξευρίσκω·
971 5086 1033 5146 διότι
1054 5092 1098 5160 την
1151 5090 1252 5161 τρόπον,
1267 5089 1344 5156 πάσης
1358 5089 1419 5143 κατὰ
1435 5090 1514 5143 πάντα
1528 5089 1603 5160 λόγον
1614 5087 1729 5156 διαφορᾶς
1743 5082 1925 5156 θραιροιιμίνης,

328 5178 460 5233 ἐλάττωσιν
471 5180 485 5232 ό
495 5186 538 5248 τῆς
549 5182 702 5250 τελειότητος
716 5180 744 5233 οίι
758 5180 919 5253 παραδέχεται
932 5178 1020 5249 λόγος·
1038 5178 1098 5248 μήτε
1152 5174 1329 5243 οοννραιρεῑται
1344 5173 1398 5225 κατ’
1411 5170 1516 5244 ἀνάγκην
1529 5171 1559 5225 τό
1574 5175 1623 5224 τῶν
1640 5168 1701 5220 θεῶν
1716 5167 1809 5234 πλῆθος
1821 5166 1870 5220 άπὸ
1883 5170 1926 5220 τοῦ

322 5264 367 5333 τὴν
387 5264 452 5336 παρὰ
467 5265 497 5317 τί)
515 5267 611 5337 χεῖρον,
631 5267 671 5319 καί
691 5265 880 5337 προτιμότερον·
903 5261 931 5315 σθ
946 5261 993 5333 γάρ
1011 5261 1040 5312 ἂν
1063 5258 1098 5313 ἔτι
1152 5258 1283 5329 δόγματος,
1295 5259 1338 5325 τῆς
1348 5256 1389 5309 διὰ
1400 5258 1496 5311 πάντων
1507 5257 1654 5323 ταντότητος
1667 5249 1700 5314 τίς
1711 5251 1740 5306 τό
1750 5251 1776 5305 ἓν
1789 5250 1833 5321 την
1846 5251 1927 5306 πίστιν

322 5347 435 5415 θεότητός
454 5366 490 5408 τις
510 5347 582 5419 σχοίη
609 5347 740 5420 ὑπόληψιν,
769 5341 798 5400 οδ
821 5347 836 5415 ἡ
861 5350 905 5400 τοῦ
926 5344 1037 5417 χείρονος
1056 5343 1100 5396 οὖα
1153 5339 1321 5414 περιαγοίσης.

358 5468 368 5512 t
384 5467 424 5509 Ltb
449 5465 515 5521 llerp,
526 5463 696 5511 obseramus.
708 5463 853 5517 manib-2
866 5464 931 5510 Τοιιι,
947 5461 978 5509 V.
992 5458 1092 5507 nntoct.
1101 5461 1199 5510 Patriam,
1212 5456 1306 5512 capii.
1316 5479 1342 5492 -
1355 5457 1369 5504 8
1390 5459 1440 5510 Cep.
1450 5466 1475 5504 ν’,
