4008 6170
382 331 440 389 160
882 321 1206 384 THEOLOGICORUM
1232 323 1461 384 DOGMATUM.

379 493 482 573 priore
496 491 615 571 synodo
630 489 800 550 monachus
813 492 1033 549 tantumesset.
1042 490 1152 549 Coacta
1200 488 1484 567 condemnatusque
1498 493 1553 549 est.
1571 489 1685 549 Rursus
1697 492 1824 554 adversus
1834 496 1914 575 Ephesi

379 591 425 647 cst
444 590 548 646 antem
568 583 706 662 synodus
726 582 784 641 ista
802 580 837 641 in
857 580 1000 641 Alexiaoo
1017 580 1150 640 triclinio
1200 584 1231 640 et
1251 581 1352 641 Cauni
1374 582 1531 661 episcopos
1550 600 1586 642 ac
1607 583 1765 661 Gregoram
1783 587 1914 650 etlicrlrm

379 677 463 757 quod
477 677 560 756 apud
574 674 758 736 Blachernaa
772 677 848 733 erat.
1200 671 1259 731 alia
1273 673 1411 750 synodus
1425 679 1471 733 est
1484 679 1601 750 coacta,
1627 675 1710 754 qu'us
1728 681 1788 736 acta
1799 678 1872 739 modo
1881 698 1914 740 re-

418 771 464 830 Ex
476 770 570 848 hujus
582 769 685 846 itaque
705 771 792 826 tomo
813 764 961 843 synodico
980 764 1101 843 plenius
1114 783 1150 824 ae
1198 763 1344 841 feremus,
1370 784 1500 844 quaeque
1522 772 1644 827 tomum
1665 766 1758 843 illum,
1778 768 1916 849 inquolsta

378 861 550 923 distinctius
564 879 601 921 ea
615 859 826 940 percipiuntur
833 874 903 936 quar
916 857 956 917 ad
965 857 1150 917 Paiamicam
1199 862 1366 917 narrantur
1379 858 1484 918 edidit.
1501 859 1575 932 Qua
1589 859 1737 939 synodus,
1755 877 1851 939 magna
1861 882 1914 941 pra-

378 952 521 1015 hacresim
543 957 691 1032 spectant.
715 952 758 1011 Aa
779 950 915 1030 primum
936 949 974 1009 de
997 948 1149 1009 Barlaami
1198 948 1317 1025 aulum,
1333 949 1514 1010 clericorum
1536 968 1573 1010 ac
1592 952 1815 1029 monachorum,
1828 973 1916 1015 necnon

377 1046 576 1107 damnatione
583 1063 692 1124 agens,
709 1042 1020 1121 manifesteinpriore
1029 1042 1149 1120 synodo
1198 1039 1392 1120 imperatoris
1413 1042 1615 1103 Cantaauaeni
1639 1062 1674 1102 ac
1700 1044 1817 1105 fratrum
1833 1046 1917 1125 ejuct

377 1138 471 1199 latam
494 1139 528 1198 in
549 1155 622 1198 eum
644 1136 831 1196 sententiam
844 1134 965 1208 asserit,
982 1133 1023 1193 ob
1036 1133 1088 1193 illa
1102 1152 1149 1194 ca-
1199 1133 1374 1213 principum
1387 1132 1560 1214 frequentia
1573 1135 1722 1197 celebrata
1734 1143 1785 1197 est.

377 1231 441 1310 pita
454 1248 525 1310 qua
539 1230 730 1310 Nicephorus
744 1230 895 1305 Gregoras
908 1242 1070 1305 suppressa
1083 1244 1148 1286 esse
1236 1226 1302 1286 Vll.
1320 1226 1500 1306 Huicquam
1510 1228 1706 1306 exposuimus
1714 1229 1855 1305 hactenus,
1867 1248 1915 1290 uar-

376 1322 452 1383 falso
464 1322 609 1402 prodidit.
623 1321 726 1381 Verba
737 1324 809 1380 sunt
820 1319 913 1397 hujus
924 1319 962 1378 de
975 1319 1145 1378 Barlaamo.
1196 1317 1310 1377 rationi
1329 1337 1435 1379 rerum
1455 1320 1489 1378 in
1503 1320 1655 1380 Barlaami
1677 1324 1707 1380 et
1727 1320 1841 1381 Palama
1853 1340 1918 1382 ansa

380 1436 396 1471 ιι
417 1416 473 1475 Hic
494 1433 566 1475 cum
587 1420 667 1475 essm
686 1412 874 1486 monachus,
898 1416 929 1471 et
948 1428 987 1471 cx
1009 1410 1149 1471 Calabria
1196 1415 1369 1486 gestarum,
1394 1415 1468 1470 tunc
1488 1412 1666 1473 Graecorum
1685 1412 1763 1473 inter
1784 1430 1812 1473 se
1830 1413 1918 1473 mulio

342 1548 346 1561 .
377 1507 539 1588 prodiisset
552 1511 644 1586 atque
658 1507 691 1566 in
705 1501 1145 1585 Graecislhocest,gentilibus)
1196 1505 1261 1577 tus,
1291 1509 1322 1562 at
1349 1503 1567 1581 synodicarum
1602 1505 1770 1581 actionum,
1795 1505 1918 1566 aarum

375 1599 484 1660 studiis
499 1599 633 1660 multum
647 1616 749 1677 operae
764 1596 969 1671 contrivisset,
985 1599 1147 1674 totumque
1195 1593 1331 1656 ioannes
1354 1597 1582 1657 Cantacuzcnus
1604 1598 1768 1677 imperator
1787 1596 1918 1657 inhistoria

375 1708 440 1753 sese
453 1692 491 1751 iis
503 1691 682 1765 addixisset,
705 1690 852 1750 adversus
869 1688 1031 1748 veritatem
1051 1693 1082 1748 et
1095 1707 1148 1749 eos
1195 1688 1344 1767 temporis
1363 1688 1459 1763 illius,
1485 1708 1582 1769 qnam
1597 1689 1703 1749 Latine
1717 1689 1787 1750 olim
1804 1707 1860 1750 ase
1870 1689 1917 1749 ral-

375 1784 429 1863 qui
442 1784 523 1844 hauc
537 1783 677 1862 religiose
692 1779 1147 1859 tuebanturrcpugnavit,quos
1195 1778 1292 1840 ditam
1306 1779 1473 1859 publicavit
1490 1782 1623 1842 lacobus
1647 1783 1795 1842 Pontanus
1807 1780 1919 1841 ocimu

373 1880 522 1956 tanquam
537 1875 692 1955 duplicem
705 1874 899 1935 divirritatem
913 1872 1144 1949 constituerent,
1195 1876 1307 1931 nostras
1336 1872 1384 1932 vir
1411 1872 1647 1935 eruditissimus.
1684 1874 1743 1934 Nos
1767 1874 1797 1933 in
1815 1874 1919 1933 Gracuu

373 1969 540 2043 accusavit,
563 1967 647 2047 quod
668 1966 818 2027 ramirum
841 1984 906 2025 non
928 1967 1145 2025 tautummodo
1195 1963 1353 2043 exemplar
1373 1965 1491 2026 calamo
1512 1970 1674 2027 exaratum
1688 1985 1782 2046 nuper
1796 1964 1920 2025 incidimus

372 2060 588 2121 subsistentem
610 2060 643 2120 in
663 2059 764 2120 tribus
784 2064 815 2118 ct
835 2077 855 2118 a
874 2056 961 2117 nullo
982 2057 1144 2137 participa-
1195 2055 1379 2118 Christoduli
1392 2057 1575 2137 inscriptum
1588 2060 1730 2133 nomine,
1745 2056 1920 2138 quodproprio

372 2152 468 2213 bilem
483 2152 537 2213 Dei
552 2152 717 2212 essentiam
730 2151 899 2211 increatam
913 2168 978 2210 esse
992 2149 1143 2225 dicerent;
1194 2164 1373 2227 suppresso,
1387 2148 1919 2230 operisuoCantacnzeuusprallrcrat.

372 2245 534 2305 sedetiam
549 2242 890 2305 aeternamacdeifioam
899 2246 929 2301 et
941 2241 979 2300 iis
993 2243 1046 2321 qui
1061 2243 1145 2320 digni
1195 2242 1269 2314 θυαε
1296 2243 1422 2321 quidem
1456 2243 1583 2304 historia
1618 2242 1831 2323 elegantissime
1859 2257 1919 2301 aona

372 2341 460 2411 sunt,
476 2336 736 2397 communicatam
751 2335 882 2413 Spiritus
895 2334 991 2393 sancti
1000 2335 1142 2412 gratiam.
1194 2334 1305 2413 cripta,
1328 2335 1370 2396 sic
1391 2340 1427 2395 ut
1447 2341 1550 2397 vetare
1576 2338 1692 2398 Graecia
1713 2336 1800 2414 digua
1820 2335 1862 2407 sit,
1879 2332 1920 2391 luu'

372 2425 1142 2507 Adhoecipsadisceptandadivinacollectasyuodo,
1189 2425 1378 2506 jampridem
1399 2446 1435 2489 ac
1455 2429 1578 2509 publico
1599 2428 1744 2503 debetur,
1760 2426 1833 2507 quod
1843 2442 1922 2505 prope

372 2520 529 2581 convictus
543 2538 579 2580 ac
592 2519 780 2599 proscriptus
794 2523 840 2578 est
852 2536 871 2578 a
885 2523 988 2578 saneta
1002 2520 1143 2580 etcatbo-
1194 2518 1277 2580 diem
1289 2520 1356 2581 lore
1370 2539 1435 2581 non
1449 2520 1628 2582 diffidimus.
1653 2522 1689 2582 ln
1709 2522 1765 2581 hac
1781 2516 1922 2579 omniafere

371 2611 430 2672 lica
443 2616 474 2672 et
487 2611 653 2692 apostolica
674 2610 785 2672 Christi
799 2610 946 2685 Ecclesia,
972 2628 1010 2671 ex
1023 2612 1142 2672 theolo-
1193 2630 1263 2689 quae
1290 2612 1330 2673 ad
1357 2614 1535 2674 Graecorum
1560 2614 1713 2674 fervidam
1736 2612 1814 2672 illam
1831 2613 1922 2669 conun-

371 2703 1143 2782 gieissanctorumscriptis,propugnantibusveram
1192 2704 1310 2765 tionem
1332 2705 1479 2779 attinent,
1501 2706 1608 2766 itidem
1633 2711 1669 2766 ut
1690 2724 1728 2766 cx
1747 2711 1824 2765 tomo
1840 2699 1920 2765 retii

371 2797 632 2871 doctrinamtum
652 2795 855 2856 sacratissimo
875 2795 968 2855 hodic
988 2795 1145 2857 lbessalo-
1192 2798 1415 2875 comprehensa
1436 2803 1518 2858 sunt.
1546 2820 1561 2856 (ι
1582 2799 1777 2859 Barlaamum
1795 2795 1831 2855 ait
1847 2793 1923 2854 bloua

372 2888 447 2949 nica
458 2888 699 2992 metropolitano
707 2885 1114 3040 Palaffiffimffihff'
1124 2911 1139 2946 υ
1193 2889 1311 2949 chume
1324 2890 1461 2950 Calabria
1475 2890 1590 2951 Latinis
1602 2890 1753 2964 moribus,
1759 2887 1923 3033 institutisquq

242 3021 246 3031 -
1023 2999 1033 3038 1
1376 2984 1381 2994 '
1463 2983 1469 2995 '
1659 2984 1666 2996 '
1821 2980 1909 3038 'ema

207 3021 337 3139 agqqpqp
370 2981 873 3151 eaffiggmffissyffihemafis
882 2999 1144 3151 sententialiefilrin,
1191 2980 1577 3153 {plrfflgtqllllldqlqnllpplpffi
1595 2982 1924 3153 ίίῖίίίίεθιίεῂιίιιῃιίεωῖυῖεθο

198 3128 346 3243 είλῗίίίίίιῗ-
370 3165 454 3243 quod
472 3186 487 3221 ιι
502 3183 574 3226 cum
588 3170 698 3226 caetera
710 3164 792 3224 illius
806 3164 1059 3242 amplecteretur,
1074 3169 1143 3226 tum
1192 3171 1280 3227 xerat
1293 3166 1490 3246 explicanda,
1505 3166 1649 3227 facultate
1660 3161 1922 3245 summapraedituffl·

210 3240 333 3343 μίζῖἷζζ,
369 3256 443 3330 hoe,
459 3257 665 3336 quodlumen
678 3256 755 3317 illud
768 3256 930 3316 dominica
942 3256 1142 3336 transfigura-
1193 3259 1251 3330 Qui
1264 3259 1297 3318 in
1312 3259 1445 3320 Euclidia
1458 3266 1489 3321 et
1502 3257 1845 3320 AristotelisacPlatouis
1855 3252 1923 3328 scrip

369 3347 463 3408 tionis
477 3348 560 3426 quod
575 3348 704 3409 abeatis
718 3347 874 3426 discipulis
887 3349 1075 3428 etapostolis
1089 3353 1143 3430 qui
1191 3351 1230 3410 tis
1250 3351 1389 3430 apprime
1410 3358 1564 3427 versatus,
1593 3369 1746 3431 magnum
1771 3350 1802 3409 in
1825 3346 1865 3407 bis
1884 3340 1925 3403 sibi

369 3454 442 3500 cum
457 3440 576 3501 Christo
597 3441 689 3501 simul
710 3440 929 3515 ascenderunt,
946 3447 1084 3503 creatum
1093 3445 1141 3503 ni·
1192 3461 1308 3504 nomen
1322 3444 1505 3523 acquisierat
1518 3454 1540 3505 ⁶.
1558 3466 1573 3501 υ
1594 3444 1621 3504 ls
1644 3462 1718 3505 cnm
1740 3441 1821 3502 initio
1832 3437 1924 3498 nmo·

369 3537 488 3593 teretur
510 3533 671 3593 ostendere
695 3537 726 3592 et
739 3532 1018 3612 circumscriptum,
1035 3553 1093 3595 nec
1106 3536 1143 3596 iis
1191 3553 1263 3595 rum
1277 3554 1309 3596 sc
1323 3536 1469 3613 dogmata
1475 3536 1614 3597 refellere
1628 3536 1709 3596 velle
1715 3528 1923 3597 demandasset

370 3638 439 3701 qnae
467 3624 524 3684 sub
552 3642 659 3686 sensus
686 3626 815 3699 cadunt,
844 3625 907 3685 ulla
934 3644 968 3686 re
993 3633 1140 3705 praestan-
1191 3627 1286 3688 libros
1306 3629 1457 3706 quosdam
1482 3628 1628 3688 adversus
1653 3628 1723 3688 illos
1750 3623 1844 3686 edidit.
1868 3620 1924 3679 Suc

368 3715 461 3777 eiust
477 3717 596 3778 »Vides
610 3736 727 3779 novum
740 3723 772 3779 et
785 3717 965 3778 inusitatum
979 3719 1096 3780 cumen
1107 3740 1143 3781 ac
1191 3720 1304 3799 prodiit
1325 3725 1397 3781 ante
1419 3738 1518 3780 annos
1539 3720 1657 3799 aliquot
1679 3715 1824 3780 Barlaami
1834 3709 1925 3774 libellus

368 3806 608 3889 blasphemiam,
644 3816 678 3871 ut
712 3810 827 3870 ibidem
860 3816 986 3888 vocant,
1016 3817 1143 3892 propter
1191 3813 1230 3873 dc
1251 3813 1341 3892 Papae
1364 3812 1538 3892 principatu
1561 3812 1671 3885 nostri,
1697 3817 1733 3871 nt
1746 3804 1923 3890 opinorillius·

368 3918 463 3979 quarn
498 3903 537 3963 ab
571 3904 658 3963 omni
686 3903 925 3964 cluistianorum
951 3921 1084 3964 numero
1112 3910 1142 3965 et
1192 3905 1277 3966 idem
1291 3922 1400 3984 porro,
1418 3906 1518 3984 pergit
1532 3905 1776 3978 Cantacuzcnus,
1791 3890 1925 3962 cumsttd

368 3995 587 4056 communione
609 3996 696 4075 pelli,
722 3996 925 4075 damnarique
945 4003 1139 4057 meruerunt.
1190 3997 1362 4058 solitarium
1375 3997 1542 4075 quemdam
1557 3998 1765 4071 monachum,
1781 3992 1875 4054 rudem
1886 3987 1926 4047 bo

368 4088 546 4149 Secundum
569 4088 635 4148 bac
658 4089 755 4149 altera
776 4089 914 4168 synodus
928 4095 1036 4150 contra
1049 4090 1142 4150 loan-
1190 4089 1308 4150 minem
1329 4094 1360 4150 et
1377 4089 1521 4149 hebetem
1535 4088 1749 4169 applicuisset,
1764 4092 1927 4165 unquano

367 4197 441 4240 nem
461 4180 668 4258 patriarcham
689 4181 795 4242 habita
817 4186 862 4241 est
876 4182 1015 4261 ejusdem
1028 4201 1142 4263 propu-
1190 4182 1337 4261 magistro
1360 4181 1405 4241 uti
1426 4180 1532 4257 vellet,
1557 4181 1717 4261 aliquanto
1740 4184 1805 4260 post
1820 4182 1927 4251 teutpert

366 4275 529 4349 gnatorum
558 4274 733 4349 sententiaa,
763 4272 805 4333 ob
830 4292 925 4353 quam
946 4275 1018 4335 sede
1039 4279 1141 4335 motus
1190 4293 1303 4335 arcana
1329 4274 1432 4336 nescio
1460 4291 1530 4353 quaa
1550 4273 1590 4333 ab
1613 4292 1650 4334 eo
1674 4273 1831 4355 perdoctus
1847 4269 1885 4328 est
1900 4259 1928 4320 dt

402 4510 423 4551 a
441 4495 481 4551 Ex
494 4500 578 4550 tomo.
598 4487 675 4557 ίλίτος
692 4495 721 4563 δὴ
745 4495 852 4568 μοναχθς
873 4497 925 4562 ὢν,
944 4498 984 4549 καί
999 4502 1042 4565 τῆς
1056 4498 1138 4551 Καλα·
1187 4497 1227 4550 καί
1243 4500 1292 4550 τῶν
1307 4500 1432 4568 μοναχῶν.

365 4577 434 4648 ὁρίας
454 4577 612 4649 ὁρμώμενος,
634 4578 674 4631 καί
693 4583 724 4649 τῇ
745 4582 794 4632 τῶν
816 4577 926 4647 ἑλλήνων
944 4580 1042 4650 παιδείᾳ
1062 4581 1137 4642 πολίνς
1223 4579 1240 4635 b
1264 4578 1305 4635 lb.
1324 4579 1430 4632 Πολλῶν
1444 4596 1471 4632 τε
1484 4577 1568 4631 ἄλλων
1583 4577 1675 4643 ἕνεκεν,
1690 4579 1731 4632 καί
1746 4580 1783 4632 ὅτι
1804 4569 1929 4643 danda

270 4708 274 4718 ,
365 4661 485 4732 γεγονὼς,
500 4661 539 4713 καὶ
560 4662 619 4714 θλον
640 4659 730 4729 ἐκείνης
752 4660 836 4715 ἑαυτὸν
852 4660 997 4734 ἐξαρτήσας,
1017 4664 1079 4717 κατὰ
1093 4668 1136 4732 τῆς
1186 4665 1229 4716 τοῦ
1243 4662 1332 4733 Κυρίου
1355 4662 1583 4733 μεταμορφώσεως,
1606 4661 1636 4714 τὸ
1656 4663 1711 4724 τοῖς
1725 4658 1869 4714 συνανσὸᾶσιῖ
1880 4646 1929 4717 fill

365 4742 478 4812 ἀληθείας
491 4746 585 4817 χωρεῖ,
603 4744 643 4797 καί
657 4749 706 4798 τῶν
718 4742 789 4817 ίερῶς
803 4745 972 4818 ἀντεχομένων
992 4746 1075 4814 αὐτῆς·
1095 4748 1136 4799 καί
1186 4746 1311 4818 μακαρίοις
1327 4746 1455 4818 μαθηταῖς,
1472 4745 1512 4798 καί
1535 4744 1682 4806 ἀποστόλοις
1698 4742 1779 4814 sputo,
1793 4738 1878 4795 κτιστλῖ
1889 4732 1928 4785 3²³·

363 4825 453 4881 θιθείαν
465 4827 558 4882 τούτων
572 4828 783 4899 κατηγορησας,οθ
799 4848 873 4901 μονον
887 4829 931 4897 τὴν
945 4832 1135 4901 τρισυπόστατον
1184 4828 1262 4900 χείρει
1275 4827 1392 4881 δεικνύναι
1402 4828 1443 4880 καὶ
1458 4827 1632 4900 περιγραπτθν,
1646 4826 1688 4880 καλ
1711 4831 1761 4879 τῶν
1775 4822 1880 4890 atauus
1891 4814 1929 4885 qd·

362 4913 402 4965 καλ
418 4914 491 4965 πᾶσιν
505 4910 635 4982 ἀμέθειιτον
653 4909 737 4964 οὗσίαν
758 4916 802 4966 rod
816 4906 869 4965 θεοῦ
888 4912 1001 4967 ἄκαστον
1016 4907 1078 4966 εἶναι
1092 4914 1134 4966 λε·
1184 4929 1233 4965 των
1248 4911 1323 4965 πλέον
1339 4908 1396 4982 ἔχον
1407 4909 1487 4964 οὐδέν.

363 4997 467 5066 γόντων
484 4993 549 5047 ἀλλὰ
568 4993 671 5061 καλιὴν
692 4992 785 5061 ἀίδιον,
807 4995 848 5048 καὶ
866 4995 993 5061 θεοποιίαν,
1014 4996 1054 5048 καί
1083 4997 1135 5058 τοῖς
1220 4996 1370 5051 cCanrac.
1394 4991 1441 5048 lib.
1467 4993 1501 5048 ll.
1528 5009 1553 5049 c.
1585 5008 1677 5049 πιεῖν.
1705 4990 1818 5063 Μοναχθς
1842 4984 1883 5057 γᾶρ
1902 4997 1930 5038 ot

362 5076 438 5139 ἀξίοις
452 5078 615 5150 μετεχομένην
634 5078 707 5149 χάριν
728 5081 770 5130 τοῦ
792 5078 935 5151 πνεύματος·
951 5079 1053 5132 συνόδου
1071 5078 1135 5140 θείας
1183 5076 1324 5150 ὁρμώμενος
1339 5075 1366 5130 ἐκ
1379 5076 1529 5147 Καλαθρίας,
1545 5078 1598 5137 τοῖς
1612 5076 1723 5130 Λατίνων
1743 5070 1855 5137 literani
1866 5068 1931 5135 νίμνθ

362 5156 401 5212 ἐπὶ
415 5160 508 5222 τούτοις
521 5159 738 5232 συγκροτηθείσης,
759 5157 903 5233 ἐξηλέγχθη,
925 5162 965 5214 καί
980 5161 1133 5234 ἄαεκηριίχθη
1183 5159 1306 5233 ἐκτραφείς
1321 5160 1399 5232 ὄνομα
1413 5159 1542 5231 Βαρλαὰμ,
1558 5159 1639 5221 ἄλλως
1653 5157 1682 5212 δὲ
1696 5163 1782 5226 νοῆσαι
1796 5143 1931 5217 ίένῖνῑίίῖί
1964 5204 1965 5239 γ

361 5240 475 5313 copta-tls
489 5242 1133 5314 τοῦλριστοΰὰγίας,καὶκαθολικῆς,καλάποστολικῇς
1181 5243 1297 5313 νοηθίντα
1309 5240 1469 5315 ἐξηγήσασθαι
1481 5240 1639 5308 ἱκανώτατος,
1653 5242 1696 5296 καὶ
1711 5241 1743 5296 τὰ
1755 5237 1890 5298 Εὗαλείδννν
1901 5226 1931 5281 ’ίί
1964 5244 1965 5307 l

360 5320 506 5393 ἐκκλησίας,
525 5324 566 5377 ut
585 5330 635 5379 τῶν
655 5328 708 5388 τοῖς
729 5325 808 5398 ἁγίοις
826 5330 886 5381 πᾶσι
908 5326 1054 5400 θεολογικῶς
1074 5345 1132 5397 συγ·
1186 5324 1379 5399 Ἀριστοτίλους,
1394 5326 1435 5379 καί
1450 5325 1582 5386 Πλάτωνος
1597 5321 1813 5397 &aedificasset
1826 5315 1930 5381 Milli*
1964 5310 1965 5403 ί

360 5408 510 5480 γραρίντων·
527 5411 569 5462 τοῦ
583 5411 626 5475 τῆς
639 5406 752 5473 ἀληθείας
763 5409 840 5481 λόγου
853 5410 1039 5481 προϊσταμένων
1050 5413 1092 5464 τοῦ
1106 5428 1133 5463 τε
1181 5410 1235 5480 περὶ
1257 5412 1332 5464 ταῦτα
1357 5410 1410 5476 ὢν,
1439 5406 1478 5463 eo
1506 5412 1573 5480 κακῷ
1600 5411 1631 5479 τῇ
1662 5403 1793 5479 Ῥωμαίων
1819 5398 1931 5469 inliti&
1964 5446 1965 5507 γ

358 5496 399 5545 νῦν
414 5489 546 5564 ίερωτάτου
560 5489 742 5562 μητροπολίτου
762 5492 942 5561 θεσσαλονίκης
956 5496 999 5548 τοῦ
1013 5493 1131 5564 Παλαμαῖ,
1184 5493 1303 5563 βασιλεία.

1964 5678 1965 5721 l

1964 5740 1965 5775 ι

1964 5780 1965 5809 ί
