4008 6170
394 474 542 557 DE'DEO
563 493 707 568 DElQUE
726 495 1070 573 PROPRIETATlBUS,
1094 497 1166 559 LlB.
1190 499 1215 572 l,
1237 497 1320 560 CAP.
1344 500 1369 559 1.
1645 498 1683 557 69

87 664 153 706 rum
176 647 279 708 rideat
311 648 480 709 exercitum
512 646 634 720 decore,
665 644 857 724 pulchroque
911 648 1050 710 convicta
1070 649 1294 711 conticesceret.
1321 649 1497 711 Secamdum
1517 666 1556 708 ex
1575 647 1685 712 mundi

87 741 266 802 utmordine
279 743 314 802 in
325 758 471 822 campum
482 738 656 820 procedere,
670 738 788 816 equites
798 738 859 818 pri-
910 742 1005 821 ipsius
1016 742 1123 803 ordine
1135 743 1392 825 dispositioneque
1399 743 1534 822 partium
1545 748 1576 802 et
1590 741 1686 802 admi-

88 852 167 895 mum
180 854 253 896 cum
264 837 353 916 equis
363 841 394 896 et
405 833 555 909 cruribus,
570 837 640 893 tum
651 831 768 911 pedites
777 849 857 911 pone
911 838 1088 897 ιιιιιιιιοιιι
1103 838 1227 918 petitur,
1241 838 1279 898 de
1294 858 1356 918 quo
1367 839 1434 917 jam
1451 837 1525 897 dixi.
1546 837 1684 897 Tertium

87 935 246 1006 reaptantes,
266 948 393 1010 prorsus
410 928 461 989 isti
472 928 574 988 veniet
587 926 621 986 iu
632 929 771 985 mentem
793 942 857 984 esse
911 936 1003 1008 caput
1025 929 1157 991 ahstuda
1176 937 1207 991 et
1233 931 1431 992 incommoda
1458 930 1595 991 continet
1615 947 1685 1008 quae

87 1021 212 1099 aliqtrem
224 1023 281 1101 qui
294 1022 381 1083 hunc
394 1022 535 1082 ordinem
550 1021 731 1080 instructae
745 1016 858 1078 milites
910 1028 979 1084 tum
996 1029 1173 1103 sequanttu,
1193 1025 1217 1084 si
1236 1024 1356 1086 sublata
1376 1025 1414 1085 sit
1436 1025 1587 1085 divmitas.
1611 1024 1684 1097 Quen

87 1113 137 1174 s'hi
149 1114 302 1193 saer'ectos
317 1135 391 1177 eum
409 1132 530 1176 servare
545 1113 663 1192 jubeat,
685 1111 857 1189 cuiusmodi
910 1115 1031 1195 nagida
1043 1116 1134 1176 latius
1147 1116 1202 1178 ubi
1213 1116 1684 1197 disputavit,Pyrrhouiodeindc

88 1209 186 1270 Nestor
196 1216 242 1271 est
256 1217 313 1272 aut
324 1211 403 1271 alius
417 1210 569 1289 quispiam
582 1207 724 1282 heroum,
740 1206 857 1285 quino
910 1226 997 1268 more
1020 1209 1173 1270 contraria
1185 1209 1233 1270 his
1247 1215 1430 1290 argumenta
1449 1210 1605 1290 proponit,
1618 1210 1684 1288 qui-

88 1309 163 1363 verat
182 1305 327 1365 ordinare
360 1321 456 1383 equos
476 1308 507 1363 et
525 1302 667 1362 homines
688 1300 853 1379 clypeatos.
909 1300 968 1361 hus
982 1302 1061 1361 Deos
1080 1320 1142 1362 esse
1154 1302 1258 1363 nullos
1278 1303 1421 1378 affirmat,
1444 1322 1514 1382 quae
1539 1302 1683 1363 adversus

87 1397 177 1475 Atque
191 1403 226 1457 ut
249 1399 297 1457 rei
316 1397 449 1457 nauticae
463 1396 580 1476 peritus
591 1394 785 1472 simulatque
804 1412 857 1454 na-
909 1393 990 1454 solos
999 1393 1128 1471 gentiles
1145 1394 1271 1472 faciamt,
1295 1396 1390 1474 quiet
1401 1395 1505 1476 plures
1517 1393 1587 1455 illos
1607 1393 1684 1454 arbi-

87 1507 149 1549 sem
158 1490 293 1551 secundo
311 1495 406 1550 vento
426 1489 591 1570 impulsam
612 1506 647 1549 ac
665 1487 741 1547 velis
758 1488 857 1548 omni·
909 1488 1031 1548 trantur'
1042 1494 1073 1549 et
1088 1488 1249 1566 ejusmodi,
1265 1490 1371 1569 quales
1383 1491 1508 1570 apoetis
1518 1489 1684 1550 informan-

88 1583 139 1643 ιιι
151 1585 331 1645 instructam
345 1584 467 1661 viderit,
485 1583 622 1662 agnoscit
638 1600 701 1643 esse
720 1582 855 1662 aliquem
910 1587 970 1656 tur,
988 1583 1127 1662 corporei
1140 1602 1175 1643 ae
1186 1582 1282 1644 nostri
1292 1584 1415 1644 similes.

87 1677 134 1756 qui
145 1676 228 1737 illam
242 1684 334 1756 regat
345 1683 376 1738 et
394 1677 434 1738 ad
455 1696 527 1739 eum
546 1683 672 1757 portum
686 1694 780 1757 quem
798 1676 855 1737 sibi
949 1674 1000 1734 Xl.
1013 1675 1083 1735 lam
1101 1676 1192 1759 quod
1202 1675 1254 1735 ille
1274 1677 1375 1755 primo
1389 1676 1457 1736 loco
1474 1676 1586 1756 posuit,
1602 1693 1684 1736 com-

86 1772 268 1850 proposuerit
281 1772 448 1851 perducat;
461 1772 503 1831 sic
514 1772 568 1850 qui
581 1771 673 1850 primi
684 1771 799 1831 caelum
809 1770 856 1831 iu-
908 1787 1038 1829 munem
1048 1769 1175 1830 huncet
1193 1770 1336 1830 innatum
1360 1789 1422 1830 esse
1446 1788 1568 1830 sensum
1585 1770 1684 1830 homi-

87 1864 148 1923 tuiti
160 1869 240 1937 sunt,
254 1882 291 1924 ac
304 1863 403 1924 solam
417 1864 616 1944 contemplati
637 1869 710 1924 sunt
725 1864 764 1925 ab
783 1870 855 1925 ortu
909 1862 1009 1938 nibus,
1023 1864 1070 1923 uti
1093 1864 1233 1924 divinum
1250 1865 1406 1943 quoddam
1426 1883 1489 1924 esse
1510 1882 1628 1924 numen
1638 1866 1682 1924 iu-

86 1958 261 2018 iuoecasum
276 1976 376 2037 usque
393 1975 518 2017 cursum
531 1976 623 2019 serum
643 1957 728 2018 velut
746 1958 780 2018 in
797 1963 856 2017 sta-
907 1956 1058 2036 telligant,
1084 1958 1196 2037 passim
1215 1958 1247 2017 id
1270 1977 1305 2019 ao
1325 1957 1419 2036 vulgo
1444 1958 1586 2036 usurpari
1605 1958 1681 2018 solet

86 2050 365 2127 dioeouficientem‚
382 2051 541 2112 stellarum
559 2069 633 2112 vero
645 2051 855 2130 quosdamve
910 2055 975 2110 tam
997 2049 1037 2110 ab
1063 2051 1193 2123 nostris,
1214 2068 1309 2129 quam
1335 2050 1373 2110 ab
1399 2050 1564 2129 gentilibus
1584 2050 1682 2129 philo

86 2142 126 2203 lut
138 2144 240 2205 ordine
259 2144 464 2225 procedentes
477 2143 613 2219 choreas,
638 2144 853 2223 pulcherrimae
907 2141 1021 2221 sophis,
1050 2148 1081 2202 et
1105 2142 1186 2202 inter
1208 2141 1283 2202 alios
1302 2141 1430 2221 pulchre
1449 2141 1526 2202 illud
1547 2142 1682 2204 edisserit

86 2236 166 2315 hujus
173 2239 378 2299 ordinationis
390 2238 540 2299 artificem
557 2239 853 2317 munder-antrum
907 2235 1059 2296 Maximus
1086 2234 1197 2312 Tyrius
1225 2233 1399 2295 Platonicus
1425 2235 1625 2316 philosophus
1648 2236 1682 2298 in

86 2333 284 2393 cammiuime
301 2332 429 2392 iortruto
447 2331 567 2392 evenire
586 2331 783 2409 conjicerent,
800 2333 853 2393 sed
906 2327 1007 2406 prima
1024 2327 1243 2403 ιιιιιιιιιιιοιιι,
1270 2328 1324 2388 ubi
1342 2328 1486 2389 mortales
1509 2346 1616 2389 omnes
1639 2330 1682 2390 ait

85 2427 313 2503 aprastantiore
327 2425 463 2504 quadam
477 2425 714 2505 incorruptoque
727 2431 849 2502 natiue,

85 2518 280 2596 qoaeqoidem
301 2520 384 2578 Deus
396 2524 505 2577 est⁶.n
525 2519 597 2578 Hac
608 2519 717 2578 Sextus
724 2519 853 2598 Empiri-

85 2626 140 2681 rus,
153 2628 213 2689 quo
226 2611 264 2671 in
280 2610 362 2671 libro
380 2609 494 2690 triplici
507 2610 676 2690 prasertim
690 2628 853 2689 aigliman-

84 2706 176 2762 torum
193 2721 310 2781 genere
338 2702 464 2783 probari
481 2701 554 2763 dicit
575 2721 638 2763 esse
658 2720 777 2764 numen
799 2703 852 2764 ali-

84 2794 157 2871 quod
176 2795 331 2855 ιιιιιιιιιιιιι.
358 2796 498 2855 Primum
515 2813 553 2855 ax
574 2795 733 2855 communi
752 2795 852 2856 homi-

84 2904 152 2948 num
165 2889 364 2967 persuasione
383 2887 517 2964 deducit,
539 2890 688 2967 quoniam
707 2908 850 2969 peraeque

84 2996 196 3040 unnim
209 2981 380 3041 divmitatis
393 2979 512 3041 hahent
522 2980 610 3059 politi
621 2999 729 3042 omnes
741 2987 772 3042 et
782 2983 850 3044 bar-

84 3070 153 3147 bari,
166 3074 287 3135 tametsi
305 3092 370 3134 non
384 3074 526 3134 eamdem
538 3074 576 3134 de
592 3093 629 3135 eo
649 3076 698 3135 cui
710 3076 781 3136 insit
795 3076 850 3138 illa

83 3165 281 3243 conjecturam
291 3168 417 3228 metant.
433 3190 448 3225 ιι
459 3168 579 3229 Animae
590 3169 674 3229 euim
688 3188 708 3229 a
720 3169 850 3250 primor-

83 3258 128 3319 dio
148 3262 333 3322 couscientia
350 3261 407 3322 Dei
426 3261 482 3321 dos
511 3267 571 3337 est,
600 3267 636 3322 ut
659 3262 702 3323 ait
731 3263 850 3325 Tertul-

82 3348 182 3428 lianus,
197 3354 308 3415 eadem
321 3372 379 3415 uec
389 3354 493 3416 aliast
505 3356 540 3416 in
553 3356 705 3435 AEgyptiis
715 3358 786 3419 etin
796 3361 850 3439 Sy-

82 3443 118 3503 ris
131 3451 161 3505 et
174 3446 207 3506 in
226 3446 372 3507 Ponticis.
390 3467 407 3504 n
434 3448 528 3526 Cujus
548 3449 674 3527 qiudem
696 3451 850 3530 opinionis

83 3543 189 3599 ustmae
211 3539 380 3600 homiuum
403 3540 501 3600 insitae
517 3546 586 3601 tum
611 3546 753 3617 vetustas,
780 3550 849 3605 tum

82 3633 258 3709 perpetuitas
271 3637 303 3691 et
315 3633 487 3694 constantia
497 3633 633 3693 veritatis
654 3633 749 3694 fidem
762 3635 846 3696 facit.

83 3722 177 3801 saque
193 3727 279 3786 euim
294 3726 370 3787 falsa
385 3727 528 3806 quaedam
547 3728 678 3807 suspicio
699 3733 764 3789 tam
784 3749 848 3791 esse

82 3819 244 3879 eommunis
260 3820 403 3879 omnium
421 3820 532 3899 potuit,
554 3820 642 3882 nullo
655 3822 688 3881 iu
707 3839 776 3882 eam
794 3823 848 3885 fta

82 3906 146 3968 dere
157 3929 192 3971 ac
208 3918 310 3991 pacto,
324 3911 377 3972 sed
395 3913 461 3973 solo
481 3918 600 3975 naturae
616 3914 764 3975 instinctu
776 3935 847 3978 con-

81 4000 264 4081 spirantium,
278 4022 380 4083 neque
394 4023 489 4084 porro
506 4006 615 4066 tandiu
632 4009 796 4087 propagari
810 4028 847 4071 ac

82 4110 137 4153 sese
158 4097 238 4157 tueri
268 4101 398 4175 poterat,
426 4098 504 4176 quin
526 4099 653 4159 landun
680 4100 846 4179 aliquando

81 4255 256 4325 περιπολοῦντα,
270 4256 364 4329 νικτωρ
377 4257 414 4330 δὲ,
427 4258 471 4327 τήν
482 4256 595 4312 είτοατον
611 4263 660 4312 τῶν
674 4259 757 4313 ἄλλων
771 4261 845 4317 ἀστέ-

82 4356 123 4407 ρων
132 4339 232 4408 ιινησιν,
242 4337 356 4412 ἐνόμισαν
370 4336 433 4395 εἶναι
441 4361 495 4396 τινα
500 4342 562 4396 Θεὸν
576 4343 617 4395 τόν
629 4348 672 4412 τῆς
685 4345 796 4413 τοιαιτης
805 4366 844 4399 κι-

81 4423 172 4489 νήσεως,
186 4424 227 4477 καὶ
241 4422 351 4487 εὗταξίας
365 4424 455 4481 αίτιον.

111 4522 127 4561 ιι
144 4508 185 4565 ld.
201 4506 296 4581 fflep
306 4508 353 4583 γάρ
365 4509 389 4563 εἴ
401 4530 438 4572 τις
451 4507 490 4563 ἐπὶ
508 4514 551 4578 τῆς
567 4515 672 4582 τρωικῆς
685 4513 844 4586 καθεζόμενος

79 4584 149 4659 Ἴδης,
170 4591 233 4664 ἑώρα
247 4592 291 4659 τήν
310 4598 362 4646 τῶν
386 4591 512 4663 Ἐλλήνων
526 4594 652 4666 στρατείαν
667 4595 728 4667 μιτά
750 4599 844 4653 πολλοῦ

79 4672 173 4743 stapes,
206 4676 245 4728 και
266 4674 357 4739 τάξεως
377 4679 430 4739 τοῖς
458 4678 550 4739 πεδίοις
570 4683 730 4751 προσιοῦσαν·
753 4679 844 4751 ίππῇας

80 4751 118 4823 μιν
130 4763 225 4829 πρῶτον
238 4760 281 4813 οιιν
293 4758 417 4832 immota,
434 4762 473 4814 καὶ
487 4762 598 4835 ὄχεσφιν,
618 4765 704 4828 πεζοὺς
720 4768 742 4819 δ’
762 4766 844 4831 ίξόπι-

79 4836 125 4888 lut·
134 4841 229 4905 πάντως
242 4846 270 4897 ἀν
284 4844 300 4897 ό
313 4849 423 4907 τοιοῦτος
431 4844 464 4908 τίς
478 4844 633 4916 ίννοιανήλθε
644 4853 687 4903 τοῦ
696 4852 735 4905 ότι
749 4851 801 4907 ἔστι
807 4874 844 4917 τις

79 4919 242 4998 litum,
256 4929 297 4982 καὶ
315 4928 360 4997 τήν
377 4929 488 4999 τοιαύτην
505 4931 571 4995 τάξιν
590 4931 774 5009 ὶγιιελειόμενος
791 4943 844 5002 τοῖς

78 5001 114 5055 'st'
132 5007 204 5063 altor
216 5011 419 5085 ἓραοσμαιμινοις
441 5017 617 5087 στρατιώταις·
633 5012 688 5073 olor
704 5022 842 5095 Νέστωρ,ή

80 5086 148 5153 ωας
160 5112 198 5155 τις
212 5097 372 5168 τῶνήράιων,
387 5098 414 5160 ὃς
428 5099 481 5171 ήδει
500 5104 622 5173 κοσμῆσαι
641 5103 730 5168 ἵππους
745 5125 782 5177 τε,
803 5107 843 5160 και

80 5166 156 5243 ἂιίρτς
166 5174 326 5242 &ammae
345 5180 386 5234 καὶ
399 5182 427 5234 ὃν
438 5183 528 5255 τρόπον
540 5183 555 5236 ό
575 5183 688 5259 ἔμπειρος
701 5190 771 5259 νεὼς,
792 5191 844 5264 ἅμα

79 5258 112 5325 ἡ
120 5258 242 5315 &demades
253 5262 379 5335 πόρόωόιν
389 5271 446 5319 νοῶν
462 5266 539 5340 οὖρίιρ
551 5269 700 5343 διωκομένην
715 5273 841 5347 πνεύματι,

79 5338 114 5387 ιιι
134 5342 193 5394 πᾶσι
212 5348 264 5407 τοῖς
283 5345 361 5409 ἱστοῖς
378 5349 588 5423 εὖτρεπιζομίνην,
611 5355 718 5423 οινίησιν
733 5358 772 5411 ὅτι
792 5356 843 5412 ἔστι

80 5421 284 5482 nomenatus
294 5430 393 5502 ταιτην,
405 5433 445 5486 καὶ
460 5432 494 5497 είς
506 5437 563 5498 τοις
580 5438 748 5509 προκειμένους
771 5440 843 5514 λιμέ-

106 5576 115 5618 t
130 5575 178 5624 Lib.
191 5580 206 5625 Ι,
220 5588 294 5625 eontra
312 5585 409 5635 ituree.
426 5599 451 5634 x.

906 2425 975 2480 tum
992 2421 1104 2499 politos
1123 2427 1192 2481 tum
1210 2421 1367 2497 barbaros,
1394 2423 1449 2482 etsi
1471 2423 1503 2482 in
1527 2422 1680 2503 plerisque

905 2513 1068 2575 dissideant
1089 2534 1158 2594 quae
1187 2515 1227 2575 ad
1249 2534 1351 2576 mores
1370 2522 1401 2576 et
1428 2517 1568 2577 instituta
1590 2518 1681 2596 pcrti-

905 2612 989 2681 nent,
1006 2614 1097 2686 atque
1112 2609 1204 2670 etiam
1217 2610 1251 2670 ιι
1265 2609 1395 2672 deorum
1408 2610 1514 2672 formis
1528 2616 1559 2671 et
1576 2610 1680 2691 appel-

904 2699 1079 2777 lationibus,
1102 2721 1273 2784 eorumque
1298 2704 1394 2780 cultu,
1423 2711 1527 2769 tamen
1545 2727 1561 2763 ιι
1583 2724 1680 2766 ιιιιι

904 2811 956 2854 eos
977 2794 1091 2856 habere
1112 2814 1168 2876 per
1192 2798 1369 2859 universum
1395 2804 1548 2858 terrarum
1571 2798 1679 2860 orbem

903 2905 1051 2949 consensu
1067 2889 1208 2950 omnium
1220 2891 1416 2952 constitutam
1430 2890 1530 2968 legem
1544 2909 1579 2949 ao
1590 2892 1680 2951 ratio

903 3000 985 3055 uem,
999 3000 1098 3043 unum
1112 3001 1174 3043 esse
1193 2984 1293 3044 Deum
1306 3002 1412 3062 regem
1427 2984 1567 3045 omnium
1582 3002 1617 3043 ae
1628 3003 1681 3064 pa-

902 3063 1051 3135 rentem⁶.
1067 3096 1083 3131 n
1099 3075 1192 3153 Cujus
1205 3083 1308 3138 autem
1322 3096 1378 3157 per
1389 3077 1566 3136 universum
1582 3096 1679 3155 genus

903 3166 1077 3241 hominum,
1096 3185 1212 3247 perque
1231 3187 1337 3230 omncs
1348 3168 1478 3250 populos
1487 3170 1622 3231 naturali
1635 3170 1680 3231 in-

903 3261 1015 3321 stinctu
1030 3268 1153 3341 recepta
1170 3267 1201 3322 et
1216 3262 1341 3342 vulgata
1351 3263 1495 3344 professio
1513 3268 1568 3339 est,
1581 3263 1614 3323 id
1629 3283 1679 3326 ve

902 3353 1057 3414 rissimum
1071 3372 1134 3414 esse
1151 3356 1399 3416 serenissimum
1417 3374 1456 3416 ex
1465 3355 1598 3416 Hesiodo
1609 3375 1679 3417 con·

903 3444 1006 3506 firmat
1019 3446 1176 3506 AEsclrines
1189 3466 1196 3506 ι

944 3630 1047 3707 Fama,
1067 3632 1169 3713 iuquit
1183 3634 1341 3707 Hesiodus,
1364 3653 1525 3714 nunquam
1541 3638 1678 3700 funditus

1343 3727 1442 3806 [perit‚
1455 3747 1551 3807 quam
1569 3731 1677 3811 populi

942 3815 1031 3877 Multi
1045 3819 1276 3882 celebraverint.
1293 3821 1356 3882 Dea
1374 3821 1500 3900 quidem
1521 3825 1614 3885 etiam
1632 3832 1677 3887 est

1572 3917 1675 3996 {ipset

940 4101 1089 4162 Etenim«
1107 4103 1189 4182 quod
1203 4107 1313 4163 natura
1322 4100 1533 4164 universaliter
1549 4110 1579 4164 et
1589 4112 1676 4167 natir-

899 4279 941 4322 νας
948 4269 1071 4318 καταντῶν
1081 4283 1087 4298 ·
1099 4262 1175 4324 οίίτως
1187 4261 1211 4315 ol
1224 4268 1322 4335 πρῶτον
1330 4259 1364 4323 εἰς
1373 4260 1474 4334 οὐρανὸν
1488 4262 1672 4337 acolitum,

898 4345 938 4397 καὶ
953 4346 1095 4419 θεασάμενοι
1112 4347 1183 4415 ήλιον
1204 4345 1247 4419 μὲν
1267 4345 1322 4407 τοὶις
1340 4344 1389 4399 ἀπὸ
1407 4344 1526 4416 ἀνατολῆς
1545 4349 1616 4423 μέχρι
1632 4352 1675 4403 δό-

899 4446 960 4491 σεως
982 4432 1088 4504 δρόμους
1108 4430 1272 4500 οταδιεινοντα,
1292 4429 1400 4501 ἀστέρων
1420 4428 1446 4482 δὲ
1461 4429 1588 4495 εὐτάκτους
1610 4434 1675 4497 τινὰς

898 4513 1007 4585 χορείας,
1021 4512 1150 4582 ἐπεζήτουν
1163 4513 1205 4568 τὸν
1221 4514 1368 4586 δημιουργὸν
1385 4518 1428 4581 τῆς
1442 4517 1601 4587 περικαλλοῦς
1615 4518 1675 4572 ται-

899 4615 942 4664 ιης
951 4599 1142 4670 διακοσμήσεως,
1158 4598 1202 4652 oda
1216 4596 1242 4650 la
1254 4600 1406 4670 ταυτομάτου
1420 4602 1598 4672 στοχαζόμενοι
1611 4623 1675 4676 οιμ·

899 4678 988 4733 όαίνειν
1002 4681 1086 4750 αὐτήν,
1101 4682 1166 4736 ἀλλὰ
1182 4682 1230 4736 ὑπό
1245 4702 1310 4745 τινος
1329 4682 1476 4755 κρείττονος,
1490 4686 1531 4737 καὶ
1553 4685 1673 4760 ἀφθάρτου

898 4762 1005 4835 φύσεως·
1016 4766 1031 4833 ή
1041 4786 1077 4829 τις
1090 4763 1119 4836 ήν
1134 4767 1204 4830 Θεός.

936 4847 1069 4905 olianta.
1090 4851 1158 4906 Tru.
1186 4850 1227 4905 Ἐν
1241 4852 1352 4924 τοσούτῳ
1369 4851 1397 4921 δή
1424 4853 1536 4926 πολέμῳ,
1556 4856 1596 4907 και
1617 4858 1674 4909 στά-

899 4950 945 5001 σει,
970 4933 1010 4985 καὶ
1036 4935 1153 5006 διαφωνιᾳ
1170 4936 1213 4989 ἕνα
1231 4936 1293 5000 ίδοις
1314 4938 1342 4990 ἀν
1367 4935 1392 4990 ἔν
1413 4938 1476 5010 πάσῃ
1495 4942 1528 5010 γῇ
1545 4937 1674 5009 ὁμόφωνον

898 5016 974 5088 νόμον
999 5018 1039 5069 καὶ
1053 5017 1138 5090 λόγον,
1165 5021 1202 5074 ὅτι
1223 5021 1283 5084 Oete
1307 5014 1343 5083 είς
1367 5022 1463 5075 πάντων
1485 5022 1606 5095 βασιλεὺς,
1632 5024 1672 5077 καὶ

898 5102 988 5173 πατήρ.

934 5184 1079 5245 cAEscaru.
1093 5193 1186 5244 contro
1200 5193 1305 5247 Timor.
1328 5206 1362 5246 cx
1379 5190 1512 5247 Hesiodo.

968 5301 1044 5373 Φήμη
1059 5305 1081 5355 δ’
1093 5303 1158 5366 οὔτις
1169 5305 1269 5378 πάμπαν
1278 5306 1424 5377 ἀπόλλυται,
1436 5308 1466 5375 ήν
1480 5327 1533 5362 τινα
1544 5309 1601 5369 λαοὶ

968 5384 1064 5439 Πολλοὶ
1075 5387 1199 5460 φημίξωσι
1211 5409 1218 5423 ·
1231 5391 1284 5454 θεός
1298 5412 1325 5444 νο
1339 5410 1377 5445 τοι
1392 5391 1442 5448 ἐστὶ
1457 5392 1496 5445 καὶ
1511 5392 1582 5462 αὖτή.
