3956 6168
374 365 424 426 DE
444 365 518 426 bno
539 366 682 442 DEIQUE
702 367 1049 447 PROPRIETATIBUS,
1071 369 1144 431 ΗΒ.
1166 368 1209 444 V,
1231 368 1315 430 GAP.
1338 368 1362 428 1.
1604 367 1663 427 405
1754 426 1759 435 .

12 559 56 604 ,a
89 529 235 591 ananelo
251 531 512 612 constitutaque
525 532 651 594 inillius
663 533 845 596 definitione
894 533 1077 612 deliberent,
1108 534 1265 614 quomodo
1297 533 1416 594 oriatur
1442 530 1488 592 sol
1522 537 1662 593 autnon

12 624 68 710 ζῇ
88 622 188 702 posuit.
202 622 281 683 Nam
294 630 436 703 προαιρεσιν
450 624 560 686 definit
576 646 592 684 n
606 644 716 687 eorum
727 644 796 706 quoe
810 627 844 688 in
894 624 1010 685 oriatur
1020 634 1042 685 ⁰.
1057 646 1073 683 υ
1089 624 1126 684 Et
1138 624 1231 703 pardo
1245 627 1324 702 post,
1337 620 1411 682 inde
1420 638 1484 681 non
1493 621 1664 683 necessaria

12 724 50 764 un
89 720 182 775 nostra
200 719 349 795 potestate
369 716 428 776 sits
448 722 532 792 sunt,
557 735 597 778 ex
623 718 844 781 deliberatione
893 733 958 777 esse
970 717 1172 778 ratiocinatur
1185 715 1302 789 omnia,
1318 712 1402 793 qu⁰d
1416 712 1534 791 alioqui
1546 711 1661 777 frustra

12 786 52 817 ἠ
87 812 266 869 ansanum
278 808 531 888 appetitionem
554 829 570 868 ο
594 811 647 871 Est
668 811 764 891 igitur
783 814 844 892 pri-
891 823 950 868 nos
963 813 1076 869 natura
1089 806 1279 869 deliberandi
1292 822 1418 885 capaces
1440 803 1563 865 taceret.
1584 806 1662 868 «Fst

87 916 165 960 mum
190 918 299 961 eorum
331 901 482 962 duntaxat
508 920 578 981 quse
604 902 638 963 in
665 903 757 964 nobis
783 906 843 968 sita
891 899 977 960 enim
1011 900 1177 963 ridiculum
1204 899 1349 961 eumdem
1382 897 1494 972 dicere,
1518 902 1662 959 naturam

87 992 226 1065 sarthae
238 997 284 1053 est
290 1011 360 1072 que
366 994 510 1074 persequi
520 1000 575 1055 aut
586 995 741 1057 dimittere
752 998 843 1060 nobis
890 992 969 1052 nibil
981 992 1015 1052 in
1029 998 1134 1053 nostro
1144 992 1271 1053 arbitn'o
1284 988 1444 1069 reliquisse
1454 988 1670 1068 aepotestate,

87 1085 230 1163 integrum
253 1091 310 1162 est,
337 1092 368 1147 et
394 1087 474 1148 cirea
500 1105 570 1166 quae
598 1106 689 1167 agere
707 1094 761 1149 aut
776 1107 842 1152 non
891 1088 922 1143 et
940 1102 998 1145 nos
1019 1090 1125 1146 tamen
1140 1085 1180 1145 ad
1200 1082 1436 1144 deliberandum
1449 1080 1577 1142 idoneos
1592 1100 1662 1161 pro

87 1194 168 1255 agere
180 1195 352 1256 possumus.
378 1179 494 1242 Deinde
517 1179 700 1241 electionem
714 1199 842 1244 omnem
890 1194 1008 1238 creasse
1021 1182 1169 1257 tanquam
1182 1175 1327 1237 dominos
1340 1192 1375 1235 ac
1387 1173 1502 1234 liberos
1515 1173 1555 1233 ad
1568 1192 1661 1253 agen-

87 1270 227 1331 anteeedit
265 1270 460 1346 consultatio,
510 1289 580 1350 quae
629 1274 841 1352 oppositarum
891 1268 967 1330 dum
985 1269 1101 1349 aliquid
1123 1274 1256 1329 autnon
1275 1262 1466 1345 agenduml.
1482 1284 1497 1322 υ
1514 1264 1659 1326 Acdein-

85 1359 158 1422 inter
193 1380 223 1422 se
249 1363 386 1441 partium
410 1363 555 1424 notitiam
581 1364 680 1443 deque
704 1365 742 1425 iis
760 1366 841 1445 judi-
890 1379 960 1441 ceps
973 1360 1394 1442 passimeiquodesttp’tptv
1408 1356 1505 1431 idest,
1520 1356 1660 1420 innostro

86 1452 159 1513 cium
172 1454 307 1533 requirit,
330 1472 392 1533 qno
406 1455 495 1516 alteri
516 1455 612 1516 altera
635 1460 838 1535 preponitur,
889 1449 1659 1533 arbiriouclibertatepositum,opponitrodamius,

87 1545 126 1604 Ex
136 1544 313 1621 bisduobus,
330 1546 416 1626 prius
430 1546 508 1607 illud
521 1547 606 1626 quod
620 1553 666 1608 est
680 1551 709 1605 rb
724 1551 766 1622 ἐφ’
779 1553 839 1624 ἡμῖν
889 1545 923 1606 id
937 1551 993 1622 est,
1006 1545 1207 1607 necesarium.

85 1636 123 1697 sic
144 1638 316 1698 Aristoteles
343 1638 498 1699 declarat:
522 1645 557 1699 ut
574 1639 658 1700 eain
677 1638 769 1699 nobis
782 1637 841 1697 sita
928 1638 967 1697 V.
989 1637 1162 1698 Alexander
1179 1633 1426 1716 Aphrodisiensis
1447 1633 1586 1712 ejusdem
1607 1635 1660 1696 Pe-

86 1746 143 1788 esse
162 1729 299 1791 dicamur
317 1731 381 1789 cin
400 1730 513 1810 quibus
530 1749 595 1791 non
615 1731 717 1792 solum
734 1747 837 1809 agere,
888 1728 1055 1808 ripateticae
1078 1728 1190 1789 scholae
1210 1735 1241 1789 et
1253 1729 1335 1788 inter
1349 1727 1512 1806 principes
1527 1726 1660 1807 pbiloso-

84 1821 132 1881 sed
154 1822 242 1882 etiam
268 1840 336 1882 non
355 1840 447 1901 agere
470 1840 644 1902 possumus,
668 1824 711 1883 ita
725 1827 840 1882 uttam
888 1821 966 1899 phos
979 1827 1160 1881 numeratus
1179 1820 1296 1881 librum
1309 1818 1431 1897 scripsit
1447 1818 1486 1878 ad
1509 1820 1658 1882 Severum

84 1930 152 1987 non,
162 1914 362 1992 qnametiam,
370 1913 451 1991 juris
463 1914 609 1975 nostrisit
618 1914 778 1976 etarbitrii
789 1912 835 1974 ὁ.»
888 1918 919 1972 et
928 1913 1121 1974 Antoninum
1130 1914 1331 1992 imperatores
1342 1909 1377 1969 de
1385 1909 1460 1970 Fato
1471 1916 1499 1969 et
1509 1908 1655 1991 libertate,

84 2004 284 2077 Quaresiuna
305 2011 429 2066 tantum
447 2024 481 2067 re
495 2025 535 2067 ex
555 2007 702 2087 oppositis
719 2006 839 2068 duabus
888 2006 971 2083 quod
995 2007 1097 2067 Graece
1120 2011 1166 2066 est
1187 2013 1242 2084 περι
1257 2011 1401 2083 εἱμαρμένης
1418 2011 1458 2063 και
1472 2014 1516 2064 τοῦ
1531 2009 1572 2083 ἐφ’
1585 2013 1654 2085 ἡμῖν.
1746 2026 1748 2029 ·

83 2095 189 2156 definiti
203 2116 238 2158 ac
259 2097 481 2177 circumscripti
501 2117 619 2174 sumus,
643 2103 679 2159 ut
692 2099 838 2160 autvelle
887 2096 954 2169 Quo
981 2098 1014 2157 in
1039 2098 1118 2158 libro
1140 2097 1256 2177 passim
1279 2095 1421 2171 ostendit,
1445 2096 1657 2160 necessitatem

82 2192 193 2249 tantum
216 2196 270 2251 aut
288 2190 373 2251 nolle
385 2190 549 2271 possimus,
574 2194 629 2251 aut
652 2191 678 2251 si
702 2191 839 2270 qualem·
888 2206 959 2250 cum
981 2208 1017 2250 eo
1037 2187 1114 2271 qnod
1132 2189 1164 2249 ia
1180 2188 1264 2249 nobis
1277 2186 1366 2248 situm
1383 2185 1506 2256 dicitur,
1525 2188 1585 2250 hoc
1598 2197 1655 2268 est,

81 2284 365 2360 conquaestionem
377 2283 530 2344 sentinare
548 2301 751 2363 nequeamus,
772 2303 838 2345 non
887 2279 978 2341 libero
993 2280 1123 2342 arbitrio
1141 2299 1205 2341 non
1218 2298 1307 2360 posse
1324 2279 1500 2355 consistere,
1513 2298 1573 2341 cac
1587 2300 1657 2362 quea

82 2373 169 2433 estibi
182 2374 316 2436 libertati
330 2394 387 2436 nec
399 2375 542 2436 electioni
554 2376 650 2436 locus.
663 2376 723 2437 Sed
737 2394 838 2456 neque
886 2375 1058 2435 secundum
1071 2375 1223 2435 rationem
1234 2372 1325 2444 fiunt,
1346 2390 1383 2432 eo
1402 2370 1470 2450 ipso
1484 2375 1656 2437 secundum

82 2466 295 2544 musultationi,
309 2486 380 2546 quae
393 2444 613 2529 auribustuis
627 2469 837 2548 deiisquoein
886 2467 1039 2528 rationem
1061 2467 1159 2527 videri
1186 2464 1266 2541 fieri,
1292 2463 1376 2545 quod
1395 2465 1449 2542 qui
1472 2464 1531 2525 ista
1552 2466 1653 2541 faciat,

81 2564 215 2634 potestate
228 2552 391 2635 babemus,
414 2566 528 2640 atquae
541 2560 631 2622 aliter
643 2567 736 2640 atque
748 2563 838 2624 aliter
886 2559 980 2619 etiam
991 2578 1056 2620 non
1065 2558 1197 2620 faciendi
1209 2562 1393 2638 potestatem
1406 2556 1526 2618 habet‘.
1535 2579 1550 2616 υ
1568 2560 1656 2634 Quod
1698 2608 1700 2613 ,

80 2647 138 2709 fieri
149 2650 308 2730 possuntt
334 2652 542 2726 Quamobrem
564 2658 704 2733 quaeant
726 2660 837 2716 natura
886 2652 1027 2732 exemplo
1042 2651 1206 2712 coufirmat
1223 2667 1354 2730 operum
1372 2650 1446 2710 artis
1466 2669 1536 2730 quae
1549 2670 1657 2715 seeun-

80 2739 394 2805 fiuutantnecessario
408 2751 462 2805 aut
480 2744 666 2818 fortuituin
679 2745 718 2805 iis
734 2765 836 2827 neque
885 2743 962 2804 dum
980 2745 1133 2805 rationem
1144 2744 1234 2816 fiunt,
1250 2760 1385 2822 quorum
1397 2742 1523 2821 quidem
1546 2744 1657 2808 facien·

80 2835 249 2896 consultatio
268 2841 370 2916 potest
391 2854 456 2897 esse
470 2855 571 2915 neque
587 2837 706 2898 electio.
724 2839 760 2898 In
773 2857 836 2918 quo
885 2834 998 2897 dorum
1011 2842 1144 2916 potestas
1157 2840 1203 2895 est
1215 2853 1310 2914 penes
1322 2833 1484 2895 artificem.
1504 2837 1569 2896 «At
1581 2857 1655 2901 vero

80 2923 113 2984 ab
128 2936 279 3006 spontaneo
302 2928 394 2989 distat
415 2928 541 2989 libertas
554 2929 602 2990 vel
617 2928 736 2990 electio.
757 2931 836 2992 Nam
884 2927 971 2989 illam
993 2946 1127 3009 quorum
1146 2927 1262 2988 arbitra
1279 2932 1311 2987 et
1332 2926 1459 2987 domnia
1478 2933 1525 2987 est
1548 2928 1655 3008 electio

79 3027 222 3100 ιροιιιορεο
235 3020 426 3081 contrarium
440 3027 487 3082 est
503 3020 686 3096 violentum,
701 3040 766 3083 non
780 3041 835 3085 ne·
887 3019 1068 3101 (cujusmodi
1091 3024 1165 3079 sunt
1182 3036 1217 3079 ea
1232 3036 1301 3098 quae
1321 3014 1499 3079 secundum
1508 3019 1655 3085 virtutem

80 3112 242 3187 camum,
257 3111 358 3174 libero
372 3118 551 3192 utrumque.
568 3114 654 3174 idem
662 3119 694 3172 et
706 3113 741 3173 in
755 3115 835 3177 libro
885 3117 916 3173 et
928 3112 1038 3173 vitium
1052 3113 1210 3192 aguntur),
1225 3111 1366 3190 baecipsa
1378 3128 1502 3190 quoque
1518 3111 1552 3171 in
1565 3113 1655 3175 nobis

81 3202 171 3279 primo
197 3202 377 3285 anrrorum
399 3204 560 3267 moralium
583 3205 715 3285 scopite
735 3223 788 3267 xm
805 3212 836 3269 et
885 3222 949 3266 esse
963 3205 1062 3285 posita
1075 3204 1231 3265 ridentur.
1252 3204 1379 3276 Quodsi
1397 3204 1431 3264 in
1445 3202 1534 3264 nobis
1548 3223 1585 3266 ea
1598 3225 1654 3286 po·

12 3316 63 3362 m
80 3293 263 3376 deinceps,et
276 3297 401 3358 inlibro
413 3305 469 3377 περι
483 3303 610 3376 ἑρμηνείας
621 3296 710 3357 docet
722 3297 837 3359 Aristo-
884 3298 943 3359 sita
962 3303 1036 3358 sunt
1053 3315 1123 3377 quae
1142 3301 1178 3357 ut
1195 3300 1327 3375 agantur
1349 3301 1488 3357 autnon
1510 3304 1652 3377 agantur,

12 3370 35 3405 ¹⁴
80 3385 146 3447 telas
169 3407 240 3449 cnm
266 3387 439 3450 defuturis
465 3389 716 3467 confingentibus
740 3392 832 3471 agit²,
884 3390 983 3452 nostri
997 3389 1118 3451 arbitrii
1132 3408 1198 3450 esse
1211 3389 1344 3464 videtin,
1359 3389 1474 3448 borum
1488 3407 1580 3450 causa
1592 3390 1654 3453 fato

80 3481 304 3556 mandacem
317 3481 452 3561 penitus,
468 3498 569 3560 neque
578 3481 835 3545 deliberationem
883 3482 982 3545 tribui
995 3501 1060 3543 non
1079 3480 1198 3561 potest!
1201 3527 1208 3541 .
1217 3502 1233 3539 υ
1258 3481 1396 3560 idipsum
1419 3486 1451 3541 et
1471 3480 1506 3542 in
1525 3500 1655 3561 sequen-

79 3572 255 3635 rationemve
263 3574 395 3634 liberam
403 3573 501 3634 ullam
509 3574 628 3649 asserit,
640 3574 667 3634 si
681 3592 720 3635 ex
728 3594 833 3637 neces·
882 3573 967 3636 tibus
980 3573 1157 3653 frequenter
1177 3577 1316 3653 usurpat.
1334 3571 1519 3635 Necessitate
1539 3577 1652 3637 consti-

78 3662 155 3725 sitate
167 3671 306 3727 constant
319 3684 355 3727 ao
367 3666 449 3727 fiunt
471 3667 586 3727 omnia.
607 3666 706 3740 Quem
730 3668 834 3730 locum
882 3671 967 3742 tuta,
988 3682 1090 3745 neque
1109 3665 1365 3727 deliberationem
1385 3665 1655 3729 consultationem·

77 3770 212 3818 emmens
237 3758 505 3837 prestantissimus
529 3757 681 3838 interpres
708 3760 835 3821 Ammo-
882 3777 943 3838 que
957 3758 1249 3820 humanisinrebus
1263 3757 1410 3836 relinqui,
1426 3757 1513 3837 cujus
1526 3758 1654 3822 incultas

76 3845 145 3914 uim.
160 3849 383 3911 «Manifestum
397 3867 463 3911 esse
480 3850 534 3925 sit,
557 3850 584 3910 si
598 3849 718 3910 nihilin
728 3857 833 3913 nostra
881 3849 1003 3911 homini
1018 3856 1063 3912 est
1080 3869 1100 3911 a
1120 3858 1231 3911 nanno
1249 3850 1390 3911 tributa:
1411 3851 1481 3910 «Ex
1501 3869 1563 3929 quo
1578 3869 1652 3913 oon-

75 3937 158 3999 situm
174 3947 219 4002 est
237 3947 398 4023 potestate,
422 3942 537 4002 frustm
558 3960 616 4002 nos
634 3960 833 4021 aggressuros
881 3961 1014 4022 sequens
1026 3943 1071 4011 fit,
1085 3961 1194 4003 eorum
1208 3960 1278 4021 quae
1291 3947 1444 4019 geruntur
1457 3960 1477 4002 a
1489 3943 1581 4003 nobis
1595 3963 1652 4006 nos

75 4045 131 4092 esse
144 4032 309 4094 deliberare
328 4034 367 4094 de
381 4032 420 4093 iis
433 4052 503 4113 qnae
517 4033 616 4093 nostri
629 4034 753 4095 arbitrii
767 4054 831 4096 non
880 4035 995 4097 habere
1009 4040 1192 4115 potestatem
1206 4033 1358 4114 ejusmodi
1378 4038 1413 4094 ut
1426 4033 1566 4113 opposita
1579 4052 1651 4113 pos·

77 4121 139 4199 sint,
162 4143 196 4185 ao
221 4125 363 4189 similiter
388 4143 454 4186 esse
474 4126 609 4187 facbuos
633 4131 727 4205 atque
740 4126 763 4186 ii
777 4127 831 4206 qui
879 4128 1009 4189 simusv.
1020 4149 1035 4184 υ
1052 4128 1106 4188 Est
1114 4126 1210 4206 igitur
1223 4125 1374 4187 libertatis
1383 4130 1414 4186 et
1425 4124 1546 4186 arbitrii
1560 4125 1651 4190 liberi

106 4345 226 4402 alarsr.
241 4347 267 4402 ὅ.
285 4345 380 4404 ΕιΙιιο.
392 4363 452 4420 cap.
465 4363 491 4403 v.
513 4347 586 4416 Καιῆ
599 4348 777 4421 προαίρεσιςᾶι
791 4346 829 4418 εἴη
914 4368 929 4409 e
949 4353 1031 4408 Acar.
1045 4353 1169 4408 Anauon.
1194 4350 1283 4406 ‘ame'
1293 4350 1325 4405 τὰ
1340 4351 1384 4425 pla
1402 4351 1466 4406 κατὰ
1483 4352 1560 4424 λόγον
1578 4355 1649 4426 γινό-

77 4424 202 4497 βουλευτυιὴ
213 4428 288 4501 ὄρεξις
302 4436 352 4483 τῶν
363 4429 400 4501 ἐρ’
409 4430 478 4503 ἡμῖν.
550 4474 557 4480 .
880 4454 941 4508 μονα
950 4435 1029 4508 τούτῳ
1039 4436 1223 4508 δοκεῖγίνεοθαι
1239 4435 1303 4489 κατὰ
1320 4436 1406 4507 λόγον,
1419 4440 1456 4508 τῷ
1478 4436 1522 4490 τὸν
1531 4441 1650 4492 ποιοῦντα

106 4508 121 4565 b
137 4512 221 4567 burst.
237 4511 305 4569 ibid.
319 4529 346 4569 c.
359 4530 407 4569 vir.
431 4513 478 4567 Ἐν
489 4507 528 4576 οἷς
540 4513 586 4586 γὰρ
594 4512 630 4585 ἐφ’
640 4512 700 4586 ἡμῖν
710 4515 740 4567 τὸ
753 4514 827 4587 πράτ·
879 4517 951 4584 αὐτὰ,
965 4520 1007 4573 καὶ
1013 4523 1058 4573 τοῦ
1069 4519 1101 4592 μὴ
1111 4521 1192 4573 ποιεῖν
1203 4518 1268 4593 ἔχειν
1279 4516 1397 4581 ἐξουσίαν.

75 4608 126 4659 trit,
135 4596 173 4647 καὶ
184 4597 212 4650 τὸ
223 4594 388 4669 μὴκράττεοι·
399 4598 440 4650 καὶ
455 4595 479 4650 ἐν
490 4590 529 4659 οἷς
538 4596 567 4651 τὸ
578 4597 621 4668 μὴ,
632 4597 713 4651 καὶτὸ
724 4596 774 4650 ναί.
915 4601 936 4675 s
951 4604 1014 4660 Mox
1025 4621 1032 4659 ς
1056 4600 1139 4656 Ἀλλὰ
1148 4602 1196 4675 μὴν
1212 4602 1253 4655 καὶ
1263 4596 1299 4655 ὧν
1312 4602 1453 4675 προαίρεσις
1470 4602 1552 4676 κυρία,
1571 4609 1649 4660 ταῦτα

105 4678 237 4734 tirsus.
257 4680 340 4748 Δῆλον
362 4678 409 4753 γὰρ
423 4681 458 4743 ὡς
472 4678 493 4732 εἶ
513 4680 587 4753 μηδὲν
611 4678 675 4734 ἔστιν
695 4678 732 4747 ἐφ’
753 4679 827 4753 ἡμῖν,
878 4683 902 4739 δ’
917 4684 981 4741 ἔστιν
991 4688 1037 4749 boc
1046 4688 1099 4740 κατ’
1117 4685 1204 4758 ἀρετήν
1224 4705 1260 4751 τε,
1279 4686 1321 4738 καὶ
1339 4684 1424 4739 κακίαν
1440 4687 1582 4759 πράττεται·
1606 4690 1648 4743 καὶ

75 4759 143 4829 βάτην
161 4760 344 4837 ἐπιχειρήσομεν
371 4763 525 4835 bulaeus
543 4764 598 4836 περὶ
618 4769 667 4817 τῶν
687 4762 731 4816 oia
750 4761 775 4816 ἐν
798 4768 829 4837 τῇ
877 4770 956 4823 ταυτα
965 4768 1001 4841 ἐφ’
1010 4769 1071 4841 ἡμῖν
1081 4762 1144 4822 εἶναι
1153 4771 1229 4823 δοκεῖ·
1241 4767 1263 4823 ei
1281 4767 1318 4842 ἐφ’
1327 4768 1387 4841 ἡμῖν
1401 4769 1427 4823 bi
1445 4774 1533 4835 ταῦτα,
1553 4766 1588 4824 ὧν
1606 4772 1648 4824 καὶ

74 4836 193 4918 ἔξουαίᾳτῄ·
211 4845 317 4919 ἡμετέρᾳ
334 4846 461 4919 κειμένων,
480 4846 521 4899 καὶ
540 4847 627 4920 ὅμοιόν
651 4864 675 4899 τι
693 4847 828 4920 ποιήσομεν
877 4858 922 4905 τοῦ
940 4854 1088 4926 πραχθῆναι,
1109 4853 1212 4906 καὶτοῦ
1233 4852 1265 4926 μὴ
1285 4854 1422 4925 πραχθῆναι
1448 4847 1509 4906 εἶναι
1528 4855 1647 4927 δοκοῦμεν

73 4926 118 5072 {pit
134 4928 330 5002 βουλευομένοις,
348 4935 402 4991 πῶς
419 4929 557 4994 ἀνατειλοι,
583 4927 830 5002 ἢμὴᾶνατιῖλοιδ
877 4935 1068 5008 aspectuum
1082 4934 1167 5009 δὲοῦχ
1186 4930 1240 4990 οἶόν
1264 4954 1291 4991 τε
1300 4936 1379 5008 λέγειν
1399 4934 1479 4989 αἰτίαν
1498 4936 1542 5005 τὴν
1561 4935 1646 5009 εἱμαρ-

101 5028 141 5071 ιυς.
879 5018 963 5089 μένην.

101 5091 174 5150 did.
192 5093 371 5158 Ὅστεκῶςοῦ
380 5095 562 5167 καταγέλαστον
572 5097 602 5149 τὸ
610 5096 749 5168 >cipitur-ip
759 5097 828 5170 picta
912 5116 933 5170 p
951 5098 1019 5155 ibid.
1039 5100 1130 5154 Εἵπετο
1148 5100 1174 5155 et
1193 5100 1274 5173 τούτῳ
1292 5102 1322 5155 τὸ
1340 5106 1390 5154 τῶν
1413 5101 1586 5172 πραττομένων
1605 5101 1647 5173 bp'

70 5173 105 5227 at
118 5176 187 5247 μηδὲν
197 5176 221 5230 ἓν
231 5185 262 5252 τῇ
274 5175 369 5249 ἐξουσίᾳ
377 5181 408 5251 τῇ
416 5177 524 5251 ἡμετέρᾳ
531 5180 686 5245 καταλιπεῖν,
696 5182 738 5234 καὶ
748 5184 827 5236 ποιεῖν
876 5181 946 5254 ἡμῶν
958 5182 990 5254 μὴ
1001 5181 1066 5256 ἔχειν
1082 5181 1146 5256 ἡμᾶς
1164 5184 1278 5254 τοιαύτην
1296 5181 1417 5248 δξουοίαν,
1437 5183 1472 5245 ὡς
1489 5184 1603 5239 δύνασθαι
1615 5185 1646 5240 τὰ

70 5253 307 5329 ἦμίςβουλιυτικους,
318 5261 353 5323 ὡς
362 5263 390 5314 ἂν
400 5261 473 5323 ὄντας
488 5262 587 5334 κυρίους
605 5267 649 5317 τοῦ
658 5260 748 5336 πρᾶξαί
758 5283 791 5328 τι,
811 5265 827 5332 ἢ
877 5265 1039 5338 ἀντικείμενα.

71 5337 200 5413 νινᾶν·
