3952 6170
309 289 368 351 3³0
813 282 1139 347 runoloaicnnun
1159 282 1390 345 DOGMATUM.

309 448 567 530 quorumplucitis
575 447 727 527 superiori
733 447 1075 527 conicetrnneutcapite‚
1127 448 1281 509 wumet
1298 465 1371 509 cum
1381 448 1464 509 intra
1479 464 1628 511 cumeae
1641 448 1762 525 diciun,
1776 454 1885 514 unua

309 544 409 604 Deum
431 540 500 603 eceli
521 540 670 601 mundive
689 540 809 600 ambitu
829 540 959 601 minime
982 541 1100 632 conti·
1127 540 1304 603 errmitraum
1321 539 1367 601 illi
1384 554 1461 615 ease,
1485 557 1558 601 cum
1574 545 1662 600 extra
1681 558 1746 603 asse
1763 542 1812 603 uei
1824 562 1886 607 een·

307 632 1076 712 neri,sadintreoutruqueiuimmensumeristere,
1127 632 1226 694 tinere
1253 632 1407 693 mundum
1429 631 1553 694 dicitur.
1584 632 1725 695 Primum
1748 635 1829 694 enim
1851 638 1888 700 ad

307 729 392 807 quod
401 727 565 807 Dionysiae
575 726 680 806 paucis
695 725 823 788 cccmus
843 725 989 805 exprimit
1006 742 1078 786 enm
1127 725 1315 787 antenorem
1338 725 1425 787 fflam
1448 724 1567 787 mundo
1590 743 1627 786 ae
1653 725 1746 789 rebus
1770 727 1889 789 conditis

307 819 397 881 ilium
419 821 463 881 ait
482 837 547 881 case
578 816 817 887 immundanum,
846 816 1080 879 drcummurudo-
1127 819 1331 879 eternitatem
1340 818 1530 879 reuocandus
1541 823 1588 879 est
1599 818 1734 894 animum,
1754 820 1889 883 uilicum

307 931 395 979 aum,
425 909 711 992 supermundanum,
745 909 1008 992 auwcoelcstemt
1033 910 1080 969 Li·
1128 910 1343 989 cogitemusiu
1363 909 1774 989 eodeminquovastissima
1786 911 1890 974 dtumt

308 1004 480 1064 cebitenim
492 1002 630 1082 Dionysii
643 1003 813 1062 imitatione
825 1021 906 1065 noua
914 1002 1079 1081 minusque
1128 1002 1226 1063 moles
1242 1003 1379 1063 uniuersi
1401 1002 1535 1064 extitisse
1554 1003 1664 1081 spatio,
1688 1002 1754 1064 imo
1778 1005 1810 1063 in
1829 1003 1890 1066 inlr

307 1096 425 1170 Latina,
447 1094 503 1156 sed
521 1093 692 1155 remoraris
713 1093 1076 1157 commmisduocabuia.
1128 1095 1230 1157 nitum
1259 1095 1421 1175 ampliore,
1452 1113 1517 1157 non
1543 1095 1628 1174 quod
1657 1113 1708 1159 res
1733 1102 1811 1157 esset
1833 1097 1891 1158 ulla

308 1189 361 1249 list
371 1187 497 1267 quidem
509 1185 632 1247 difficile
641 1186 749 1247 musam
757 1202 794 1246 ao
804 1187 973 1265 corporatis
986 1186 1079 1247 rebus
1128 1189 1262 1268 spatium
1273 1188 1361 1264 illud,
1374 1189 1428 1249 sed
1442 1188 1526 1268 quod
1543 1187 1578 1248 in
1600 1187 1702 1268 seipso
1714 1190 1816 1269 potius
1824 1191 1891 1251 axii»

308 1280 506 1341 mactantem
525 1283 556 1339 et
567 1279 717 1339 irretitam
735 1278 870 1339 hominis
883 1284 1021 1340 mentem
1033 1297 1080 1341 re·
1099 1304 1103 1311 ·
1127 1281 1200 1342 terit
1216 1280 1296 1343 Deus
1315 1287 1345 1342 et
1366 1280 1400 1341 in
1420 1296 1452 1342 se
1473 1280 1556 1341 uelut
1573 1284 1726 1361 punctum
1746 1282 1891 1362 quoddam

307 1368 465 1434 uocarenb
479 1388 587 1432 carum
603 1368 950 1450 formisetimaginibus
963 1390 1079 1434 cumse
1128 1378 1245 1435 creatm
1268 1392 1319 1435 res
1345 1391 1455 1435 omnes
1481 1374 1671 1454 produxerit.
1695 1374 1802 1453 Neque
1825 1394 1891 1439 uero

308 1462 348 1527 ad
359 1462 492 1527 coeiestia
511 1470 542 1525 et
559 1462 729 1544 spiritualis
748 1463 912 1542 cogitanda
922 1464 1077 1542 mamiert,
1128 1471 1198 1544 post
1212 1484 1264 1527 eas
1282 1471 1456 1545 proeresius
1475 1466 1571 1527 veluti
1585 1472 1760 1529 connectite
1776 1468 1810 1529 in
1824 1467 1892 1530 iliud

308 1563 344 1618 ut
362 1576 435 1620 eum
461 1557 497 1618 iu
520 1557 639 1619 mundo
667 1561 815 1635 aruaque
836 1557 991 1618 mundum
1014 1574 1079 1620 esse
1101 1556 1104 1561 ’
1128 1558 1278 1618 confluxit
1300 1558 1495 1619 individuum
1520 1564 1689 1638 paucum,
1714 1559 1770 1620 sed
1790 1560 1891 1621 emam

308 1650 407 1711 naum
419 1650 560 1724 dicimus,
574 1666 638 1709 non
652 1666 725 1710 enm
742 1648 898 1726 fingemus
915 1670 931 1707 a
941 1666 996 1729 per
1006 1650 1078 1710 inii·
1129 1666 1190 1729 qna
1203 1656 1279 1711 tuno
1290 1654 1355 1711 crat
1367 1651 1575 1712 immensitate
1589 1651 1783 1712 diiirmditur.
1800 1653 1891 1725 Quare

307 1742 374 1802 nita
388 1742 486 1822 spatia
505 1740 643 1821 undique
664 1746 826 1821 penetrare
848 1745 946 1802 totam
969 1738 1079 1803 muudi
1129 1748 1214 1803 extra
1229 1744 1395 1819 mundum,
1410 1740 1502 1805 idest
1521 1749 1674 1824 punctum
1697 1741 1786 1821 illud,
1799 1745 1892 1806 existit

307 1834 434 1910 molem,
455 1839 486 1895 et
499 1836 586 1895 cuna
597 1851 667 1895 cam
688 1848 937 1913 quaquaversum
950 1852 1006 1913 per
1019 1835 1078 1896 im·
1129 1836 1223 1898 Deus.

307 1944 416 1988 mensa
433 1928 499 1987 sine
517 1926 664 2001 termino,
685 1931 721 1986 ut
743 1924 832 1989 iilum
852 1925 1077 2003 naissitanus,
1168 1929 1206 1990 V.
1222 1924 1339 1989 Deinde
1362 1927 1406 1989 sie
1427 1927 1509 1989 istud
1537 1926 1683 2008 explicari
1708 1934 1810 2008 potest
1824 1949 1892 2009 quo

307 2017 818 2095 haheateoeInm,habeantomnia,
830 2017 1080 2079 etillafiniantur
1128 2021 1222 2081 modo
1241 2019 1423 2081 Grrilielmns
1445 2020 1798 2097 pernecessariarum,
1813 2023 1892 2101 omns

306 2110 340 2171 in
363 2113 441 2192 ipso,
462 2112 528 2191 ipse
549 2115 654 2171 autem
676 2124 843 2190 nusquam.
866 2110 952 2171 Sient
974 2115 1079 2171 autem
1128 2112 1224 2173 rerba
1241 2112 1297 2174 etsi
1311 2113 1416 2173 minus
1432 2112 1542 2173 nitoris
1559 2113 1678 2174 hahent
1700 2129 1794 2194 quam
1808 2116 1891 2189 mcci,

306 2202 368 2265 luci
380 2203 451 2264 solis
463 2222 527 2263 non
543 2200 662 2263 obsistit
671 2200 750 2263 aeris
762 2221 884 2283 corpus,
898 2200 978 2263 ueris
986 2200 1079 2283 hujus
1128 2205 1187 2266 hoc
1210 2206 1277 2269 loco
1303 2204 1484 2267 describam.
1518 2202 1702 2280 «Mirabile,
1724 2204 1835 2286 inquit,
1857 2207 1894 2268 ri·

307 2295 361 2375 qui
372 2301 592 2376 supraterram
608 2300 664 2369 est,
684 2294 853 2374 quominus
864 2313 921 2374 per
934 2314 1008 2357 eum
1019 2301 1080 2356 tra·
1129 2299 1219 2361 dcun
1244 2297 1327 2359 uude
1346 2299 1514 2378 opinantur
1526 2296 1623 2378 aliqui
1642 2305 1813 2363 creatorem
1834 2298 1894 2361 iini·

302 2388 427 2467 jieiutur
444 2393 610 2468 penenana
628 2404 701 2447 eum
720 2406 785 2447 non
804 2388 1011 2466 dirumpenda
1025 2395 1080 2449 aut
1128 2396 1208 2465 tum,
1227 2397 1258 2451 et
1274 2391 1407 2470 quuiim
1424 2391 1518 2452 etam
1535 2391 1595 2451 hcc
1617 2391 1803 2471 intelligant,
1826 2397 1893 2471 puto

307 2481 496 2541 concidendo
509 2480 563 2540 sed
575 2477 734 2558 implendo
748 2494 821 2540 enm
833 2484 946 2554 murm,
961 2481 1004 2540 sic
1016 2481 1079 2541 Deo
1129 2500 1181 2544 eos
1191 2500 1255 2544 nou
1265 2483 1448 2562 intelligere.
1463 2485 1655 2544 Fumantem
1667 2498 1721 2544 eos
1733 2483 1812 2545 illud
1820 2484 1893 2563 coql·

307 2577 452 2652 putemus
461 2588 526 2631 non
542 2570 643 2631 solum
656 2568 724 2654 areli
734 2576 764 2630 et
776 2570 855 2631 earu
865 2576 895 2631 et
908 2572 1013 2645 maris,
1026 2573 1080 2632 sed
1127 2578 1205 2651 tare,
1222 2575 1295 2656 qrria
1308 2581 1426 2636 creator
1438 2577 1523 2635 totus
1544 2574 1635 2636 estin
1649 2573 1768 2636 mundo
1782 2579 1813 2637 et
1826 2574 1895 2636 nihil

307 2662 400 2725 etiam
413 2668 505 2725 terrae
526 2681 639 2743 corpus
657 2660 799 2743 peruium
820 2666 851 2723 et
876 2681 915 2724 ex
932 2660 1080 2724 omnibus
1129 2666 1177 2729 sui
1192 2666 1285 2729 habet
1298 2674 1396 2745 extra,
1410 2667 1533 2728 videtin
1547 2668 1635 2747 quasi
1648 2686 1714 2729 esse
1731 2667 1766 2729 in
1785 2667 1894 2729 mundo

306 2756 450 2819 maximis
468 2755 666 2835 minimisque
685 2755 825 2834 pertibus
837 2756 1025 2835 penetrabile
1040 2756 1079 2817 ad
1128 2761 1285 2835 melinus,
1312 2761 1484 2839 mundique
1512 2760 1655 2821 urminis
1684 2760 1895 2825 maumam

306 2849 487 2929 capiendam
510 2849 592 2908 illitus
621 2848 843 2926 praesentium»
870 2848 955 2926 quod
984 2848 1022 2908 de
1047 2866 1079 2909 se
1129 2854 1222 2928 atapre
1245 2851 1441 2910 terminatus.
1467 2848 1539 2909 Dico
1567 2849 1662 2928 igituir
1683 2849 1758 2929 mna
1779 2868 1837 2911 nec
1857 2851 1895 2929 ip

304 2946 435 3003 testatur
446 2942 638 3021 Augustinus
649 2937 670 2999 ¹.
688 2940 748 3000 Sed
760 2940 826 3001 haee
839 2958 920 3000 uana
935 2940 1079 3019 cogitatio
1129 2956 1200 3002 snm
1214 2940 1387 3021 intelligere
1407 2941 1564 3002 uidentur.
1587 2942 1620 3001 Si
1631 2942 1717 3002 enim
1730 2938 1896 3022 intelligunt

306 3040 361 3111 est,
376 3034 426 3097 cui
442 3035 519 3097 ratio
538 3038 569 3095 et
586 3032 684 3094 solida
702 3031 740 3093 de
759 3032 821 3093 Deo
836 3029 992 3112 persuasio
1005 3050 1077 3093 con-
1130 3041 1301 3096 creatorem
1314 3052 1379 3095 esse
1400 3034 1434 3094 in
1447 3033 1567 3095 mundo
1581 3030 1730 3111 localiter,
1754 3030 1894 3114 quemad·

304 3127 455 3190 traiicere
464 3124 567 3202 debet,
578 3143 673 3204 quam
685 3122 848 3205 dupliciter
856 3122 1002 3203 adjuvare
1012 3143 1080 3204 pos
1132 3126 1263 3189 modum
1274 3146 1354 3206 equa
1364 3126 1414 3189 uei
1427 3125 1538 3187 unum
1558 3126 1594 3189 in
1612 3145 1685 3187 uase
1698 3122 1783 3206 quod
1794 3126 1893 3208 replet.

305 3237 424 3299 snmus,
437 3220 567 3283 minimo
578 3222 613 3278 ut
627 3217 835 3279 circumscribi
851 3217 970 3279 mundo
980 3219 1079 3278 licum
1132 3225 1164 3281 et
1176 3220 1236 3281 hoc
1247 3225 1293 3281 cst
1310 3238 1383 3280 uere
1405 3218 1544 3280 localiter
1557 3237 1623 3280 ease
1642 3218 1677 3279 in
1694 3218 1811 3300 aliquo,
1826 3237 1894 3299 que

342 3448 363 3488 a
381 3430 461 3488 Dion.
486 3445 546 3501 cup.
573 3445 593 3484 ι.
617 3428 654 3486 de
671 3432 771 3486 Dicin
799 3445 877 3485 unm.
904 3426 952 3483 ltu
983 3426 1076 3497 atriu,
1128 3428 1450 3505 inteprcuffleprutspucu,
1464 3430 1639 3505 trepidantes,
1653 3428 1836 3504 impccpiuuou.

305 3634 489 3702 diutinumque
503 3633 845 3702 eiusmodispalinmiudicetur
858 3630 1077 3697 absurduninndl·
1128 3636 1225 3702 punam
1244 3638 1267 3687 ct
1285 3635 1390 3688 intimum
1410 3632 1552 3688 interuallum
1574 3648 1615 3688 seu
1629 3636 1739 3703 spatium,
1754 3632 1894 3705 ortqoonuis

304 3720 385 3781 tuaque
402 3716 496 3778 negetur
509 3712 544 3763 uel
558 3724 654 3779 corpora
665 3724 715 3762 esse
733 3711 756 3761 iu
772 3711 815 3762 iroe
829 3708 911 3777 spatio.
927 3710 963 3761 uei
978 3708 1077 3762 ituram
1125 3710 1244 3770 interualli,
1262 3716 1285 3762 et
1297 3713 1394 3778 spatium
1408 3712 1509 3763 omniun
1523 3713 1657 3778 spatiorum,
1673 3710 1738 3765 loeus
1747 3714 1847 3767 omniun
1859 3713 1893 3765 ie·

305 3804 357 3842 crim
367 3804 394 3841 ec
404 3788 576 3839 immensitatem
593 3800 659 3855 posse
670 3784 776 3838 cosmedi
793 3802 798 3835 :
815 3786 850 3837 sin
863 3791 937 3837 autem
952 3786 1018 3852 spatii
1031 3800 1077 3838 nc·
1126 3789 1298 3849 remundes
1320 3793 1342 3839 ei
1354 3786 1416 3839 basis
1429 3787 1584 3854 primordialis
1601 3786 1675 3840 omnis
1696 3786 1741 3840 ioci
1761 3786 1892 3856 etspatii·

304 3864 364 3918 minc
383 3863 468 3931 aliquid
490 3860 635 3931 exprimatur,
651 3861 711 3928 quod
724 3860 836 3913 intuitur
851 3872 1020 3928 quaquaversus
1037 3861 1075 3926 sit,
1124 3861 1184 3915 'lum
1201 3860 1268 3931 (lirici.
1289 3874 1313 3915 n.
1330 3860 1382 3929 ts.)
1397 3863 1470 3931 perqit
1485 3880 1491 3913 :
1511 3880 1522 3911 r
1539 3862 1634 3925 Quando
1651 3864 1750 3916 dicimus
1763 3862 1834 3916 mun
1846 3874 1890 3915 em

303 3946 421 4005 sumum,
437 3940 597 4003 numanam,
616 3937 731 3991 immobile
740 3942 762 3990 et
777 3936 918 3991 continendis
932 3935 1076 4003 quibuscom-
1125 3940 1188 3990 arira
1196 3939 1304 3990 mnndum
1318 3952 1358 4006 per
1372 3938 1459 3991 intuta
1472 3940 1546 4006 spatia
1561 3938 1678 3999 tirason,
1695 3944 1734 3991 aut
1747 3954 1798 3993 csse
1810 3939 1833 3991 ir
1845 3950 1892 4007 spa

303 4028 348 4085 que
357 4016 491 4085 corporibus
504 4014 620 4083 par,nll1ti
633 4015 743 4082 impedire
753 4013 874 4080 quominus
888 4012 964 4065 diuina
977 4010 1076 4066 immen—
1126 4012 1163 4066 iiis
1175 4014 1323 4081 imaginariis,
1340 4029 1385 4067 non
1402 4014 1506 4067 uolumus
1517 4012 1675 4068 discretisunt
1686 4025 1735 4068 usse
1749 4015 1772 4067 ln
1789 4016 1860 4082 aliqua
1872 4026 1894 4065 rr

303 4096 358 4146 sitas
373 4098 442 4145 nam
456 4091 524 4158 spatii
537 4088 706 4158 amplitudinem
726 4090 815 4156 capiare
827 4097 955 4141 crescatur.
973 4107 984 4135 ι
1002 4088 1076 4141 Statu
1125 4090 1204 4143 letitia
1217 4091 1278 4142 uelat
1296 4090 1320 4142 io
1339 4091 1455 4154 chimera,
1472 4092 1509 4143 uel
1529 4104 1579 4145 use
1598 4090 1622 4143 ln
1636 4088 1711 4158 aliquo
1725 4092 1800 4158 spatio
1813 4104 1837 4143 rc
1849 4104 1861 4141 a
1872 4102 1894 4141 s

302 4169 393 4221 nudam
411 4166 440 4219 ii
458 4166 533 4229 debet,
551 4186 562 4215 a
578 4166 751 4234 appellationem
767 4165 833 4231 spatii
847 4164 950 4222 increati.
968 4178 995 4216 eo
1008 4179 1076 4230 quem
1125 4166 1243 4228 distincto;
1258 4164 1298 4218 sed
1312 4180 1362 4218 csse
1376 4168 1399 4218 in
1413 4167 1486 4233 spatie
1501 4169 1561 4235 qood
1576 4168 1647 4234 ipsias
1660 4166 1800 4219 immensiter
1813 4166 1892 4219 ierus

303 4244 463 4311 praitnirinus
480 4255 558 4305 unsa,
568 4242 650 4294 diune
663 4240 807 4293 immensitati
818 4241 900 4293 iacun
910 4252 982 4306 nequa
994 4252 1075 4292 nouam
1124 4240 1177 4293 liter
1185 4241 1292 4305 arnolti,
1303 4240 1340 4294 cul
1349 4242 1462 4293 inlinitum
1471 4245 1570 4306 spatum
1581 4248 1765 4309 meammpotast
1773 4238 1891 4295 comlmii

302 4334 361 4383 esse,
375 4318 524 4384 ueqaeiaiern
537 4332 588 4385 qne
598 4316 678 4370 merito
688 4316 836 4383 improbetur.
854 4315 941 4367 riioua
954 4314 1015 4367 euim
1029 4316 1075 4368 tici
1125 4316 1260 4370 sicutenim
1275 4318 1431 4370 maalmeon
1445 4324 1480 4370 est
1497 4320 1521 4371 in
1534 4319 1612 4386 aliquo
1625 4320 1699 4386 spatio
1712 4322 1789 4372 creato
1802 4320 1892 4384 pratar-

302 4394 423 4462 appeiiatio
445 4395 531 4460 nequit,
554 4408 622 4460 qaam
641 4393 739 4459 majores
761 4391 833 4443 nostri
854 4405 900 4443 non
923 4391 1076 4457 infrequenter
1124 4407 1192 4459 quam
1211 4393 1235 4444 in
1253 4408 1295 4445 sna
1318 4390 1441 4446 intrinseca
1457 4395 1584 4461 quantitate
1603 4390 1892 4451 truculentorum

301 4471 439 4537 usurparint.
450 4468 566 4534 Ejusmodi
578 4483 646 4537 porro
660 4482 710 4520 esse
719 4466 892 4534 appeliationem
902 4480 946 4533 qua
961 4468 987 4518 ie
1001 4467 1075 4533 loqui·
1124 4482 1170 4520 non
1184 4474 1220 4522 est
1234 4469 1258 4520 ln
1271 4469 1346 4535 aliquo
1364 4470 1436 4536 spatio
1446 4469 1501 4522 reali
1515 4474 1665 4538 preterquam
1678 4470 1702 4521 in
1716 4484 1744 4522 ao
1757 4469 1817 4536 quod
1828 4467 1892 4535 ipsias

302 4560 362 4607 mur,
378 4544 487 4611 preclare
501 4546 621 4597 ostendunt
636 4556 687 4611 qne
704 4543 811 4595 Petreius
825 4542 909 4602 retulit,
928 4556 1022 4608 queque
1032 4542 1074 4607 iu·
1123 4540 1263 4597 immensitas
1276 4544 1403 4607 constituit,
1420 4543 1444 4596 lo
1463 4560 1508 4612 qno
1528 4548 1596 4598 etiam
1611 4547 1679 4598 ueluti
1693 4544 1769 4613 priore
1786 4550 1808 4597 ei
1820 4544 1890 4595 inimo

302 4618 381 4672 dicatis
395 4634 409 4670 a
422 4617 487 4670 nobis
500 4621 603 4686 sopanus
615 4619 674 4672 locis
687 4618 850 4670 'thomassinus
866 4617 957 4682 adjacit.
974 4619 1073 4684 Quisque
1123 4621 1196 4688 spatio
1214 4621 1311 4694 estlpse
1326 4622 1422 4673 mundus
1438 4626 1463 4673 et
1475 4627 1522 4674 tota
1536 4624 1585 4687 ejns
1599 4624 1709 4675 extensio.
1728 4622 1802 4682 iluna
1819 4618 1891 4685 in'piu

302 4700 377 4746 antem
392 4694 460 4758 uidet,
472 4694 654 4760 noquedamuari
669 4708 740 4760 neque
752 4692 815 4758 retici
825 4695 998 4760 appellationem
1006 4706 1073 4760 posse
1123 4697 1219 4762 spatium
1251 4694 1360 4761 distingui
1387 4701 1470 4763 potest,
1492 4700 1605 4762 creatum,
1638 4698 1763 4750 increatum
1790 4700 1812 4748 ri
1837 4696 1891 4745 lara·

301 4770 409 4836 suli'raqio
431 4769 560 4822 clasitana
581 4768 718 4835 antiquitatis
746 4769 936 4832 commentatam,
962 4782 1073 4836 quamque
1123 4771 1243 4836 p'narlum.
1273 4768 1390 4824 Crucium
1412 4774 1502 4824 constat
1526 4773 1656 4825 crtemloue
1676 4768 1809 4839 corporali,
1836 4766 1890 4835 nivii

301 4844 464 4913 sapientissime
478 4844 584 4912 deinceps
597 4844 695 4909 theologi
707 4844 843 4911 adoptariul.
856 4844 907 4897 Pre
921 4845 1010 4897 canus
1019 4858 1073 4897 uero
1123 4848 1247 4899 extenditur
1266 4858 1445 4914 quaquaversum
1459 4849 1565 4901 mundns.
1590 4849 1728 4901 [osredum
1743 4853 1778 4900 est
1795 4846 1843 4913 ipm
1854 4842 1890 4895 nai

300 4922 452 4989 appellatione
465 4921 539 4988 spotti
552 4920 646 4972 increati
658 4921 686 4971 ui
701 4919 798 4970 diuinam
808 4920 981 4973 immensitatem
993 4920 1073 4973 adum·
1122 4924 1275 4975 immensitati
1291 4922 1340 4975 irasc
1351 4927 1386 4975 est
1396 4924 1502 4990 puniunt,
1518 4924 1651 4977 iutimnmet
1664 4921 1888 4987 mniamentaiespt·

300 4994 409 5049 bmnium
423 4997 458 5049 usi
480 5003 533 5049 sunt
555 4994 688 5048 iraoeisms
707 4994 802 5047 Suades
826 4994 993 5063 (Metapinum.
1019 4996 1071 5049 uis·
1122 4998 1188 5061 tum,
1204 4997 1241 5051 cui
1255 5012 1324 5050 omno
1343 4998 1405 5050 alind
1425 5000 1523 5066 spatium
1542 4999 1652 5054 innititur.
1667 4996 1842 5065 tueamur·
1858 4996 1889 5045 tsi

301 5076 349 5137 put.
371 5070 444 5140 xxx)
462 5084 483 5126 ct
508 5072 639 5126 mormius
656 5070 748 5123 hessius
764 5072 803 5137 qui
824 5072 867 5137 (De
881 5072 992 5139 perfecti.
1008 5072 1069 5136 diu,
1121 5072 1182 5139 quod
1199 5087 1262 5126 meus
1276 5076 1353 5126 nostra
1369 5088 1416 5126 non
1428 5072 1507 5126 ualens
1517 5075 1583 5128 aliter
1594 5074 1715 5142 concipere
1724 5072 1763 5125 liei
1778 5067 1889 5124 immai-

300 5144 341 5199 iib.
357 5146 386 5199 ll.
401 5160 452 5213 cap.
464 5156 493 5200 n.
509 5162 534 5200 n.
550 5145 603 5215 ta.)
618 5147 731 5215 principio
747 5145 780 5198 alt
795 5164 801 5197 :
820 5166 831 5195 a
847 5148 913 5201 sicot
926 5148 1023 5202 ruentia
1036 5148 1072 5200 dl·
1120 5152 1199 5211 ntem,
1214 5149 1361 5216 imaginatur.
1378 5148 1444 5202 Sicut
1456 5150 1517 5203 emm
1530 5164 1576 5202 non
1590 5164 1711 5219 possumus
1723 5146 1840 5215 condem
1851 5141 1887 5195 liti

300 5221 352 5274 rina
371 5227 406 5275 est
424 5223 531 5291 pumera
552 5224 658 5288 asmata,
673 5223 738 5291 origo
763 5229 786 5276 et
808 5222 978 5283 tundamentum
998 5222 1072 5277 omnis
1121 5223 1277 5288 eternitatem,
1302 5224 1345 5277 nisi
1370 5222 1515 5291 lmsdnando
1539 5230 1628 5292 tempus
1651 5224 1777 5286 infinitum:
1800 5220 1831 5274 ita
1848 5228 1887 5271 rat

301 5297 404 5351 menta
424 5302 446 5351 et
466 5300 523 5353 ends
541 5298 711 5368 mnsaptlbiiis3
730 5300 762 5353 tir
781 5298 921 5355 mnemia
942 5299 1018 5355 didm
1036 5304 1072 5352 ast
1119 5292 1885 5371 iirilmmensitaiam‚uisietnripiendespatiaminiritnnnM,

327 5490 338 5533 t
355 5488 402 5533 tit.
415 5489 453 5533 tii
464 5488 561 5540 Mara.
573 5500 621 5546 sup.
635 5500 652 5535 ι,
663 5510 690 5525 -
700 5489 722 5535 2
734 5488 760 5535 ia
772 5491 869 5537 munia
880 5498 934 5537 urci.
946 5503 994 5548 par.
1009 5490 1066 5538 liis
1079 5492 1167 5540 naua.
1180 5504 1229 5550 cap.
1242 5505 1317 5539 uuirt.
