3942 6168
390 317 441 378 nn
460 317 534 379 nso
556 315 700 391 nuqua
720 315 1063 393 properassemus,
1085 316 1157 381 ua.
1180 316 1219 393 u,
1242 317 1326 380 aar.
1348 319 1387 379 ν.
1628 316 1685 377 ιιι

106 485 181 547 enim
208 487 253 544 est
279 488 396 562 ογίνηνον
426 481 519 543 unico
539 506 553 543 ν
573 482 733 562 scriptum,
763 499 864 561 neque
913 481 1122 544 accidentibus
1133 488 1179 545 est
1187 483 1358 545 substantia
1369 483 1494 564 proprie
1506 482 1596 559 dicta,
1608 484 1689 543 Deus

105 577 174 657 fingi
193 579 292 657 potest
308 575 394 635 notio
417 575 482 636 ulla
503 573 569 635 istis
589 574 726 654 subJ'ecta
748 575 865 636 νοσιιίίο
914 580 1020 637 autem
1037 575 1094 637 suh
1114 576 1200 636 nullo
1216 583 1262 637 est
1280 577 1416 653 illorum,
1436 576 1607 636 substantia
1624 592 1690 636 non

105 688 159 730 ase
170 685 239 738 esse,
266 686 361 748 ιροθιο
373 686 444 748 quse
465 674 585 747 ἀγινήτοο
610 669 740 729 nomine
754 685 866 747 reprae-
915 669 1038 749 proprie
1048 668 1170 730 dicitiu.
1183 670 1254 731 Jam
1263 686 1334 730 cum
1347 668 1495 730 infectum
1507 668 1546 730 de
1557 667 1610 728 illo
1620 685 1691 747 pro

105 765 239 824 senetur.
266 760 330 821 Hoc
354 779 429 821 sero
452 777 554 840 nespre
573 759 778 822 differentiam
801 776 865 821 esse
915 761 981 840 prie
1000 761 1130 837 dicatur,
1149 780 1213 823 non
1228 762 1313 823 enim
1328 761 1427 822 faetus
1446 767 1501 835 est,
1520 760 1691 821 substantia

11 884 73 926 m
106 861 218 930 οίοιοίνη,
246 871 347 933 neque
370 852 500 914 omnino
526 852 690 914 essentiam
714 853 866 931 attingere
915 871 989 914 vero
1007 854 1137 915 minime
1150 854 1269 916 dicatur
1275 874 1283 929 ;
1298 854 1428 932 quinam
1444 854 1502 914 erit
1517 853 1601 915 idem
1617 870 1689 932 pro-

11 938 63 981 m
106 945 153 1007 liei
172 944 334 1006 christiana
349 945 451 1006 omnis
476 945 587 1006 clamat
609 945 785 1024 antiquitas.
807 945 866 1006 Sed
916 945 1020 1025 prium
1039 965 1111 1007 cum
1129 964 1166 1006 θο
1183 947 1267 1026 qaod
1282 946 1431 1007 abusione
1450 946 1586 1006 nominis
1603 963 1691 1005 usm-

106 1037 221 1099 modum
227 1038 269 1098 ait
280 1056 347 1099 esse
360 1039 511 1099 duntaxat
523 1056 586 1117 quo
598 1040 679 1099 Deus
692 1044 748 1113 cst,
765 1042 797 1098 et
807 1039 867 1099 hoc
916 1038 1049 1118 petnrss'l
1064 1060 1079 1096 ν)
1097 1039 1194 1117 Igitur
1206 1057 1307 1118 neque
1324 1038 1387 1123 suh,
1398 1056 1512 1118 genere
1528 1044 1573 1098 est
1587 1037 1691 1117 aliquo

105 1147 194 1191 unam
205 1131 378 1211 exprimere
391 1129 508 1191 anullo
521 1136 556 1190 ut
564 1130 604 1190 sit
616 1129 713 1192 factus
722 1136 814 1210 atque
828 1149 867 1191 ex
917 1132 998 1193 Deus
1007 1136 1062 1193 aut
1078 1131 1189 1211 specie,
1200 1150 1259 1192 nec
1268 1131 1442 1192 differentia
1462 1131 1528 1209 ejus
1540 1137 1586 1191 est
1603 1138 1692 1192 οοοιοίν

106 1223 182 1283 omni
197 1223 367 1285 eternitate
384 1224 425 1284 sit
441 1223 533 1284 Deus.
549 1222 677 1297 Quodsi
693 1223 804 1284 modus
822 1228 868 1284 est
916 1232 977 1300 δης,
999 1242 1057 1284 ease
1071 1222 1108 1284 ab
1122 1243 1151 1286 ae
1169 1225 1232 1285 sive
1253 1233 1282 1286 το
1298 1233 1416 1304 ἀγένητον
1427 1240 1446 1300 ,·
1458 1224 1532 1303 quia
1546 1222 1602 1283 etsi
1618 1239 1690 1300 pro-

11 1334 74 1377 ιουι.
106 1321 195 1392 ciete,
221 1315 269 1376 sel
296 1321 333 1377 nt
363 1317 466 1377 Graece
496 1316 541 1375 illi
572 1316 679 1376 dicunt
707 1326 798 1396 τρόπος
823 1328 867 1391 τῆς
916 1316 983 1395 prie
999 1316 1037 1377 de
1053 1316 1106 1377 illo
1126 1316 1249 1392 dieitur,
1266 1321 1389 1376 nonest
1403 1320 1509 1375 tamen
1525 1314 1692 1375 subsistens
1790 1391 1792 1394 y

11 1388 88 1483 w
105 1414 232 1487 ννίρξοος,
253 1426 320 1469 non
346 1409 405 1470 erit
424 1416 497 1470 ον’νοίο
517 1426 618 1488 neque
639 1426 695 1489 par
722 1409 789 1487 ejus
814 1414 868 1468 aut
916 1408 1099 1487 aliquidaut
1119 1417 1212 1471 θεοοιον
1233 1405 1466 1488 siveoffirsoam
1485 1407 1538 1467 sed
1561 1424 1690 1485 negans,

11 1498 74 1537 ω’·
107 1499 273 1561 differentia.
917 1507 953 1562 ut
967 1508 998 1562 et
1009 1501 1081 1561 alibi
1099 1519 1181 1579 saepe
1198 1501 1330 1580 Cyrillns
1343 1501 1427 1560 idem
1444 1503 1691 1578 argumentatur,

139 1593 199 1653 Vll.
220 1593 309 1667 Quod
323 1599 547 1673 argumentum
562 1612 599 1655 eo
617 1593 797 1654 firmitatem
811 1594 867 1655 ha-
917 1594 1090 1674 praesertim
1108 1593 1142 1654 in
1154 1591 1276 1674 epistola
1295 1590 1435 1653 Parrhasii
1451 1607 1490 1652 τοι
1509 1592 1566 1651 suh
1583 1590 1690 1669 finem,

107 1684 151 1747 bet
168 1686 315 1765 majorem
328 1688 414 1767 quod
428 1688 575 1748 adversus
594 1686 782 1747 Asianorum
802 1705 867 1748 sec·
917 1686 973 1747 uhi
982 1687 1081 1747 Deum
1095 1686 1229 1747 ostendit
1240 1703 1341 1764 neque
1357 1684 1415 1745 sub
1427 1684 1491 1744 ullo
1503 1701 1567 1744 esse
1581 1701 1694 1762 genere

107 1781 163 1839 tam
176 1780 353 1841 universam
371 1780 512 1841 adhiberi
525 1780 602 1841 solet
621 1798 640 1839 a
658 1779 809 1855 Patribus,
833 1785 869 1839 ut
918 1780 991 1859 quia
1010 1797 1060 1840 res
1081 1796 1190 1840 omnes
1212 1777 1341 1853 excedit,
1366 1794 1468 1855 neque
1489 1776 1694 1837 differentiam

11 1905 75 1949 m,
107 1870 243 1933 liliuma
271 1873 364 1933 Patre
389 1890 454 1932 non
484 1879 557 1950 ον’νοίρ
590 1870 712 1933 differre
739 1871 867 1932 demon·
919 1888 1027 1953 capere
1050 1872 1137 1933 velut
1163 1875 1210 1932 est
1230 1878 1261 1932 το
1276 1877 1418 1949 ἀγέννητον.
1448 1870 1527 1929 Nam
1552 1867 1693 1929 substan·
1725 1889 1857 1945 ιοροοοιοον,

11 1994 90 2039 m
107 1969 199 2040 strant,
221 1964 274 2025 sed
310 1964 378 2044 ejus
408 1964 636 2025 modificatione
659 1983 695 2024 ac
714 1973 798 2043 τρόπῳ
819 1981 870 2044 pe·
918 1964 1075 2045 tiaeplane
1094 1970 1125 2025 et
1144 1968 1350 2024 consentanee
1369 1960 1565 2022 declarantur
1584 1978 1641 2039 per
1659 1978 1695 2022 ea

11 2050 64 2091 m
107 2055 181 2117 unde
203 2070 245 2133 τῆς
259 2065 359 2128 ον’νοίος.
387 2058 457 2117 lam
496 2056 624 2117 siillud
654 2056 867 2132 condedimus,
920 2075 989 2137 quse
1005 2062 1088 2133 sunt,
1107 2074 1172 2117 non
1190 2073 1246 2134 per
1265 2071 1302 2114 ea
1319 2071 1389 2131 quac
1411 2071 1476 2113 non
1494 2058 1577 2113 sunt.
1596 2052 1695 2113 Nemo

11 2197 76 2239 m
106 2166 154 2208 αα
173 2167 190 2208 υ
210 2148 288 2209 nullo
314 2149 522 2210 differentiam
544 2167 608 2211 esse
637 2147 805 2209 divinitatis
824 2154 868 2208 ot·
920 2150 1005 2210 enim
1034 2150 1146 2211 dixerit
1173 2146 1379 2209 differentiam
1400 2152 1507 2222 οίνοιώδη
1527 2146 1608 2225 ignis
1631 2162 1695 2206 esse
1738 2136 1849 2232 sm·

11 2250 66 2294 ma.
107 2242 309 2321 cauqetqrrasi
322 2247 443 2321 partem
457 2241 734 2315 essentiae,hocest
748 2257 871 2319 compo
919 2261 977 2302 ιιοο
1004 2239 1162 2323 frigidum.
1191 2240 1285 2319 Atqui
1309 2246 1338 2300 το
1354 2245 1486 2318 ἀγέννητον
1506 2237 1557 2297 vel
1577 2245 1695 2318 ἀγένητον
1731 2266 1857 2320 nmmum

108 2338 217 2395 uenum
237 2334 417 2409 essentiam,
440 2334 487 2393 uti
506 2333 587 2393 hanc
606 2331 780 2393 differentia
799 2348 871 2392 curn
920 2330 1481 2412 meraestnegatioi.Gregouusitcm
1488 2329 1697 2390 Nazianzenus
1720 2384 1766 2418 aon
1777 2320 1867 2427 ἔξω.

107 2443 205 2504 genem
224 2443 415 2506 componere
438 2426 567 2501 dicitur;
585 2424 660 2504 quid
681 2424 802 2484 obstare
815 2443 870 2504 po·
921 2426 1060 2488 cranone
1074 2442 1163 2486 xxxrv
1175 2430 1244 2485 tum
1256 2423 1388 2485 eamden
1403 2423 1556 2482 rationem
1571 2421 1695 2497 insistit,

107 2524 156 2579 teat
167 2538 224 2598 quo
238 2520 348 2581 minus
362 2536 427 2579 ease
437 2519 476 2579 ab
491 2518 552 2579 alio
566 2524 716 2597 tanquam
730 2518 871 2595 genitum
921 2519 1005 2598 quod
1014 2536 1079 2579 non
1089 2517 1257 2578 sitsatisad
1270 2516 1315 2577 rei
1327 2520 1472 2575 naturam
1484 2513 1697 2593 explicandam

11 2636 77 2677 οινυο
108 2616 186 2691 atque
207 2617 338 2688 natum,
366 2619 486 2687 ον’νοιιίνδης
519 2611 558 2671 sit
581 2610 648 2670 Filii
680 2609 870 2683 differentia,
921 2610 1033 2672 afferre
1050 2609 1264 2689 ‹pridillanon
1277 2606 1387 2667 sitnisi
1400 2606 1494 2666 etiam
1506 2604 1581 2682 qnid
1594 2604 1698 2665 sitad-

11 2688 76 2786 ἢ
107 2709 137 2763 nt
158 2705 205 2765 liic
235 2711 312 2782 οὐσίᾳ
343 2704 438 2764 etiam
466 2703 505 2763 sit
533 2721 553 2764 a
580 2704 669 2763 Patre
692 2701 872 2763 distinctus?
922 2699 1406 2780 datur,tumilludquodadrem
1415 2702 1554 2758 nostram
1563 2696 1697 2758 maxime

108 2796 278 2875 lielegantsu
293 2814 332 2857 ea
341 2796 584 2876 diligenterque
599 2794 732 2874 Cyrillus
746 2812 873 2873 praeser-
922 2796 1042 2869 attinet,
1062 2794 1145 2873 quod
1161 2795 1227 2853 istae
1244 2808 1437 2869 omnesque
1452 2789 1598 2849 dicuntia
1614 2787 1698 2850 diffe-

106 2890 226 2949 timtoto
239 2890 295 2949 illo
306 2890 404 2967 eapite
414 2907 450 2949 ac
462 2888 542 2948 libro
556 2886 700 2949 Thesauri
708 2886 872 2946 undecimo
922 2888 1031 2948 rentiae
1042 2886 1098 2947 Dei
1118 2904 1153 2946 ac
1172 2882 1384 2963 proprietates,
1396 2899 1461 2941 non
1482 2885 1555 2941 sunt
1574 2887 1698 2950 ουοιώοοις
1740 2913 1850 2957 amaa·

108 2981 395 3057 deraredisseruit,
407 2981 462 3041 uhi
472 2979 676 3059 interroganti
686 2978 871 3053 adversario,
923 2996 1024 3058 neque
1045 2980 1266 3056 componentes
1285 2973 1459 3047 essentiam,
1481 2973 1536 3033 sed
1557 2972 1617 3051 ipsi
1631 2972 1698 3049 jam
1761 2968 1834 3010 ΜΨ·

109 3073 222 3154 ingeniti
234 3091 355 3135 nomen
369 3073 534 3135 assandam
547 3091 588 3134 an
602 3071 742 3133 accidens
755 3069 873 3149 signifi·
923 3071 1095 3132 constitutae
1106 3065 1344 3144 subsistentique
1354 3063 1525 3124 accidunt0.
1541 3063 1699 3123 Damasce-

109 3173 157 3243 θοι,
182 3186 280 3247 neque
307 3167 473 3228 essentiam
496 3183 562 3227 esse
584 3164 751 3244 respondet
771 3180 874 3241 neque
923 3162 1001 3225 nus²
1025 3169 1191 3242 quoquest
1206 3154 1696 3239 extraneoqcumaitnegatiosola,
1730 3174 1861 3228 ιοοονιιοον.

108 3260 231 3320 accidens
245 3276 285 3320 ex
301 3274 378 3335 sese,
394 3259 449 3320 sed
461 3257 627 3321 accidentis
641 3256 734 3317 modo
753 3274 773 3315 a
785 3255 875 3316 nobis
924 3255 1130 3317 differentiam
1146 3250 1296 3332 appellari
1312 3248 1367 3310 Dei
1387 3265 1453 3307 uon
1472 3247 1598 3327 patitur.
1621 3246 1699 3307 Vide

109 3348 236 3431 intelligi.
255 3351 416 3413 «Frustra
430 3352 538 3430 igitur,
554 3350 597 3411 ait
611 3348 734 3423 deinde,
750 3353 875 3409 conten·
924 3350 1077 3411 loannem
1091 3343 1331 3425 Cyparissiotum
1348 3339 1462 3401 decade
1477 3355 1506 3414 ιι,
1522 3339 1620 3419 eapite
1631 3354 1697 3415 un,

109 3443 181 3518 ditis,
195 3445 282 3505 nullo
298 3444 392 3504 modo
407 3443 527 3523 aliquid
540 3441 677 3504 accidere
690 3443 753 3502 Deo
768 3457 869 3520 posse,
925 3440 979 3501 ubi
985 3438 1112 3500 Maximi
1120 3436 1270 3517 quasdam
1280 3434 1318 3494 de
1328 3451 1365 3494 ea
1374 3449 1409 3493 re
1417 3432 1584 3493 sententias
1593 3430 1697 3492 refert.

111 3552 173 3595 cum
191 3538 291 3597 mults
313 3537 348 3596 in
369 3536 503 3598 essentia
521 3536 588 3615 ejus
601 3535 690 3613 quasi
703 3533 874 3594 accidentia
965 3532 1113 3611 Euagrius
1128 3528 1299 3590 monachus
1315 3525 1399 3605 apud
1413 3525 1582 3598 Socratem,
1600 3524 1699 3585 Deum

109 3645 164 3688 csse
180 3630 453 3708 conspiciantur.»
484 3629 566 3706 Ergo
595 3626 770 3705 ingenitum
797 3642 873 3700 esse,
925 3644 991 3686 non
1004 3638 1092 3704 posse
1109 3621 1288 3683 defiuitione
1303 3614 1646 3697 comprehcndiprobat
1661 3632 1700 3676 ex

109 3720 181 3798 quod
193 3738 256 3782 esse
269 3721 350 3782 dixit
362 3739 429 3781 non
437 3720 553 3781 factum
567 3724 650 3780 etex
667 3723 783 3779 aeterno
797 3734 874 3795 esse,
926 3737 963 3779 eo
977 3740 992 3774 ο
1004 3716 1088 3797 quod
1099 3714 1230 3793 simplex
1239 3712 1289 3788 sit,
1300 3714 1484 3790 queautem
1495 3708 1697 3783 definiuntur,

11 3826 77 3892 usa
109 3831 164 3873 non
188 3820 339 3893 tanquam
359 3820 481 3889 οίνοιώνης
501 3811 690 3887 differentia,
717 3809 771 3871 sed
793 3811 877 3871 velut
926 3809 1096 3889 composita
1108 3807 1179 3867 sint.
1194 3827 1209 3863 ο
1224 3805 1268 3865 Ac
1278 3820 1386 3864 rursus
1395 3819 1434 3861 ex
1445 3799 1556 3862 eodem
1568 3800 1699 3878 Evagrio

17 3878 63 3926 ω’·
109 3906 235 3967 accidens
258 3905 388 3968 anobis
409 3905 602 3984 intelligitur,
627 3910 664 3964 ut
686 3901 799 3982 Cyrillo
820 3922 877 3965 nec
925 3902 984 3963 ista
995 3900 1089 3962 refers
1104 3919 1111 3960 z
1129 3920 1144 3955 (ι
1159 3897 1266 3959 Omnis
1277 3893 1445 3975 propositio
1458 3892 1509 3952 vel
1519 3908 1619 3970 genus
1629 3909 1700 3952 con-

109 3999 201 4059 minus
212 3999 341 4079 reliquia
355 4016 433 4076 quos
447 3997 512 4059 dixi
525 3998 635 4077 placet.
926 3995 1005 4054 tinet
1020 3992 1104 4072 quod
1119 3989 1314 4070 predicatur,
1330 3986 1380 4047 vel
1392 3985 1536 4065 speciem,
1552 3984 1603 4045 vel
1614 3983 1700 4044 diffe

143 4092 274 4153 Sicidem
281 4091 454 4171 cyrillusin
463 4091 555 4150 tertio
566 4086 799 4151 Τίιθνοιινονοιιο1
808 4106 877 4167 pro-
926 4083 1132 4161 rentiam,ch
1145 4079 1378 4161 proprium,vel
1391 4076 1602 4152 accidens,vel
1616 4076 1700 4155 quod

11 4196 77 4265 ιιιον.
108 4179 154 4243 bat
164 4185 260 4247 Deum
270 4183 472 4266 proprienon
482 4200 547 4243 esse
558 4188 656 4257 ουσίαν,
668 4181 742 4261 quia
755 4198 820 4239 non
832 4185 878 4241 est
927 4196 966 4239 ex
976 4178 1013 4238 iis
1029 4174 1235 4254 componitur.
1254 4170 1348 4250 Atqm
1363 4169 1443 4230 nihil
1457 4169 1492 4229 in
1510 4172 1615 4229 sanata
1630 4166 1698 4228 Tri-

11 4254 61 4299 *
109 4275 159 4335 sub
169 4294 281 4356 genere
293 4282 348 4338 aut
363 4276 473 4356 specie.
489 4296 505 4333 ιι
517 4275 597 4335 Nam
607 4274 632 4334 si
645 4290 750 4356 omne,
761 4271 875 4349 inquit,
926 4271 1022 4330 nitate
1034 4266 1185 4346 ejusmodi
1193 4269 1293 4345 potest
1301 4259 1455 4341 accipit.»

108 4366 176 4429 illud
193 4371 277 4449 quod
291 4375 339 4431 est
356 4369 415 4429 sub
433 4385 548 4446 gauere
568 4385 604 4427 aa
622 4365 722 4445 specie
743 4363 877 4443 exceptis
966 4360 1147 4422 Theodorus
1187 4357 1328 4419 Αίνιιοαοο
1365 4352 1513 4435 opusculo
1550 4349 1696 4418 meando.

141 4594 159 4635 ο
176 4583 267 4637 Grais.
290 4580 320 4634 Εί
330 4581 380 4634 σοῖν
392 4578 422 4632 τὸ
434 4578 482 4632 dub
493 4578 581 4651 γένος,
592 4576 634 4630 καί
647 4571 723 4641 εἶδος,
734 4576 812 4650 χωρίς
824 4582 874 4629 τῶν
924 4573 970 4647 ἄρ’
982 4571 1017 4628 ὧν
1030 4572 1075 4629 οὖν
1087 4572 1158 4637 εἰσίν,
1172 4570 1233 4625 ἀλλ’
1245 4569 1269 4633 ἐξ
1281 4564 1316 4624 ὧν
1330 4564 1391 4623 aaa
1402 4566 1567 4623 πιστεύονται.

111 4664 298 4735 ωρῦιὸηιότων,
307 4665 383 4716 τοῦτο
395 4658 467 4715 ουσία
484 4661 589 4732 κυρίως,
603 4659 650 4713 ὕπ’
662 4659 732 4712 οὐδὲν
744 4658 771 4712 δὲ
782 4659 874 4713 τούτων
960 4673 975 4713 e
994 4658 1105 4713 strsrt.
1129 4663 1199 4712 orat.
1220 4655 1264 4710 34.
1288 4668 1314 4723 p.
1334 4653 1397 4708 tta.
1421 4650 1494 4704 Ἀλλ’
1505 4648 1527 4704 τί
1546 4650 1696 4723 ἀσώματον,

111 4743 156 4799 ἐστὶ
165 4748 232 4812 θεὸς,
246 4746 291 4799 οὖν
308 4746 357 4817 ἄρα
369 4745 442 4797 οὐσία
457 4745 545 4815 κυρίως
563 4743 661 4815 λέγεται
679 4744 741 4804 θεός·
763 4741 784 4796 εἷ
801 4741 827 4795 δὲ
846 4742 875 4795 τὸ
925 4739 981 4794 otte
992 4745 1066 4795 τοῦτο
1078 4743 1122 4806 τῆς
1134 4737 1217 4799 οὖσίας
1228 4736 1409 4809 παραστατιιιόν
1421 4754 1466 4799 τε,
1478 4732 1696 4807 catraperseta,

112 4826 232 4899 ἆγίννητον
251 4830 339 4903 κυρίως
357 4829 456 4901 λέγεται
475 4825 518 4880 ίπ’
537 4825 622 4880 αὺτοῦ·
643 4825 671 4880 οὔ
698 4825 745 4898 γὰρ
763 4827 873 4898 γέγονεν·
925 4825 1008 4896 ὥσπερ
1021 4821 1272 4893 οὔδὶτίιάρέννητον·
1293 4819 1334 4871 καὶ
1347 4818 1376 4871 τὸ
1389 4817 1567 4891 ἅναρχον,ιιαί
1579 4817 1608 4871 τὸ
1620 4814 1696 4868 duel·

113 4909 184 4965 aaa
194 4912 219 4966 tl
230 4913 297 4980 sali,
318 4911 408 4976 odeis,
422 4917 476 4973 πῶς
494 4909 583 4964 tutata
596 4912 623 4963 ἂν
638 4907 675 4976 είη
688 4915 723 4981 τῷ
735 4927 875 4983 καταχρησ-
925 4906 1041 4968 λοίωτον,
1053 4905 1094 4957 καὶ
1107 4904 1136 4957 τί)
1148 4904 1279 4975 ἄφθαρτον,
1292 4901 1333 4954 καί
1346 4902 1392 4954 ὅσα
1403 4901 1458 4973 περὶ
1470 4901 1536 4964 θεοῦ,
1548 4901 1564 4966 ἢ
1576 4899 1631 4970 περὶ
1642 4898 1696 4951 θεον

112 4999 166 5065 tuq
177 4995 205 5048 tl>
217 4995 315 5066 κύρτου
927 4984 989 5042 εἶναι
1000 4987 1108 5059 λέγεται·
1122 4987 1146 5040 τί
1158 4985 1206 5059 γὰρ
1218 4986 1270 5039 ὄντι
1282 4984 1349 5055 αὗτῷ
1367 4983 1431 5037 κατὰ
1442 4982 1487 5050 τὴν
1500 4982 1586 5054 φύσιν,
1599 4980 1640 5034 καί
1651 4981 1696 5049 τὴν

145 5075 216 5133 bid.
228 5093 269 5133 or.
282 5074 387 5132 Patale.
408 5076 454 5133 42.
474 5093 500 5147 p.
520 5074 584 5130 476.
601 5068 664 5128 Εἶτα
682 5075 706 5126 τί
724 5075 784 5145 πρὸς
802 5075 875 5127 τοῦτο
925 5071 1058 5125 ὑπόστασιν
1079 5069 1200 5142 ὑπάρχει,
1212 5069 1242 5122 τὸ
1263 5066 1295 5139 μὴ
1316 5065 1395 5138 ἀρχὴν
1414 5065 1496 5137 ἔχειν,
1518 5070 1571 5121 etc.
1587 5062 1697 5119 λείπεται

113 5176 195 5227 pacis,
213 5160 262 5214 ίυιτδ
279 5162 352 5214 ποῖον
373 5157 440 5212 ἔσται
455 5160 527 5230 γίνσς
545 5157 560 5211 ὁ
577 5156 637 5228 ὑπὲρ
656 5157 754 5210 πάντων
772 5157 840 5222 θεόςς
860 5157 875 5222 ἢ
926 5152 1133 5225 προσριλοσορεῖν
1145 5170 1172 5205 τε
1183 5148 1224 5204 καί
1236 5147 1430 5222 προσεξετάίειν.

113 5242 180 5295 aclas
195 5240 257 5315 παρ’
275 5241 367 5296 &sivos
387 5238 522 5303 ἐπιδέξαιτο
540 5240 585 5307 τὴν
605 5239 738 5311 διαροράνς
757 5239 839 5300 ἄλλως
851 5257 876 5292 τι
961 5235 983 5291 d
998 5236 1110 5292 Secula.
1123 5233 1171 5289 lib.
1184 5234 1230 5289 lll.
1244 5247 1358 5303 capua
1372 5229 1508 5303 Ὁρίζεσθαι
1519 5229 1546 5285 δὲ
1557 5231 1591 5293 ὡς
1602 5228 1697 5284 ἁπλοῦν

116 5331 193 5394 τορῶς
202 5344 239 5389 τε,
251 5326 291 5379 καί
303 5324 443 5385 ἀκολούθως
461 5322 486 5376 si
505 5320 586 5377 οὐσίαι
597 5322 821 5395 αατασρραίνονται
834 5319 878 5374 oda
927 5319 956 5373 το
967 5320 1032 5373 θεῖον
1044 5319 1124 5386 πάντη
1141 5315 1295 5388 ἀπαγορεύει·
1313 5312 1423 5386 τῶνγὰρ
1435 5314 1554 5369 συνθέτων
1568 5308 1630 5368 τίναι
1641 5314 1698 5373 τους

141 5517 151 5557 t
163 5517 211 5573 Peg.
223 5518 257 5562 18.
265 5520 311 5564 -2
322 5519 371 5562 lib.
383 5517 402 5560 i.
415 5528 463 5573 cap.
477 5527 505 5559 ιν.
