3956 6168
274 356 333 418 cos
529 300 533 307 ’
779 340 1106 407 rnnonoorconuu
1129 336 1359 403 νοοιιιινιιιι.

272 516 443 598 etspeciea
464 512 637 574 turmarum
650 515 682 571 et
699 506 884 589 qualitatum
907 508 1044 588 nngala-
1096 520 1242 583 magnam
1264 508 1295 564 et
1317 496 1532 583 perdifficilem
1554 499 1788 562 alterationem
1804 512 1863 560 esso

272 611 355 674 rium
369 627 425 689 pro
443 604 603 667 abstractis
620 603 681 663 illis
695 601 804 663 formis
824 602 952 683 accepit,
968 616 1045 680 quus
1095 597 1213 672 scribit,
1232 614 1303 656 can
1317 595 1420 674 reipsa
1434 594 1614 669 consistant,
1624 591 1709 653 unin
1724 590 1799 652 solis
1810 609 1864 652 nu·

106 722 248 778 ισσσσιισσν
272 701 399 784 praefixo
412 697 562 760 vocabulo
576 702 636 758 atat
649 694 823 755 nominavit
835 697 1044 770 αὐτοαγαθοτσσσ,
1095 689 1204 769 disque
1219 686 1458 766 cogitationibus
1471 685 1573 766 posita
1588 686 1661 761 sint,
1675 691 1746 744 urm
1763 689 1865 745 utram

110 777 239 927 ‚capa
273 793 484 940 tituil
503 794 534 850 “t
554 781 1047 941 ttifflctltttbiitti
1094 774 1866 934 {retransmeant

200 914 205 926 ·
441 896 525 942 rmus
617 899 638 939 u
715 896 734 938 a
905 919 912 951 ‚
1142 892 1164 934 u
1282 890 1375 952 epure
1436 891 1495 947 m,

123 1009 141 1051 Β
217 1038 222 1048 ,
273 970 448 1032 Deumilles
460 900 681 1044 tragoedum
694 974 953 1041 amensamens
966 982 1043 1041 esse,
1095 965 1175 1026 eirca
1197 983 1234 1025 ea
1256 964 1435 1026 subsistunt.
1456 982 1471 1021 ν
1490 964 1564 1038 Quae
1583 962 1692 1024 omnia
1708 982 1724 1020 o
1742 965 1864 1041 pruriet·-

107 1062 241 1105 emam.
272 1069 328 1124 aut
346 1062 439 1141 hujus
462 1060 584 1141 generis
607 1061 678 1139 alia,
693 1078 758 1124 nou
780 1064 852 1121 sunt
873 1057 997 1138 proprie
1015 1060 1046 1118 et
1095 1056 1399 1131 missurumsedicit‚
1406 1057 1490 1135 quod
1498 1070 1607 1117 eorum
1615 1051 1866 1114 uccuuoohsar-

273 1162 379 1216 exacta
398 1152 621 1233 significatione
642 1153 801 1234 capienda,
817 1151 863 1211 uti
881 1149 1046 1210 Pulumites
1094 1142 1861 1228 rissimasitetmajoriinquisitioncopushubeat‘s

272 1248 422 1327 greculos
433 1248 538 1307 fecisse
551 1245 653 1322 doctri,
669 1246 753 1306 unde
770 1241 998 1304 inextricabiles
1011 1242 1045 1301 in
1095 1243 1138 1302 lle
1152 1240 1318 1321 generibus
1338 1242 1436 1321 igitur
1449 1258 1485 1302 uc
1498 1241 1607 1302 formis
1620 1237 1800 1300 dubitatum
1812 1244 1863 1311 est,

273 1358 392 1401 errores
410 1345 441 1401 et
461 1338 644 1418 opinionum
665 1341 808 1417 portenta
821 1332 938 1415 delapsi
959 1338 1042 1409 sunt,
1094 1351 1135 1393 un
1149 1352 1185 1395 ea
1200 1350 1256 1415 per
1273 1351 1305 1395 se
1320 1339 1351 1394 et
1365 1334 1405 1394 ab
1419 1328 1710 1395 individuisavnlsa
1722 1330 1864 1392 conduc·

273 1439 423 1512 tanquam
441 1450 490 1492 res
507 1429 619 1510 aliquas
635 1430 742 1491 sintet
755 1426 946 1502 substantia,
962 1431 1045 1486 certe
1094 1432 1175 1504 rent,
1195 1428 1280 1506 quod
1302 1426 1357 1506 qni
1381 1424 1588 1501 affirmabant,
1609 1423 1700 1485 credo
1723 1441 1777 1484 eos
1796 1421 1866 1484 tales

273 1525 374 1605 reipsa
383 1522 581 1585 subsistentes
599 1526 631 1582 et
648 1526 802 1583 exstantes
815 1519 854 1580 ab
874 1522 991 1579 nterim
1011 1517 1045 1577 in
1094 1520 1267 1581 Platonicus
1280 1518 1395 1580 formas
1408 1524 1439 1580 ct
1452 1518 1538 1579 ideas
1551 1516 1759 1578 constituisse.
1770 1516 1864 1593 Atque

274 1618 336 1678 lieo
347 1623 377 1678 ct
385 1616 425 1676 ab
433 1617 501 1695 ipso
509 1614 672 1689 distinctae,
684 1612 859 1693 cujusmodi
868 1614 1045 1671 commenta
1094 1612 1169 1673 hinc
1200 1611 1496 1687 animadvertimus,
1530 1608 1736 1689 questionem
1778 1607 1864 1667 istum

273 1709 306 1769 in
320 1708 446 1770 illorum
462 1707 555 1767 tomis
569 1706 724 1785 synodicis
738 1704 842 1785 videre
861 1703 934 1763 licet
951 1720 1045 1780 supra
1094 1704 1179 1765 haud
1192 1705 1280 1784 parvi
1298 1703 1450 1764 momenti
1464 1702 1605 1763 habitam
1626 1700 1710 1780 apud
1724 1699 1864 1779 antiquoe

274 1802 403 1862 modum
416 1814 541 1860 omnem
554 1798 686 1861 humani
699 1796 812 1859 erroris
825 1794 968 1857 absurda.
985 1794 1045 1855 Sed
1094 1796 1305 1876 philosophos,
1326 1812 1384 1857 nec
1402 1800 1520 1857 temere
1541 1792 1726 1874 Dionysium
1746 1791 1864 1852 easdem

116 1919 234 1979 νισσσισ.
271 1901 470 1966 καταχρηστικῶς
492 1897 523 1952 et
544 1889 655 1950 laxiori
678 1889 805 1950 notione
825 1906 915 1949 voces
934 1886 1047 1946 intelli·
1094 1889 1287 1950 illasformas
1297 1892 1496 1970 persecutum
1506 1885 1718 1962 esmometst
1726 1883 1864 1946 nonillas

127 1972 223 2015 curma
273 1980 382 2057 gendos
391 1981 457 2042 istus
469 1980 893 2062 sunt.Nimirumquialleus
906 1996 945 2040 ex
958 1979 1045 2039 omni
1094 1980 1204 2042 itidem
1218 1987 1253 2042 ut
1265 1981 1317 2043 isti
1336 1987 1491 2062 separatas
1505 1977 1695 2041 substantias
1712 1995 1749 2038 uc
1769 1992 1863 2056 perse
1971 2020 1972 2027 ι

274 2074 445 2135 eternitate
454 2092 504 2135 ros
517 2076 676 2136 creatasin
689 2079 795 2135 mente
809 2072 1046 2151 stradesignavit
1094 2073 1284 2135 coherentes
1305 2074 1468 2135 invexerit.
1494 2073 1555 2135 Sed
1578 2089 1615 2132 co
1643 2070 1738 2131 modo
1766 2068 1864 2149 potius
1971 2108 1972 2119 ι

273 2161 468 2246 decrevitque
496 2168 627 2228 condere
654 2173 723 2229 tum
749 2165 947 2239 substantias,
975 2169 1045 2224 tum
1094 2182 1189 2244 quem
1206 2166 1409 2246 qmlitissimus
1425 2171 1457 2226 et
1475 2163 1704 2226 eruditissimus
1717 2150 1864 2240 interpret

274 2272 382 2318 eurum
404 2259 567 2337 qtralitates
589 2259 821 2338 occidentesque
843 2257 969 2331 formas,
988 2256 1045 2316 has
1093 2258 1278 2319 Amm0nius
1291 2258 1425 2319 ostendit
1438 2258 1473 2318 in
1487 2254 1711 2318 commentario
1725 2252 1767 2314 ad
1780 2253 1863 2313 illum

274 2364 382 2409 omnes
395 2351 481 2429 prius
496 2352 640 2412 universe
653 2368 689 2411 ac
702 2351 874 2412 secuudum
887 2347 1044 2428 propriam
1095 2350 1260 2431 Porphyrii
1282 2350 1397 2427 locum,
1420 2350 1476 2410 ubi
1496 2348 1581 2409 viam
1600 2347 1692 2408 nobis
1709 2345 1810 2426 aperit
1828 2344 1863 2405 ad

274 2440 424 2521 cujusque
451 2447 597 2503 naturam
619 2442 849 2522 quodammodo
874 2439 1046 2520 propositas
1095 2442 1236 2522 llionysii
1249 2442 1436 2504 sententiam
1452 2439 1667 2521 explicandam
1684 2437 1769 2499 etub
1782 2436 1863 2497 omni

274 2532 394 2595 habuit.
411 2535 453 2594 Ut
472 2535 498 2595 si
512 2535 716 2595 architectum
734 2534 818 2595 dieas
830 2537 903 2593 ante
916 2532 1046 2592 domum
1094 2535 1169 2597 faece
1181 2534 1414 2615 repurgandum
1429 2532 1597 2595 commenti
1613 2530 1775 2592 Platonici.
1791 2530 1863 2589 Nam

274 2625 419 2687 universe
433 2626 616 2705 infinitaque
626 2626 810 2688 deliberasse
823 2624 935 2701 iacere,
951 2642 1046 2703 quam
1095 2629 1248 2689 rationem
1264 2627 1380 2688 indicat
1394 2642 1457 2706 qua
1470 2624 1661 2687 universales
1674 2622 1737 2683 ille
1750 2626 1862 2682 nature

274 2718 355 2779 banc
366 2718 511 2780 velillum
524 2720 703 2781 destinaret.
716 2719 762 2778 lta
776 2719 858 2779 Ileus
870 2717 1043 2793 hominem,
1095 2721 1172 2782 ideae
1187 2738 1252 2781 esse
1265 2727 1395 2800 possum
1408 2725 1439 2779 et
1452 2724 1589 2793 eterne,
1604 2730 1663 2776 nec
1674 2720 1782 2775 umen
1795 2711 1861 2773 sub

274 2809 364 2871 idest
377 2818 522 2873 naturam
535 2812 683 2886 hominis,
699 2816 768 2871 tum
781 2811 911 2871 virtuoes
925 2827 1043 2887 omncs,
1095 2813 1236 2875 sistentes
1249 2818 1281 2872 et
1300 2831 1319 2872 a
1332 2813 1395 2873 Deo
1409 2811 1573 2872 ffisbnmae
1592 2808 1681 2882 Quod
1697 2807 1758 2867 hoc
1770 2821 1863 2866 exem·

274 2903 457 2981 bonitatem,
473 2904 657 2984 sapientium
677 2922 712 2963 uc
732 2900 868 2982 reliquus
888 2903 923 2963 in
939 2920 1047 2964 rerum
1095 2906 1147 2984 plo
1161 2906 1305 2967 declarat.
1322 2904 1500 2983 Cogitemus
1516 2901 1672 2962 annulum
1685 2916 1750 2960 esse
1769 2897 1862 2976 effigie

274 2994 1047 3076 naturuponereconstituit‚eteusiumentevelut
1095 2998 1199 3077 aliqua
1208 2998 1376 3077 signatum,
1384 2993 1771 3072 veluthchilliajunteque
1780 2990 1861 3050 illum

274 3089 358 3150 ideas
371 3094 402 3150 et
418 3089 533 3151 formas
545 3089 667 3163 habuit,
683 3106 753 3167 quae
768 3087 883 3148 divinas
905 3089 1046 3148 essentie
1096 3108 1180 3151 ceras
1195 3089 1369 3169 complures
1382 3088 1496 3167 quibus
1509 3086 1619 3148 eudem
1634 3084 1735 3164 ligura
1752 3081 1860 3143 annulo

274 3201 337 3241 succ
350 3182 603 3262 participationes
616 3181 760 3260 quaedam
773 3180 885 3254 forent,
901 3181 1048 3259 quemad·
1096 3183 1156 3243 isto
1170 3183 1210 3243 sit
1223 3182 1373 3262 impressa
1390 3200 1397 3240 :
1413 3186 1482 3241 tum
1495 3180 1651 3257 ingressus
1669 3175 1820 3256 quispiam
1830 3190 1861 3233 ac

275 3274 403 3334 modurn
422 3275 460 3335 de
476 3274 625 3336 arrectaria
642 3273 780 3352 theologi
799 3272 898 3333 nostri
917 3291 1045 3334 consue·
1096 3292 1181 3335 aeras
1194 3274 1419 3354 contemplatus
1431 3271 1510 3346 illas,
1526 3269 1682 3347 intelligat
1699 3285 1750 3328 eas
1763 3282 1861 3327 omnes

274 3372 387 3426 verunt
409 3367 507 3445 loqui.
528 3369 623 3427 Porro
642 3366 689 3425 uti
709 3367 789 3425 Deus
809 3382 881 3426 cum
899 3364 1046 3426 humanus
1097 3383 1160 3428 una
1173 3367 1274 3427 forma
1287 3365 1463 3443 obsignatas
1476 3378 1553 3437 esse,
1568 3378 1665 3440 quum
1682 3361 1812 3439 liguram
1830 3358 1859 3416 in

274 3464 395 3519 naturae
418 3458 581 3519 individua
604 3458 706 3537 reipsa
729 3462 760 3517 et
780 3465 859 3531 actu,
886 3463 922 3516 ut
945 3457 1047 3517 dicere
1096 3458 1202 3521 animo
1221 3476 1277 3519 suo
1290 3458 1433 3519 retincat.
1449 3457 1531 3517 Sane
1550 3454 1653 3533 figura
1670 3470 1741 3532 quse
1759 3452 1793 3511 in
1808 3468 1858 3510 an-

275 3550 385 3626 solent,
396 3556 549 3630 procreat,
560 3549 695 3631 speciem
708 3549 845 3609 hominis
859 3549 960 3629 ipsam
973 3567 1045 3629 pro-
1096 3553 1172 3613 nulo
1189 3556 1245 3627 est,
1260 3555 1332 3611 ante
1346 3549 1446 3609 murita
1459 3564 1526 3609 esse
1539 3545 1664 3620 diuitem
1679 3562 1750 3623 quae
1764 3546 1859 3603 autem
1970 3558 1971 3573 ¹

275 3641 1047 3731 creatamqueincxsmutibussingulishomlnibus
1097 3645 1130 3705 in
1144 3645 1288 3719 ecthesi,
1300 3642 1335 3702 in
1349 3639 1466 3701 multis.
1483 3640 1524 3699 At
1536 3637 1592 3698 llla
1604 3650 1702 3716 quam
1715 3635 1749 3695 in
1766 3638 1859 3695 mento
1970 3630 1971 3667 l

275 3736 460 3797 exeuntium
473 3735 588 3797 habere
602 3734 785 3808 dicitur3ita
794 3734 1047 3813 quandoquidem
1096 3736 1227 3797 retinuit
1245 3734 1301 3813 qui
1322 3733 1382 3793 huc
1401 3731 1490 3792 norit
1512 3734 1543 3791 et
1565 3728 1673 3790 animo
1696 3724 1857 3805 insculpsit,

275 3828 314 3888 ab
328 3835 444 3890 eterno
463 3846 514 3889 rea
531 3846 640 3889 omnes
654 3827 688 3887 in
707 3844 762 3886 sua
781 3826 953 3886 aeternitate
973 3844 1046 3905 pro·
1096 3834 1165 3909 post
1174 3822 1670 3904 multaesseacpusteriordicitur.
1683 3820 1858 3895 oldamcrgu

274 3921 398 3982 duxisse
412 3926 442 3981 et
450 3928 618 4001 presentes
630 3919 775 3980 habuisse
788 3938 807 3977 a
821 3918 975 3998 plerisque
990 3921 1045 3979 Pa·
1096 3922 1135 3981 de
1148 3917 1315 3999 generibus
1331 3936 1366 3978 ac
1378 3915 1486 3978 formis
1499 3912 1687 3993 cogitatione
1701 3915 1804 3972 nosue
1815 3910 1858 3968 de·

274 4014 374 4074 tribus
381 4032 416 4075 uc
422 4014 576 4093 theologis
582 4011 706 4088 dicitur,
716 4017 751 4072 ut
761 4012 1048 4089 supradcmonstra-
1097 4012 1273 4092 pingamus.
1284 4010 1365 4071 Num
1377 4007 1481 4088 opifex
1497 4005 1644 4067 universa
1658 4003 1789 4065 moliens
1797 4018 1856 4062 om·

274 4105 386 4183 vimus,
402 4109 552 4185 quoniam
565 4105 638 4187 fecit
652 4122 719 4186 quea
736 4103 844 4184 sctzcrc
861 4110 930 4163 suut
944 4122 956 4164 .·
976 4102 1046 4164 ideo
1095 4105 1186 4166 nium
1209 4103 1293 4182 apud
1306 4118 1339 4161 se
1358 4100 1453 4161 habet
1465 4097 1667 4177 exemplaria.
1689 4097 1735 4156 lta
1756 4093 1857 4155 hcieus

273 4198 388 4260 formes
409 4198 477 4260 illas
500 4197 659 4280 generales
686 4201 717 4256 et
744 4200 872 4256 naturas
899 4212 955 4274 per
981 4212 1047 4257 sese
1096 4197 1268 4269 hominem,
1278 4192 1413 4254 formam
1425 4191 1510 4270 apud
1522 4208 1556 4251 se
1569 4188 1709 4250 hominis
1721 4183 1857 4261 turbetis

274 4294 424 4370 spectatas
446 4290 640 4360 διαστήσασθαι,
659 4289 719 4348 hoc
741 4292 797 4359 cst,
815 4285 992 4367 produxisse
1011 4306 1048 4348 ac
1097 4306 1191 4368 qtram
1205 4287 1332 4347 intuens
1346 4284 1451 4346 condit
1463 4278 1637 4343 omasi.»

273 4381 454 4444 sebastenes
466 4379 567 4462 fecisse
576 4379 745 4459 Dionysius
757 4379 873 4458 aliique
887 4379 1045 4457 dixeram,
1138 4380 1231 4441 xvtl.
1248 4376 1337 4452 Quod
1346 4394 1382 4437 eo
1392 4378 1576 4455 argumento
1586 4372 1711 4453 probat,
1722 4368 1856 4451 quoniam

274 4475 361 4536 nullo
374 4492 503 4554 prorsus
508 4471 644 4551 flagitio,
662 4470 715 4532 sed
733 4470 838 4531 minus
858 4473 995 4552 propria,
1011 4477 1047 4532 ut
1096 4474 1178 4534 Deus
1192 4488 1259 4531 non
1277 4468 1420 4530 similiter
1437 4485 1474 4528 ac
1486 4471 1599 4527 nutura
1613 4465 1680 4525 sine
1695 4460 1855 4541 cognitione

270 4567 338 4644 jam
352 4566 455 4641 docui,
470 4563 612 4625 vocabuli
626 4562 765 4624 notione.
1097 4564 1172 4643 agit,
1188 4562 1241 4624 sed
1250 4560 1372 4622 ratione
1381 4563 1412 4620 st
1421 4556 1629 4636 intelligentia
1638 4552 1855 4630 utihnadopul

314 4659 394 4718 XVl.
417 4659 517 4735 Atque
535 4657 593 4717 hoe
608 4655 773 4736 Porphyrii
791 4660 823 4715 ct
843 4654 1003 4716 Ammonii
1017 4662 1048 4717 et
1096 4654 1331 4736 perficiendum,
1343 4648 1608 4731 qviemudmodum
1617 4646 1751 4708 artifices
1758 4642 1854 4705 solent

274 4750 409 4811 aliorum
431 4748 617 4809 testimoniis
644 4749 799 4808 illustrare
823 4752 854 4807 et
876 4749 1048 4827 approbare
1098 4750 1180 4808 Inest
1202 4746 1299 4825 igitur
1314 4745 1349 4805 in
1370 4744 1433 4805 neo
1450 4741 1567 4821 species
1585 4746 1617 4801 et
1630 4738 1733 4799 forma
1752 4735 1796 4797 rei
1811 4751 1854 4794 cu·

274 4842 357 4904 licet.
380 4840 569 4921 Porphyrius
590 4840 675 4901 enim
698 4839 733 4899 in
752 4839 904 4919 prooemio
917 4838 1047 4900 instita·
1094 4839 1223 4919 juslibet
1251 4854 1347 4917 quam
1373 4839 1525 4917 procreat.
1553 4854 1569 4891 ιι
1597 4833 1682 4893 lnest
1703 4836 1804 4892 autem
1826 4842 1854 4884 tt

276 4935 365 4995 tionis
375 4932 411 4995 de
426 4931 585 4996 Generibao
598 4940 626 4992 et
641 4930 749 5011 fonnis
766 4928 821 5012 (eas
834 4937 907 4991 sunl
921 4929 1046 5011 species)
1097 4933 1198 4992 forma
1219 4931 1255 4991 in
1273 4927 1382 5009 opifice
1404 4927 1448 4988 sic
1467 4931 1618 5005 tunquam
1634 4922 1752 5001 effigies
1764 4921 1796 4981 in
1807 4932 1853 4978 all·

310 5126 331 5165 a
349 5109 487 5164 Pourlttlt.
507 5106 596 5161 Λύτίκα
609 5108 664 5178 περὶ
674 5112 753 5178 γενῶν
765 5124 802 5171 τε,
816 5104 857 5159 καὶ
867 5105 949 5171 εἰδῶν,
962 5107 991 5159 rb
1005 5106 1048 5180 pic
1134 5107 1151 5163 b
1169 5107 1242 5162 Anu.
1261 5106 1341 5159 Tauro
1357 5098 1399 5158 cic
1419 5101 1545 5157 ζονσςίσοω
1556 5102 1597 5155 καὶ
1611 5096 1650 5154 igi
1662 5102 1712 5154 τῶν
1722 5101 1806 5169 γενῶν,
1818 5089 1851 5144 ui
1969 5154 1970 5165 γ

275 5191 325 5247 εἴτε
337 5192 479 5263 ὑφέστηκεν,
493 5188 630 5244 cicerculis
644 5190 729 5261 μόναις
739 5189 820 5261 ψιλαῖς
832 5186 950 5252 ἐπινοίαις
958 5196 1045 5244 κεῖται·
1098 5188 1178 5243 εἰδῶν·
1195 5189 1269 5260 ὁγὰρ
1280 5187 1430 5261 δημιουργὸς
1444 5192 1522 5241 ποιῶν
1536 5185 1627 5249 πάντα,
1647 5182 1700 5256 iqua
1717 5178 1773 5253 παρ’
1783 5177 1850 5243 ivit?

276 5275 324 5330 εἴτε
337 5276 378 5328 καὶ
391 5275 544 5346 νοιστηιιότα
557 5273 663 5345 σώματά
679 5270 783 5339 innah
799 5271 928 5345 ἀσώματοι·
944 5274 984 5326 καὶ
998 5274 1047 5326 πό·
1096 5260 1127 5326 τὰ
1142 5272 1238 5327 πάντων
1253 5271 1449 5345 παραδιίγμαπα·
1469 5264 1525 5325 οἷον
1543 5270 1622 5323 ποιῶν
1635 5266 1758 5338 ἄνθρωπον
1770 5255 1848 5333 lxvii
1969 5272 1970 5313 ἐ

276 5376 345 5430 tepor
358 5355 479 5430 χωριστὰ,
493 5353 549 5424 biv
571 5360 624 5417 τοῖς
637 5354 770 5423 αἰσθητοῖς,
784 5356 890 5428 καὶπερὶ
903 5359 980 5410 ταῦτα
993 5355 1050 5426 lupc-
1096 5352 1161 5420 εἶδος
1174 5354 1232 5427 παρ’
1246 5353 1381 5428 immacu
1394 5353 1532 5425 ἀνθρώπου,
1549 5350 1610 5423 πρὸς
1626 5352 1643 5404 b
1657 5347 1754 5419 ἀφορῶν
1769 5343 1847 5397 ceti&
1969 5334 1970 5389 i

274 5438 792 5512 πῶτα,παραιιήοομαιλέγτιν,βαοιτάτης
802 5438 874 5506 οὔσης
883 5443 926 5506 τῆς
933 5439 1046 5507 τοιαύτης
1094 5442 1169 5494 cotti.
1969 5412 1970 5501 i

275 5525 449 5597 πραγματείας,
464 5524 503 5575 καὶ
523 5522 598 5591 &virg
614 5523 724 5593 μείζονος
739 5523 854 5591 διονιένης
869 5519 1007 5582 ἐξετάσεως.
1969 5504 1970 5545 ¹
