3956 6168
308 397 983 474 1111111111111111111111111,
1006 398 1078 458 ua.
1101 398 1139 471 ν,
1162 398 1245 459 oie.
1269 398 1349 459 1111.
1422 430 1450 451 ..

35 570 143 631 tametsi
163 574 265 648 potest
289 567 427 628 absoluta
445 566 551 627 omnia
575 565 674 627 facere
702 566 794 641 Deus,

36 663 84 723 hac
97 667 200 721 tamen
214 664 364 740 potestate
383 659 508 720 nonnisi
522 676 594 719 cum
612 675 735 718 necesse
751 663 797 717 est

36 759 66 812 ut
80 752 163 813 aliter
174 752 242 812 lieri
257 757 400 830 nequeat,
414 751 522 811 utitnr.
539 750 662 830 Alioqui
676 750 798 810 ordina-

36 845 108 905 rium
128 850 159 904 et
180 863 199 903 a
222 861 255 903 se
276 844 478 905 constitutum
498 861 605 903 rerum
625 861 660 902 ac
677 846 796 901 natura

37 954 147 996 cunum
168 935 293 1009 retinet,
315 934 399 1014 quod
422 935 554 1015 Gyrillus
570 933 797 995 Alexandrinus

37 1030 65 1089 in
84 1029 179 1108 primo
213 1035 317 1089 contro
340 1026 510 1088 Nestorium
537 1026 681 1102 affirmat,
710 1026 797 1104 cujus

37 1121 119 1180 verba
136 1119 185 1180 vel
201 1138 239 1179 eo
262 1120 398 1181 maxime
416 1119 597 1193 describam,
617 1119 689 1198 quia
702 1118 734 1178 id
747 1119 795 1178 in-

38 1231 117 1292 super
142 1210 328 1272 confirmant
359 1211 440 1289 quod
474 1210 667 1273 antecedenti
700 1211 797 1289 eapite

38 1304 441 1379 demonstratumest,multa
450 1304 549 1364 Deum
560 1321 629 1382 quae
636 1319 797 1381 nunquam

39 1396 158 1456 11111111
179 1401 236 1470 est,
260 1413 350 1475 posse
374 1395 474 1457 iacere
497 1415 504 1454 :
531 1417 547 1453 ιι
570 1395 664 1471 Nihil,
684 1395 796 1473 inquit,

40 1506 135 1548 eorum
147 1489 277 1548 omnino
294 1488 406 1548 divinae
417 1493 450 1548 et
463 1506 581 1548 areanae
595 1487 740 1567 potentia}
752 1492 799 1547 est

40 1579 220 1659 impossibile,
231 1597 304 1658 quea
313 1579 411 1640 lacere
425 1578 568 1655 voluerit,
583 1584 689 1640 tamen
698 1596 799 1658 perca

41 1691 99 1750 quie
109 1677 178 1732 sunt
193 1690 302 1733 rerum
320 1676 439 1732 natmae
452 1676 657 1732 consentanca
669 1689 796 1750 progre-

42 1765 121 1839 ditur,
135 1764 216 1842 leges
233 1783 252 1824 a
268 1783 301 1824 se
315 1765 428 1843 positas
441 1764 570 1824 minime
584 1770 796 1824 contemnens.

42 1858 77 1916 Αο
89 1862 199 1935 poterat
213 1854 342 1934 qnidam
363 1857 559 1935 omnipotens
575 1855 713 1916 Verbum
727 1873 799 1915 cum

43 1949 177 2009 statuisset
187 1954 296 2009 nostra
314 1966 407 2009 causa
426 1966 491 2009 esse
512 1949 609 2008 nostri
623 1948 732 2023 simila,
748 1965 797 2008 rc-

44 2042 151 2119 pudiata
169 2041 328 2101 nativitate
347 2059 385 2100 ex
406 2040 533 2115 femina,
555 2041 744 2101 extrinsecus
763 2059 799 2101 ao

45 2134 138 2193 1111111
157 2134 284 2213 propria
299 2133 361 2193 talo
375 2133 433 2193 sibi
447 2151 558 2213 corpus
577 2133 694 2211 fingere
708 2134 798 2211 quale

44 2226 134 2304 atique
158 2226 273 2287 lactum
299 2243 364 2286 esse
389 2226 520 2286 dicimus
551 2227 652 2305 primo
679 2227 799 2304 parenti

46 2317 145 2377 ,1111111
157 2328 181 2378 ⁶.
203 2339 219 2375 ν
249 2319 369 2378 Rursus
392 2318 523 2397 Gyrillus
545 2317 628 2377 idem
651 2317 685 2377 in
708 2319 799 2378 tertio

45 2416 132 2469 eontra
143 2408 299 2470 dationum
317 2427 493 2488 supremam
508 2410 604 2485 illam,
621 2410 670 2469 oui
686 2410 726 2469 ad
738 2428 798 2470 nu-

47 2505 101 2560 tum
122 2500 269 2561 obediunt
296 2502 412 2578 omnia,
441 2503 497 2562 Dei
522 2501 693 2581 potentiam
719 2521 798 2581 prae·

46 2591 134 2652 dicat:
157 2614 172 2649 ο
192 2593 287 2672 Cujus
308 2593 435 2654 nutibus
457 2599 569 2654 natura
588 2612 695 2654 rerum
710 2593 798 2655 obse-

47 2684 143 2761 quitur,
162 2704 196 2745 ae
212 2703 342 2765 prorsus
358 2685 510 2764 planeque
529 2686 612 2764 qum
626 2687 685 2765 ipsi
698 2687 799 2747 risum

47 2781 91 2845 est,
104 2796 206 2838 areana
218 2777 355 2855 quadam
373 2777 506 2839 efficacia
524 2777 667 2839 effectum
687 2779 797 2840 reddit.

48 2867 178 2939 Quoniam
205 2869 425 2948 quodcumque
452 2871 575 2931 libitum
604 2877 649 2932 est
675 2871 714 2948 ei,
741 2872 800 2932 hoc

48 2960 156 3037 inpiis
176 2978 286 3022 eorum
310 2979 379 3040 quae
404 2963 483 3024 iacta
507 2970 581 3024 sunt
607 2981 664 3043 pro
689 2970 801 3026 natura

1557 399 1617 458 453

1426 470 1437 503 l

1036 770 1241 852 CAPUT
1287 773 1422 854 Vlll.

845 1084 883 1145 Itt
896 1102 953 1165 quo
973 1085 1031 1145 sito
1051 1085 1089 1145 sit
1103 1087 1314 1166 omnipotentio
1334 1087 1393 1148 Dei
1407 1107 1419 1148 .·
1432 1085 1569 1168 plerique
1586 1086 1616 1145 in

887 1175 1039 1239 voluntate
1061 1179 1252 1238 constituent.
1280 1179 1345 1240 Alii
1374 1178 1497 1241 Verbum
1523 1179 1617 1259 ipsum

887 1277 990 1329 cocart
1013 1269 1077 1350 οριιο
1099 1271 1349 1350 omnipotentiam,
1370 1270 1512 1347 11111111,
1530 1269 1618 1330 idest

885 1359 1040 1421 consiliam
1061 1361 1120 1422 sioc
1139 1361 1318 1424 uoluntatem
1337 1361 1501 1423 nominant.
1527 1362 1619 1425 Vario

887 1451 988 1513 itidem
1015 1452 1093 1514 Filii
1113 1455 1233 1530 nomine
1256 1454 1351 1515 ecdem
1380 1455 1552 1535 specterum.
1580 1454 1620 1515 (it

885 1543 964 1624 qaod
973 1546 1042 1606 vico
1054 1555 1080 1606 et
1094 1546 1248 1607 substiteris
1261 1545 1422 1628 efficientiis
1434 1545 1555 1622 dicitur,
1569 1565 1620 1606 1111

885 1656 944 1697 aon
968 1656 1082 1713 mamm,
1105 1648 1168 1699 tum
1194 1638 1325 1701 11111111
1345 1647 1487 1720 quaemus
1502 1638 1621 1700 dicotur

886 1728 1070 1809 expenditur.
1096 1730 1170 1791 Item
1190 1730 1285 1791 Pater
1301 1731 1411 1808 decitur
1426 1750 1484 1812 per
1502 1730 1619 1792 Filium
1736 1730 1741 1739 '

886 1840 980 1902 opere,
1005 1842 1094 1904 eoqtie
1110 1822 1265 1883 locutionis
1285 1822 1420 1903 sounrilo
1436 1822 1617 1885 declaratur.

888 2007 910 2067 l.
933 2007 1305 2086 Nouoquemadmodum
1325 2007 1380 2066 Dei
1394 2006 1620 2086 omnipotentia

847 2117 879 2160 se
892 2099 1014 2172 haheat,
1032 2100 1114 2159 etin
1135 2118 1197 2179 quo
1212 2099 1425 2159 constituenda
1443 2099 1481 2159 sit
1501 2099 1547 2159 uis
1567 2100 1620 2160 illa

847 2192 991 2252 omnium
1004 2191 1152 2267 effectrix,
1170 2191 1313 2251 subtilius
1327 2191 1510 2269 inuestigare
1527 2210 1618 2270 opor-

846 2285 1049 2345 tetNametsi
1057 2284 1209 2363 quidquid
1218 2284 1298 2344 inest
1305 2285 1379 2359 Deo,
1389 2283 1489 2362 reipsa
1496 2283 1621 2345 Deussit

848 2383 879 2436 et
889 2376 1020 2455 ipsamet
1027 2377 1094 2454 ejus
1104 2377 1246 2451 essentia,
1257 2377 1483 2436 mtiouctamcn
1490 2372 1621 2447 ctiaivotqz

848 2468 1621 2546 quaedamineodistiuotaconsiderantur,utinpri·

848 2578 901 2620 mo
909 2560 989 2621 libro
999 2560 1141 2641 pluribus
1149 2566 1193 2621 est
1198 2560 1325 2621 dictum.
1338 2562 1443 2640 ltaque
1452 2560 1621 2620 videndum

848 2657 904 2727 est,
918 2653 995 2713 sitne
1008 2654 1161 2733 peculiare
1172 2653 1339 2732 quoddam,
1352 2659 1388 2712 ut
1397 2658 1517 2725 vocant,
1531 2650 1620 2713 attri-

849 2743 948 2805 butum
960 2745 993 2805 in
1003 2747 1066 2806 Deo
1078 2746 1229 2807 efficiendi
1240 2747 1296 2812 vis,
1307 2764 1346 2805 an
1361 2763 1433 2806 com
1443 2744 1549 2822 aliquo
1561 2744 1621 2803 alio

849 2837 1026 2916 permisceri
1046 2838 1255 2916 confundique
1271 2838 1391 2913 debeat,
1406 2836 1453 2896 uti
1472 2854 1544 2896 oum
1565 2854 1620 2895 vo-

848 2929 967 2989 luntate
984 2950 991 2989 :
1008 2930 1169 2990 autetiam
1183 2934 1290 2989 utrum
1306 2928 1402 2989 Filius
1414 2928 1479 3007 ipse
1492 2946 1534 2988 au
1550 2928 1620 3006 Spi-

849 3021 926 3081 ritus
940 3026 1061 3082 sanctus
1074 3022 1128 3082 illa
1142 3023 1208 3101 ipsa
1219 3021 1257 3081 sit
1272 3021 1385 3099 agendi
1396 3020 1544 3099 potentia,
1560 3037 1622 3098 qua

49 3057 85 3111 (m
99 3051 119 3112 b'
143 3076 157 3110 ὓ
181 3055 332 3133 inungo
357 3054 468 3117 demde
492 3056 627 3117 Plamms
648 3055 739 3117 mum
763 3076 800 3118 ex
850 3115 930 3173 Deus
945 3132 1047 3175 creare
1062 3119 1093 3174 et
1105 3120 1191 3174 extra
1204 3131 1237 3173 se
1250 3112 1353 3173 moliri
1368 3112 1484 3191 aliquid
1496 3112 1619 3172 dicitin.

51 3142 263 3207 Timeolocum.
875 3206 881 3218 ,
930 3205 936 3218 ,
1114 3207 1119 3218 ,
1197 3205 1238 3217 ,,
1359 3205 1366 3217 ‚

851 3206 1011 3284 Siquidem
1029 3207 1067 3267 de
1081 3206 1182 3266 tultus
1195 3205 1256 3265 illis
1275 3222 1432 3284 praectputi
1444 3207 1621 3283 potestesse

850 3298 1026 3377 disputatio,
1049 3299 1137 3377 cujus
1158 3314 1265 3358 ansam
1290 3296 1379 3357 uobis
1403 3300 1523 3356 veteres
1546 3313 1623 3374 prae·

849 3389 925 3450 beat
946 3390 1083 3470 theologi
1103 3407 1238 3469 quornm
1260 3389 1293 3449 in
1317 3387 1437 3466 scriptis
1456 3392 1623 3448 occurrunt

850 3482 1011 3558 nonnulla,
1027 3500 1097 3560 quae
1109 3482 1147 3542 de
1160 3482 1257 3542 trium
1272 3480 1399 3541 illorum
1409 3478 1513 3559 aliquo
1525 3479 1623 3559 auspi·
1688 3496 1694 3503 ·

849 3574 971 3635 aionem
983 3574 1128 3635 afferunt.

889 3666 1029 3727 Primum
1052 3666 1136 3745 quod
1161 3664 1201 3726 ad
1225 3665 1417 3726 voluntatem
1437 3665 1492 3725 Dei
1509 3670 1624 3744 spectat
1647 3691 1682 3734 1,,
1694 3689 1796 3745 omnipa-

849 3776 919 3838 quae
933 3758 1092 3839 superiore
1105 3758 1186 3819 libro
1201 3763 1247 3818 est
1258 3776 1277 3817 1
1288 3758 1378 3818 nohis
1394 3756 1542 3837 exposita,
1557 3775 1622 3817 non
1667 3744 1782 3841 ffiffl,

848 3870 947 3931 pauca
969 3851 1157 3931 persuadent
1178 3850 1304 3910 illorum
1326 3849 1417 3924 dicta,
1440 3850 1474 3908 in
1496 3867 1533 3909 11
1558 3868 1622 3910 esse
1673 3850 1766 3894 aaut.

848 3944 939 4003 sitam
961 3941 1228 4022 omnipotentiam.
1250 3941 1372 4001 Etenim
1391 3940 1576 4001 Athanasius
1589 3942 1622 4001 in

849 4034 928 4094 libro
945 4035 1037 4096 tertio
1051 4041 1154 4094 contro
1167 4032 1297 4093 Arianos
1309 4031 1424 4091 horum
1437 4032 1622 4092 sententiam

848 4126 985 4186 refutans
1001 4136 1023 4201 ⁰,
1051 4126 1104 4204 qni
1136 4124 1247 4184 Filium
1268 4142 1287 4184 a
1313 4125 1401 4184 Patre
1425 4129 1623 4203 procreatum

848 4217 990 4279 dicebant
1004 4222 1075 4279 ante
1092 4217 1199 4278 omnia
1213 4221 1248 4277 nt
1267 4235 1323 4297 per
1340 4216 1430 4276 illum
1443 4215 1564 4294 reliqua
1576 4217 1621 4277 fa·

849 4316 942 4387 11111,
969 4327 1232 4390 supervacaneum
1259 4309 1291 4370 id
1314 4326 1378 4369 esse
1400 4309 1454 4385 ait,
1477 4309 1561 4388 quod
1583 4309 1622 4369 ad

849 4402 1010 4463 condenda
1030 4402 1136 4463 omnia
1159 4401 1224 4462 sola
1242 4403 1304 4462 Deo
1323 4396 1467 4462 voluntas
1480 4399 1620 4463 sufficiat.

853 4515 869 4551 a
884 4494 962 4555 Nam
982 4513 1037 4555 cur
1051 4494 1168 4574 alioqui
1182 4512 1254 4556 eum
1273 4494 1405 4555 condere
1418 4493 1499 4556 hano
1516 4511 1622 4555 rerum

82 4746 99 4785 o
115 4734 237 4789 111111.
254 4740 328 4790 cotti.
345 4738 423 4791 nest.
446 4749 473 4804 p.
493 4733 521 4788 7.
545 4730 687 4804 Ἀνέφικτον
703 4731 804 4805 μὲνγὰρ
854 4732 950 4795 πάντως
963 4731 992 4785 ri>
1007 4730 1074 4804 αὐτῷ
1089 4731 1186 4794 δοκοῦν,
1202 4728 1315 4802 ἂῤῥήτοις
1334 4730 1396 4783 τισίν
1417 4727 1545 4803 ἐνεργείαις
1560 4730 1624 4805 ipra.

54 4816 161 4879 παντελῶς
180 4816 248 4871 itaer
262 4813 297 4870 ὧν
321 4819 350 4870 ἂν
370 4817 453 4871 έλοιτο
475 4816 619 4889 κατορθοῦν,
634 4819 664 4889 τῃ
687 4813 749 4885 θείᾳ,
764 4816 805 4868 καὶ
854 4814 896 4867 τδν
907 4813 1090 4885 ἀποφαίνοντος·
1107 4815 1145 4867 ὅτι
1159 4814 1188 4867 τὸ
1202 4814 1264 4867 κατὰ
1283 4814 1384 4886 γνώμην
1405 4812 1483 4891 αὐτῷ,
1495 4820 1569 4870 τοῦτο
1582 4819 1623 4872 καὶ

55 4894 169 4972 ἀπορρήτῳ
190 4902 299 4972 δυνάμει·
314 4900 413 4973 ἔρχεται
427 4899 454 4953 δὲ
476 4899 516 4953 διὰ
530 4903 579 4953 τῶν
600 4897 699 4952 εἰκότων
711 4903 742 4971 τῇ
755 4903 804 4952 τῶν
853 4902 902 4951 τῶν
915 4899 1052 4969 γεγονότων
1067 4894 1161 4965 ἑκάστῳ
1175 4896 1253 4968 φύσις.

55 4978 119 5033 ὄντων
129 4983 204 5051 pica,
219 4984 273 5046 τοὶις
285 4986 343 5054 παρ’
357 4983 431 5050 αὐτῆς
440 4983 589 5056 τεθειμένους
599 4980 641 5034 οὖν
652 4981 805 5052 ἀτιμάζουσα
890 4994 904 5034 o
923 4983 1025 5033 druia.
1044 4976 1150 5041 ’Ἃλλως
1163 4996 1189 5032 τε
1202 4979 1277 5032 διὰτί
1292 4980 1356 5040 ὅλως
1365 4979 1441 5032 θέλων
1456 4980 1547 5044 κτίσαι,
1556 4983 1628 5050 ζητεῖ

55 5063 137 5133 νόμους·
153 5065 193 5118 καί
208 5063 237 5134 ἦν
251 5065 295 5119 οὖα
309 5065 435 5136 ἀνέφικτον
450 5071 487 5138 τῷ
510 5066 591 5119 πάντα
606 5063 714 5138 ἰσχύοντι
734 5064 804 5137 λόγῳ
853 5061 896 5116 ror
909 5063 1019 5134 μεσίτην,
1034 5061 1068 5122 ὡς
1082 5060 1127 5113 oda
1149 5060 1299 5133 ἀρκουμένου
1320 5065 1364 5115 τοῦ
1379 5063 1532 5134 βουλήματος
1547 5064 1622 5119 αὐτοῦ

55 5148 158 5217 mpetu
171 5147 212 5220 μὲν
233 5151 264 5201 δι’
287 5148 351 5220 ἡμᾶς
371 5149 482 5219 γενέσθαι
500 5149 552 5201 καθ’
576 5148 647 5220 ὑμᾶς,
672 5165 805 5218 παραιτου-
853 5145 1036 5217 συσκῆσαιπερὶ
1060 5139 1095 5197 ὧν
1119 5141 1159 5196 ἐὰν
1184 5143 1251 5216 αὐτῷ
1276 5146 1353 5217 δοκῇ;
1368 5145 1409 5197 καί
1424 5143 1470 5217 μὴν
1486 5145 1511 5199 αἱ
1532 5150 1622 5220 γραφαὶ

57 5229 111 5300 μέν)
127 5231 210 5303 γεμὴν
232 5233 340 5303 γέννησιν
355 5230 398 5297 τὴν
423 5229 449 5283 ia
476 5232 598 5304 γυναικὸς,
614 5228 699 5292 ἔξωθεν
715 5228 802 5301 ἑαυτῷ,
853 5229 961 5300 λέγουσι·
984 5229 1064 5281 πάντα
1085 5229 1131 5280 ὅσοι
1153 5225 1269 5296 ἠθέλησεν
1294 5226 1416 5295 ἐποίησεν·
1429 5228 1517 5301 καὶτῷ
1531 5230 1635 5301 βουλή-

57 5310 88 5362 ιαὶ
101 5310 144 5383 tata
156 5314 252 5385 δυνάμει
265 5315 465 5386 τλαστουργῆσαι
485 5314 514 5367 τὸ
533 5318 615 5386 σῶμα,
626 5314 732 5385 καθάπερ
746 5310 805 5384 ἁμέ·
855 5331 913 5384 ματι
927 5310 1001 5364 αθτοῦ
1022 5310 1058 5374 τίς
1082 5309 1239 5378 didimeam
1258 5308 1279 5364 εἴ
1292 5308 1318 5363 δὲ
1331 5311 1370 5363 καὶ
1385 5312 1414 5364 τὸ
1426 5311 1622 5385 βοθλημαμάνον

56 5391 87 5444 la
98 5396 198 5465 γενέσθαι
211 5397 287 5468 φαμὲν
299 5398 340 5450 καί
350 5395 389 5450 aa
405 5401 447 5451 τοῦ
461 5398 616 5469 προπάτορος
629 5396 722 5467 Ἀδάμ.
853 5394 935 5448 ίκανόν
946 5393 1009 5448 ἔστιν
1034 5393 1108 5448 αθτοῦ
1123 5393 1184 5465 πρὸς
1204 5393 1249 5461 τὴν
1272 5400 1322 5447 τῶν
1337 5396 1436 5448 πάντων
1452 5397 1621 5469 δημιουργίαν,

87 5475 204 5535 1101111.
222 5479 283 5536 Ὀτι
297 5480 352 5534 θεοῦ
379 5498 407 5553 γε
431 5478 555 5544 ἐθέλοντος
574 5476 622 5548 ἢν,
645 5472 674 5533 οὗ
688 5481 739 5541 τοῖς
752 5478 805 5531 νεί-
852 5476 952 5549 περιττὴ
968 5478 1042 5531 πάλιν
1051 5476 1105 5531 καθ’
1118 5476 1258 5549 δμοῖςῆτοῦ
1272 5478 1371 5549 μεσίτου
1381 5479 1460 5551 γρεία.

59 5577 119 5626 μασιν
141 5561 220 5627 ἡτῶν
241 5565 389 5637 πραγμάτων
417 5562 499 5618 ἕπεται
520 5565 603 5636 φύσις,
618 5564 698 5617 πάντα
714 5581 740 5616 τε
764 5563 803 5615 καί
