3952 6170
334 363 393 423 352
838 358 1165 421 THEOerGlGORUM
1184 355 1414 420 DOGMATUM.

335 530 492 586 mentatur
504 525 538 584 in
551 523 641 600 libro,
657 541 719 604 quo
731 523 958 586 immutabilem
971 521 1104 583 ostendit
1152 522 1323 601 cognitum,
1337 541 1356 584 a
1370 539 1434 601 qua
1442 519 1537 583 etiam
1545 517 1704 597 regituret
1716 514 1757 576 ad
1769 513 1904 594 egendmr

335 634 400 677 esse
427 617 538 691 Deum,
565 622 768 678 sectantum
791 634 829 677 ex
852 614 1026 690 efficientia,
1050 614 1105 675 sed
1152 615 1333 693 impellitur.

335 708 429 769 etiam
442 727 481 770 cx
489 709 683 788 providentia
694 709 829 788 idipsum
842 708 1003 789 approbat.
1018 707 1105 769 alla·
1194 708 1387 788 Quapropter
1399 702 1721 767 eumnihilsitesseve
1731 698 1907 780 possitnisia
1969 662 1970 745 f

335 798 481 861 nifestum
492 800 587 879 igitur
601 807 656 878 est,
672 801 784 880 inquit,
801 806 831 862 et
846 818 957 861 eorum
970 816 1040 879 quae
1054 817 1106 878 ge-
1155 800 1228 876 Deo,
1243 806 1275 860 et
1288 818 1326 861 ex
1339 800 1407 878 ejus
1419 797 1544 859 scientia
1558 795 1754 857 elaboratum
1767 810 1802 853 ac
1817 793 1904 852 condi·

336 893 401 952 nita
416 898 500 967 sunt,
518 898 652 954 satorem
666 900 697 955 et
713 893 940 968 fabricatorem,
955 891 1105 952 arhfioem
1153 898 1237 969 tum3
1258 892 1335 953 nihil
1348 898 1395 954 est
1414 891 1543 952 omnino
1558 888 1643 968 quod
1655 905 1721 947 non
1735 885 1789 946 ille
1801 903 1907 963 cognoe

336 990 368 1044 et
378 990 562 1059 curatorem,
578 1004 688 1047 eorum
702 985 920 1065 queintutela
931 1003 988 1045 sua
999 983 1104 1057 hahet,
1154 989 1214 1060 rat,
1236 985 1300 1046 sive
1318 984 1521 1065 praeteritum,
1541 982 1605 1042 sive
1623 977 1847 1060 praesensere
1866 977 1908 1038 ali
1969 976 1970 1045 l

336 1077 508 1138 necessario
530 1078 678 1139 scientem
701 1096 766 1139 esse
791 1083 945 1158 oportere.
970 1078 1106 1137 atvero
1155 1070 1908 1157 quandohrturum,sivequodp0testesse,tsmetsi

336 1174 424 1246 pater
436 1168 488 1228 ille
501 1174 533 1228 ct
552 1169 662 1230 artifex
682 1177 712 1231 et
730 1176 854 1231 curator
872 1187 980 1230 revera
999 1172 1045 1229 est
1057 1186 1107 1228 eo
1156 1188 1317 1250 nunquam
1336 1170 1376 1231 sit
1393 1168 1546 1228 futurum.
1564 1167 1670 1243 Neque
1685 1169 1795 1224 tamen
1811 1162 1850 1222 sic
1866 1161 1908 1222 illa

336 1278 418 1336 rum,
437 1280 507 1340 quse
528 1261 561 1321 in
575 1262 653 1323 celo
666 1267 739 1323 sunt
751 1282 786 1323 ac
800 1262 918 1322 mundo
932 1271 958 1322 ⁴¹.
978 1282 994 1318 ν
1019 1261 1108 1320 Eam-
1156 1263 1320 1344 quaeapud
1338 1259 1588 1324 nosdiflerentiis
1605 1256 1908 1317 suntdistraetatem
1969 1270 1970 1289 ν

336 1352 408 1413 dem
420 1355 572 1415 rationem
582 1353 1108 1435 indicatetdyrillnsdlexandrinus
1156 1355 1240 1435 poris
1265 1357 1420 1429 intuetur,
1442 1358 1479 1413 ut
1503 1351 1615 1413 eodem
1647 1349 1742 1409 modo
1769 1352 1855 1426 atque
1881 1353 1908 1407 rt
1969 1364 1970 1435 ξ

336 1444 371 1503 in
384 1462 421 1505 eo
435 1445 504 1506 loeo
521 1447 609 1525 cujus
622 1448 716 1527 paolo
735 1453 807 1508 ante
822 1444 985 1508 memini¹.
998 1447 1036 1506 Et
1055 1447 1108 1505 Za-
1155 1447 1265 1509 iisdem
1285 1452 1358 1508 sunt
1381 1445 1537 1525 implicata
1560 1441 1742 1503 differentiis
1763 1438 1906 1519 intelligat

337 1536 456 1597 chariss
475 1538 680 1619 Mitylenaeus,
703 1541 757 1620 qui
784 1561 798 1599 a
819 1541 919 1601 Deum
941 1538 985 1598 ait
1002 1538 1108 1599 omnia
1157 1541 1238 1614 Quin
1251 1540 1353 1620 potins
1364 1537 1542 1599 omniasire
1552 1534 1719 1615 praeterita,
1733 1531 1798 1592 sive
1810 1531 1907 1603 11111111,

337 1629 386 1688 vel
397 1634 565 1710 antequam
578 1633 721 1710 existant,
736 1650 931 1712 cognoscere,
941 1636 977 1691 ut
990 1648 1061 1710 qnae
1074 1630 1108 1690 in
1156 1637 1306 1712 tanquam
1328 1630 1493 1712 presentia
1513 1626 1696 1689 considerat.
1716 1625 1792 1698 Quae
1814 1642 1859 1685 res
1878 1623 1909 1683 ah

337 1720 404 1799 ipso
427 1722 488 1782 sint
508 1723 602 1785 etiam
622 1730 790 1805 antequem
814 1725 966 1785 oriantur.
989 1723 1109 1802 Quippe
1156 1723 1291 1804 antiquis
1314 1722 1467 1801 theologis
1496 1717 1672 1797 decantetal,
1703 1716 1908 1778 nonnullomn

337 1813 444 1873 omnia
452 1816 817 1898 comprehenditpraescia
825 1816 966 1878 1111111111
973 1832 1030 1877 sua
1038 1833 1108 1895 que
1157 1815 1340 1879 testimoniis
1347 1810 1701 1891 illustr-abitensequenti
1711 1809 1910 1889 capitenehoc

338 1906 537 1984 producenda
550 1908 655 1969 sunit.
672 1929 687 1967 a
1158 1908 1261 1989 ipsum
1275 1906 1400 1987 longius
1415 1923 1510 1986 quam
1530 1904 1569 1966 sit
1587 1920 1711 1966 neeesse
1728 1903 1907 1983 producetur.

378 1998 416 2058 X.
440 1992 544 2060 Sedet
562 2002 703 2063 Clemens
716 2001 944 2063 Alexandrinus
960 2000 1044 2062 idem
1062 2018 1110 2061 ar·

337 2097 522 2167 gementum
534 2093 686 2173 significat
699 2094 733 2153 in
744 2094 859 2174 insigni
867 2094 921 2155 illo
934 2093 1003 2155 loeo
1015 2111 1109 2173 quem

338 2182 535 2261 adduximus,
554 2186 647 2266 idque
660 2187 832 2248 secundum
854 2191 900 2247 est
917 2204 935 2246 e
951 2185 1110 2246 tm'busdi-
1375 2190 1405 2273 (J
1416 2190 1581 2273 APUT
1626 2190 1709 2272 lv,

338 2274 419 2336 vine
442 2276 576 2338 scientie
604 2278 843 2359 proprietatibus
866 2296 944 2356 quas
965 2295 1005 2339 ex
1026 2278 1111 2338 illius

338 2366 440 2428 verbis
458 2369 560 2448 colligi
579 2370 714 2431 diximus
733 2390 740 2431 :
761 2370 911 2433 nimirum
930 2369 1016 2449 quod
1037 2387 1111 2431 cnm

338 2457 427 2535 nihil,
449 2461 509 2521 nisi
526 2479 562 2522 eo
581 2462 715 2537 volente,
733 2463 851 2523 oriatrr
871 2468 902 2522 et
922 2462 1042 2538 existat,
1058 2480 1111 2524 ne
1159 2460 1255 2523 Deum
1268 2459 1312 2521 ito
1325 2460 1426 2523 omnia
1438 2478 1520 2522 noste
1536 2466 1569 2521 ut
1591 2475 1630 2519 ee
1646 2464 1757 2519 eie-rw
1770 2454 1910 2538 purius
1970 2476 1971 2539 j

339 2567 421 2610 cesse
431 2552 470 2612 sit
478 2553 607 2632 perinde
617 2554 834 2633 ipsumomnia
842 2571 1111 2632 cognoscere,non
1200 2552 1260 2615 illa
1282 2551 1393 2622 dudem,
1418 2571 1477 2613 nou
1499 2547 1722 2634 praeteriisset
1743 2548 1852 2630 sutura
1873 2544 1910 2606 de

340 2643 482 2704 universe
496 2645 608 2722 solum,
628 2646 796 2707 sedetiam
812 2645 992 2724 singillatim
1004 2651 1036 2707 et
1052 2646 1111 2707 dis-
1198 2637 1907 2726 nwndruturaliquoicetercaoPutr-mnsententt'it
1970 2644 1971 2647 ’

339 2733 444 2811 tincte,
469 2755 568 2815 eoque
589 2738 688 2816 magis
707 2755 763 2817 per
786 2737 918 2816 singule,
942 2738 1026 2817 quod
1045 2736 1111 2801 ndn
1199 2756 1327 2819 quarum
1340 2736 1497 2799 mancile
1509 2734 1751 2816 oelutproeteritc
1763 2729 1909 2795 cadmitis

339 2826 427 2887 aliter
445 2847 464 2889 a
483 2830 545 2890 Deo
561 2830 771 2909 producentur
786 2830 864 2890 etin
878 2847 985 2890 rerum
998 2836 1111 2893 natura
1198 2848 1256 2891 ease
1267 2828 1449 2912 significent.
1468 2828 1549 2890 Idem
1563 2835 1591 2888 et
1603 2845 1642 2888 ex
1653 2825 1814 2908 gentilibus
1822 2822 1908 2906 plia

339 2922 1111 3002 ponanturquamquasingulariasunt.chctiones
1198 2920 1298 3003 sopite
1312 2920 1486 2983 adsmuiiur.
1501 2919 1649 2983 Eundem
1662 2927 1688 2979 ct
1700 2917 1909 2999 privatiorem

339 3011 423 3071 enim
436 3013 925 3093 arcasingulariaversanan0,»
943 3014 1111 3077 aitAristo
1199 3013 1282 3077 mela
1303 3032 1392 3082 nosse,
1417 3022 1445 3074 et
1476 3032 1604 3095 quonam
1623 3009 1720 3072 modo.
1745 3009 1909 3092 Explicatur

337 3104 423 3165 teles.
440 3107 485 3166 Ex
497 3125 558 3186 quo
573 3107 743 3170 necessario
757 3107 900 3183 infertur,
914 3124 964 3168 res
975 3107 1111 3187 singulas
1199 3105 1344 3188 Dionysii
1367 3105 1458 3167 111111.
1476 3105 1540 3168 Cur
1562 3105 1596 3166 in
1614 3104 1676 3166 Deo
1693 3102 1777 3165 mala
1795 3120 1848 3163 esse
1863 3118 1908 3161 soi

338 3215 358 3255 a
376 3198 438 3258 Deo
461 3200 614 3278 cognosci.
637 3201 742 3279 ltaque
766 3199 936 3261 «sufficere
949 3199 1051 3276 dehet,
1067 3200 1112 3262 ait
1198 3198 1349 3268 dicuntae,
1365 3217 1432 3260 cum
1444 3198 1548 3259 sintin
1559 3194 1826 3279 ejmprmentis.

338 3289 529 3367 Augustinus
537 3297 573 3352 ut
582 3293 712 3372 qrrisque
726 3292 858 3367 noverit,
868 3291 919 3353 vel
929 3291 1111 3354 inconcusse

339 3382 454 3457 credat,
472 3385 556 3462 quod
579 3386 660 3445 Deus
684 3385 752 3445 haec
773 3382 878 3445 omnia
897 3383 1014 3445 fecerit.
1041 3386 1111 3446 Non
1201 3385 1225 3444 l.
1248 3382 1366 3444 Divinas
1384 3382 1553 3463 cognitioni
1573 3400 1610 3443 oc
1627 3382 1764 3444 scientie
1783 3377 1857 3440 nihil
1871 3374 1909 3436 vel

339 3473 423 3535 enim
448 3476 560 3555 opinor
581 3495 656 3538 eum
683 3495 748 3538 esse
774 3481 841 3537 tam
868 3476 1049 3554 excordem,
1075 3484 1112 3539 ut
1159 3476 1352 3557 praeteritum
1372 3494 1438 3537 esse
1460 3475 1511 3537 vel
1527 3476 1680 3552 fcrhrrum,
1701 3491 1783 3554 sepe
1803 3470 1950 3552 quidm-a

339 3566 440 3627 Deum
451 3586 521 3647 quse
536 3587 600 3629 non
615 3574 744 3629 noverat
755 3568 861 3630 fecisse
874 3567 1041 3630 arbitretur
1051 3569 1074 3630 ².
1091 3592 1107 3630 o
1159 3568 1280 3649 antiqui
1292 3568 1430 3648 theologi
1442 3568 1627 3647 significant,
1641 3581 1862 3645 nonnunquam
1870 3569 1907 3622 tt·
1924 3550 1951 3589 ⁹¹·

379 3659 447 3720 lluc
466 3660 544 3720 illud
565 3659 674 3722 referri
688 3659 781 3721 dehet
798 3660 882 3740 quod
900 3660 998 3739 capite
1018 3680 1109 3742 supe-
1159 3679 1234 3724 men
1258 3667 1295 3723 nt
1327 3661 1410 3722 illius
1439 3661 1620 3722 firmitatem
1651 3679 1688 3721 ac
1714 3657 1907 3721 certitudinem

339 3750 415 3810 riori
434 3751 607 3827 docuimus,
632 3752 685 3812 liei
708 3752 867 3814 scientiam
896 3770 1021 3813 musam
1046 3772 1111 3815 esse
1142 3744 1346 3834 exprimant,
1361 3755 1456 3815 sicde
1469 3754 1689 3834 illistanqunm
1702 3749 1909 3832 sintpreten'tt
1971 3764 1972 3791 ¹

339 3860 445 3904 rerum
466 3845 620 3921 omnium,
644 3850 713 3904 mm
735 3843 945 3924 cognitionem
962 3863 999 3906 ee
1015 3846 1112 3908 scien-
1160 3846 1342 3927 loquuntur,
1364 3846 1531 3926 praesentia
1548 3864 1623 3907 vero
1645 3846 1757 3906 eadem
1774 3862 1844 3919 essa,
1859 3841 1907 3902 fre

338 3936 425 4011 111111,
438 3937 537 4017 ipsam
551 3936 633 3998 illius
651 3954 717 3999 esse
735 3936 950 3998 substantiam.
966 3936 1015 3997 Ad
1031 3938 1109 4014 haee,
1160 3941 1305 4019 quenhrrs
1327 3944 1489 4019 usrupant,
1512 3956 1607 4018 qrram
1626 3938 1750 3998 1111111111
1766 3937 1823 3998 illis
1838 3932 1908 3996 dife-

338 4029 445 4089 omnia
453 4048 523 4109 quae
537 4029 577 4089 ab
591 4047 623 4090 se
634 4034 836 4118 procreentur
847 4028 880 4088 in
893 4046 950 4089 sua
962 4029 1112 4109 sapientis
1159 4032 1267 4093 rentiis
1279 4032 1389 4094 aflecta
1397 4031 1545 4112 temporis
1558 4050 1565 4091 :
1577 4030 1662 4111 quod
1672 4030 1783 4092 ecdem
1792 4030 1827 4091 de
1836 4042 1909 4088 mast

338 4139 532 4200 cognoscere.
554 4123 599 4182 Ex
621 4121 669 4182 his
692 4123 776 4183 enim
798 4120 885 4201 sequi
911 4139 1034 4183 necesse
1065 4129 1112 4185 cst
1159 4142 1212 4185 eos
1226 4124 1358 4186 arbitror
1373 4124 1489 4201 fecisse,
1502 4129 1629 4204 propter
1645 4136 1907 4203 quamrernmntr

339 4213 438 4274 Deum
448 4232 538 4275 nosse
548 4213 653 4274 omnia
660 4232 865 4293 quoecumque
877 4214 1016 4291 molitur,
1032 4233 1110 4293 quo·
1158 4217 1259 4278 titiem
1272 4234 1343 4296 quse
1352 4218 1386 4277 in
1400 4217 1518 4278 Deoest
1528 4216 1734 4296 etiampostea
1742 4216 1906 4283 nauem.

339 4304 424 4366 niam
442 4305 577 4366 efficiens
596 4312 750 4367 causaest
767 4306 957 4385 hujusmodi,
977 4325 1048 4385 quae
1066 4325 1111 4369 se-
1159 4308 1310 4370 visionem
1324 4313 1355 4369 et
1366 4309 1540 4370 contentum
1551 4308 1767 4386 nominarunt,
1782 4314 1908 4369 menum

338 4398 476 4459 cundum
490 4403 628 4459 mentem
641 4404 672 4459 et
686 4397 922 4477 intelligentiam
934 4398 1008 4478 egit.
1024 4399 1111 4461 Adde
1160 4402 1388 4482 persephonem
1409 4401 1525 4462 claram
1544 4420 1581 4463 ac
1598 4400 1786 4477 theream,
1804 4400 1907 4461 1111111

339 4494 370 4549 et
380 4504 426 4551 ‘ex
443 4490 602 4553 voluntate
622 4510 658 4551 ac
678 4490 818 4552 libertate
831 4491 1002 4572 producere
1021 4491 1111 4553 illum
1159 4513 1255 4575 quam
1268 4494 1313 4555 rei
1326 4493 1496 4575 praesentis,
1513 4493 1723 4555 ostenderent.
1740 4494 1838 4573 ltaque
1849 4504 1906 4551 oum

339 4581 493 4657 universa,
504 4601 573 4662 que
583 4588 671 4644 extm
682 4602 715 4645 se
728 4583 898 4663 profundit.
910 4582 993 4644 Nihil
1005 4589 1110 4646 autam
1159 4587 1222 4648 duo
1236 4585 1345 4647 sintin
1358 4585 1412 4647 illa
1427 4586 1554 4647 notione
1571 4586 1830 4665 prestantissima,
1839 4577 1907 4662 quod

337 4672 434 4735 bbere
446 4675 590 4737 voluntas
607 4676 710 4752 efficit,
726 4676 786 4738 nisi
803 4675 1007 4754 intelligentia
1024 4677 1111 4757 priris
1159 4683 1190 4740 et
1213 4683 1296 4741 certo
1319 4678 1436 4755 omnia,
1456 4683 1489 4740 et
1509 4678 1578 4740 sine
1597 4677 1664 4739 ulla
1686 4678 1854 4740 confusione
1868 4669 1907 4733 ve]

375 4939 396 4978 a
412 4920 506 4977 Pario.
525 4920 607 4990 diplas
620 4919 663 4993 plo
678 4915 720 4973 ota
732 4922 769 4974 ta
781 4921 884 4975 καὶτῶν
896 4922 1111 4995 perseueranti
1161 4926 1229 4981 Lat.
1249 4922 1320 4977 Οὕτω
1333 4923 1376 4976 καὶ
1386 4921 1401 4977 ὁ
1411 4922 1465 4987 θεὸς
1480 4928 1531 4977 τῶν
1544 4923 1646 4997 μηδέπω
1659 4928 1794 4999 γεγονότων
1804 4924 1834 4986 ὡς
1843 4920 1906 4976 teo

338 5007 501 5077 φυτεύσαντα,
515 5006 556 5058 καὶ
568 5008 617 5058 τῶν
632 5004 860 5078 δημιουργηθέντων
874 5006 916 5059 τὸν
933 5007 1058 5078 τεχνίτην,
1070 5008 1111 5060 καὶ
1161 5004 1185 5061 ἔν
1205 5005 1273 5080 αὐτῷ
1293 5006 1334 5060 καὶ
1352 5007 1400 5079 πρδ
1417 5007 1545 5079 γενέσεως·
1567 5008 1665 5062 ἅπαντα
1682 5008 1730 5083 γὰρ
1748 5006 1906 5081 περιείληηεῐῇ

338 5090 381 5143 τὸν
389 5088 519 5162 ἐπίτροπον
527 5092 576 5143 τῶν
584 5086 808 5161 ἐπιτροπευομένων
817 5086 968 5162 ἐπιστήμονα
979 5088 1111 5162 ἀναγκαῖον
1159 5090 1905 5166 προγνωστιεῇδυνάμειτὰπρδςγένεσενταράγιεθειμίλλωῐῑ

339 5165 457 5225 εἶναιδεῖ·
473 5171 525 5226 itt
538 5170 628 5244 πατὴρ,
642 5172 683 5225 καὶ
694 5172 816 5245 τεχνίτης,
828 5172 869 5225 καὶ
882 5170 1012 5246 ἐπίτροπος
1022 5179 1073 5228 τῶν
1086 5171 1111 5227 ἔν
1195 5188 1211 5230 e
1229 5173 1354 5230 hatsror.
1369 5172 1418 5230 fib.
1441 5174 1476 5230 ll·
1492 5172 1590 5232 Bitia.
1611 5191 1672 5248 cup.
1689 5193 1736 5234 t'u.
1755 5175 1810 5247 Περὶ
1824 5172 1866 5245 pig
1880 5166 1905 5222 ἢ

338 5252 434 5326 οὐρανῷ
445 5273 482 5318 τι,
494 5256 535 5308 καὶ
546 5256 633 5327 κόσμῳ
647 5255 709 5327 πρὸς
724 5253 837 5323 ἀλήθειάν
852 5253 913 5309 ἔστι.
1158 5255 1212 5311 καθ’
1226 5257 1319 5312 ἕκαστα
1330 5256 1355 5312 αἱ
1366 5255 1472 5331 πράξεις.

374 5337 606 5393 ὁΖ1111111.11)111.
629 5338 650 5393 l.
674 5336 812 5395 difficili.
835 5341 973 5404 Petrum,
995 5340 1110 5415 (ἔνδησο-

367 5573 377 5617 1
392 5569 440 5615 tlh.
452 5567 495 5613 xv.
510 5568 672 5614 Thomu-2
682 5566 730 5613 tib.
741 5567 766 5612 i.
777 5568 804 5613 dt
816 5569 897 5616 Gemi
906 5569 935 5614 td
945 5570 989 5617 tttt
999 5582 1019 5615 c.
1031 5580 1065 5615 ιν.
