4134 6182
839 411 1054 473 PllAEl'llTlO.

604 671 672 749 DE
700 669 799 750 HAG
827 670 962 749 NOVh
990 670 1249 752 EDlTlthE.

178 941 213 1007 l⁰
237 939 275 1006 ln
289 937 352 1004 hac
364 958 450 1005 nova
465 934 572 1026 operis
587 939 843 1020 Theolopicorum
854 941 1037 1021 decanatum
1053 937 1212 1020 editione,
1229 962 1287 1028 pro
1300 940 1457 1027 religione
1469 939 1642 1009 babuimus
1655 942 1737 1011 nihil

135 1063 272 1132 omnino
301 1061 335 1129 in
363 1070 454 1129 textu
482 1059 660 1128 Petaviano
683 1059 872 1146 immutare,
899 1060 1021 1151 absque
1046 1062 1296 1151 praecedentium
1321 1063 1503 1132 editionum
1526 1066 1731 1147 auctoritate,

134 1209 276 1279 eumque
291 1208 358 1254 non
374 1186 557 1274 interrupta
577 1182 660 1251 serie
680 1183 854 1272 legendum
870 1183 984 1251 lectori
1004 1182 1168 1253 exhibere.
1193 1185 1397 1277 Quapropter
1421 1189 1524 1257 tracias
1539 1192 1737 1261 contulimus

135 1311 308 1393 editiones,
325 1331 504 1399 omnesque
517 1316 624 1393 notas,
643 1330 714 1400 quae
734 1308 767 1375 in
786 1316 878 1375 textu
896 1308 1104 1393 intermixtae,
1126 1313 1197 1401 ejus
1211 1311 1328 1403 seriem
1345 1311 1597 1403 abrumpebant,
1614 1317 1656 1382 ad
1672 1316 1738 1383 ima

136 1436 328 1526 paginarum
344 1436 415 1502 loca
429 1432 657 1522 relegavimus.
1320 1520 1324 1529 ι

178 1561 216 1628 2⁰
238 1561 358 1629 Breues
378 1557 507 1627 notulas
525 1558 560 1623 in
579 1554 779 1643 marginibus
802 1556 969 1645 ponendas
981 1579 1069 1625 nunc
1088 1558 1229 1648 primum
1248 1561 1443 1629 curavimus.
1461 1562 1517 1629 Ha
1538 1563 1673 1648 notulae,
1686 1586 1739 1632 res

138 1707 208 1776 que
221 1685 256 1752 in
267 1681 413 1776 quolibet
424 1680 625 1771 paragrapho
635 1688 827 1764 tractantur,
838 1679 995 1763 indicant,
1005 1679 1158 1749 etlectori
1167 1683 1376 1772 investiganti
1385 1707 1527 1775 persaepe
1539 1696 1615 1756 sunt
1627 1689 1738 1755 utiles.

179 1810 215 1878 3⁰
237 1809 383 1877 indicem
392 1805 580 1897 generalem
603 1814 673 1873 tum
690 1803 875 1889 verboram,
900 1816 969 1873 tum
989 1829 1110 1892 rerunt,
1126 1809 1226 1898 quiin
1239 1808 1391 1877 omnibus
1407 1810 1665 1899 praecedentibus
1681 1814 1737 1881 de-

127 1927 653 2012 ·siderabatureditionibus,nunc
664 1929 804 2018 primum
816 1929 1056 2015 adornavimus,
1069 1932 1144 1998 etin
1156 1932 1221 2000 fine
1232 1935 1312 2001 tomi
1321 1934 1404 2002 sexti
1412 1944 1445 2002 et
1456 1935 1563 2003 ultimi
1575 1937 1737 2005 edendum

137 2053 1737 2147 curabimus.lnhocindicelocupletissimo,etquantumlieripotuit,numerisomnibusabsoluto,

138 2186 276 2254 indicem
289 2181 533 2273 particularem,
545 2200 643 2270 quem
659 2178 727 2269 ipse
741 2178 892 2248 Patavins
904 2180 1122 2263 concinnavit,
1140 2190 1173 2248 et
1188 2181 1314 2251 duobus
1330 2184 1426 2252 tomis
1443 2188 1478 2252 de
1495 2189 1734 2269 lracarnationc,

138 2310 224 2378 velut
236 2306 440 2389 coronidem,
456 2301 606 2394 subjecit,
617 2302 737 2394 quique
755 2303 885 2371 nonnisi
899 2302 1087 2371 decurtatus
1103 2313 1136 2372 et
1148 2305 1360 2375 detruncatus
1375 2308 1408 2376 in
1424 2308 1588 2400 plerisque
1599 2308 1738 2379 habetur

137 2428 345 2506 editionibus,
372 2428 536 2516 integrum
557 2426 761 2516 reponimus,
785 2449 904 2516 magno
924 2449 1001 2495 sane
1020 2428 1180 2497 lectorum
1197 2431 1381 2500 commodo.
1405 2433 1584 2501 Videantur
1608 2434 1737 2502 articuli

138 2559 303 2637 Christus,
316 2552 368 2619 vel
383 2554 510 2635 Mario,
526 2561 561 2619 et
575 2550 642 2629 alii,
656 2550 712 2620 ubi
727 2561 845 2619 cuncta
868 2575 940 2643 quae
956 2553 996 2621 de
1016 2552 1145 2623 Christo
1167 2564 1201 2622 et
1220 2554 1314 2622 beata
1336 2555 1468 2643 Virgine
1484 2557 1739 2649 hebetantque

140 2692 185 2746 tas
197 2678 231 2745 in
249 2674 480 2766 compendium
497 2675 628 2743 redacta
642 2675 807 2764 leguntur.

179 2805 215 2871 4⁰
238 2804 375 2881 Auctor,
389 2799 444 2890 qui
460 2800 586 2868 Graecas
601 2800 726 2867 litteras
739 2821 829 2891 aque
840 2822 883 2881 ac
895 2800 1025 2869 belinas
1034 2803 1179 2891 apprime
1194 2801 1349 2886 callebat,
1362 2803 1496 2893 phrases
1510 2802 1634 2892 aliquas
1650 2803 1737 2871 Grae-

138 2948 200 3009 cas,
225 2946 286 2994 sen
306 2925 421 2993 saltem
440 2923 614 2992 nonnullas
643 2944 750 3004 voces,
778 2923 937 3014 equibus
961 2926 1061 2993 totius
1092 2927 1260 3015 pericopes
1284 2947 1397 2993 sensus
1423 2925 1594 3015 dependet,
1626 2925 1737 2994 Greco

139 3061 228 3122 textu
238 3046 686 3138 interserit,qnineasLatina
696 3047 961 3136 interpretatione
971 3048 1427 3138 illustret-Harumphrasium
1437 3070 1494 3115 seu
1510 3070 1625 3116 vocum
1635 3048 1733 3117 inter·

135 3175 350 3269 pretationem
359 3172 507 3240 Latinam
520 3171 553 3238 in
566 3170 778 3261 marginibus,
792 3180 826 3239 et
838 3182 1000 3240 caractere
1011 3172 1120 3241 italico
1135 3173 1320 3241 distinctam
1335 3171 1478 3256 edimus,
1496 3170 1656 3262 aliquibus
1671 3172 1737 3239 lor-

139 3312 221 3369 tasse
232 3296 306 3365 usui
320 3296 474 3375 loturam,
489 3317 509 3362 a
523 3294 646 3363 caeteris
659 3293 753 3362 facile
767 3295 1089 3385 praetermittendam.

178 3426 214 3492 5⁰
236 3423 415 3492 Maximum
425 3443 502 3490 sane
512 3430 627 3489 auctor
637 3429 748 3488 noster
760 3419 1070 3510 impenditstudium
1084 3442 1118 3487 m
1131 3421 1265 3489 Patrum
1279 3420 1453 3508 seligendis
1471 3406 1676 3505 testimoniis,
1691 3440 1734 3487 ne

137 3573 194 3641 pro
206 3547 359 3640 genuinis
372 3545 482 3636 spuria
500 3545 550 3614 vel
565 3544 663 3613 dubia
677 3544 861 3612 ascisceret.
876 3542 940 3612 Sed
956 3543 989 3610 in
1012 3552 1101 3611 tanta
1116 3542 1277 3632 farragine
1293 3541 1476 3621 dubiorum,
1489 3541 1698 3631 spurioruml
1715 3582 1728 3592 -

137 3691 244 3761 tuum,
260 3674 317 3767 qui
329 3675 363 3742 in
371 3674 513 3765 antiquis
521 3671 718 3743 editionibus
730 3680 915 3739 sanctorum
924 3670 1070 3755 Petrum,
1084 3691 1163 3759 quas
1177 3669 1210 3736 in
1229 3668 1379 3736 manibus
1391 3667 1476 3736 solus
1488 3666 1642 3756 babebat,
1655 3692 1729 3737 cum

137 3798 472 3891 genuinisintermixti
479 3800 601 3890 jacent,
615 3818 712 3886 supra
722 3794 936 3864 eratbominis
950 3794 1033 3862 vires
1039 3816 1105 3863 non
1116 3793 1289 3883 aliquando
1298 3814 1370 3859 esse
1383 3791 1570 3880 deceptum,
1581 3801 1614 3859 et
1625 3792 1734 3881 potius

137 3924 351 3994 admiratione
369 3920 504 4009 dignum
520 3919 691 3999 videbitur,
704 3928 871 3987 auctorem
883 3929 1031 3986 nostmm
1045 3940 1111 3985 non
1126 3917 1242 4006 saepius
1251 3937 1386 3998 errasse,
1401 3926 1435 3983 et
1453 3915 1486 3981 in
1507 3915 1671 4005 plerisque
1679 3937 1732 3984 ca-

137 4045 238 4132 sihus,
254 4046 489 4117 subodoratum
506 4067 589 4122 esse,
607 4043 694 4136 quod
706 4053 829 4133 postea,
847 4042 973 4131 magnis
989 4041 1162 4111 exantlatis
1173 4039 1349 4119 laboribus,
1364 4038 1515 4106 monachi
1529 4038 1730 4107 Benedictiui

138 4173 425 4262 ceongregatione
440 4169 544 4239 sancti
557 4168 671 4247 Mauri,
701 4166 822 4257 aliique
846 4165 906 4234 viri
925 4165 1058 4251 eruditi,
1078 4165 1184 4233 lucem
1202 4164 1235 4231 in
1257 4164 1320 4233 hoc
1334 4163 1505 4232 tenebroso
1521 4163 1603 4231 chao
1623 4165 1736 4254 praefe-

139 4306 259 4377 rentes,
279 4297 496 4385 persecerunt.
513 4294 578 4361 Nos
592 4290 750 4397 nonnulla
764 4290 846 4369 loca,
861 4290 900 4357 de
917 4289 1033 4380 quibus
1049 4289 1174 4357 nullum
1188 4289 1265 4355 olim
1284 4288 1430 4356 dubium.
1450 4297 1484 4356 et
1506 4310 1577 4379 quae
1593 4311 1682 4357 nunc
1699 4291 1732 4357 in

141 4422 395 4489 controversiam
407 4428 576 4499 vocantur,
593 4414 789 4492 notavimus
809 4413 971 4504 dehisque
985 4412 1183 4482 monendum
1197 4413 1354 4480 lectorem
1370 4412 1568 4480 censuimus.

183 4544 266 4612 Cum
282 4545 350 4614 brec
369 4546 471 4613 editio
486 4543 648 4611 variomm
662 4534 838 4607 'auctorum
857 4539 944 4606 notis
964 4536 1006 4605 sit
1021 4537 1230 4621 illustranda,
1250 4536 1427 4628 unicuique
1445 4546 1531 4604 note
1547 4535 1737 4629 subjicietur

141 4667 391 4759 chirographum
412 4665 591 4736 initialibus
607 4664 743 4747 litteris,
757 4672 924 4731 auctorem
949 4661 1095 4730 indicans
1116 4662 1169 4730 cui
1183 4663 1225 4729 sit
1250 4659 1440 4732 tribuenda.
1458 4660 1582 4729 scilicet
1609 4663 1646 4731 Τ.
1670 4665 1733 4733 ΑΙ..

141 4792 355 4883 Theophilum
375 4792 576 4869 Alethinum‚
590 4811 647 4857 seu
674 4786 850 4856 Adrianum
874 4786 1024 4870 beclem,
1053 4786 1088 4853 Z.
1110 4786 1319 4854 Franciscunr
1345 4785 1524 4854 Antonium
1549 4784 1735 4853 Zaclmriam

142 4929 307 4986 auctorem
329 4915 484 4985 editionis
500 4914 707 4996 Venetiame,
724 4912 761 4980 E.
775 4913 816 4980 R.
837 4911 985 4979 Editores
997 4912 1152 4993 Romani,
1170 4910 1243 4980 Car.
1267 4911 1431 5000 Passaglia
1447 4920 1480 4979 et
1500 4910 1603 4980 Clem.
1620 4910 1737 4978 Schra-

142 5038 213 5122 der3
226 5041 257 5109 J.
274 5042 312 5108 B.
327 5040 378 5108 F..
391 5039 525 5107 Nostras
536 5038 689 5109 referent.
704 5038 818 5128 Siqua
830 5037 900 5105 alia
913 5036 1060 5117 edantur,
1076 5038 1239 5124 integrum
1249 5036 1390 5105 auctoris
1404 5058 1525 5103 nomen
1538 5034 1735 5105 retinebunt.

859 5305 888 5371 J.
913 5304 949 5369 Β.
975 5302 1208 5370 Fottnntnts
1232 5324 1305 5372 can.
1330 5323 1406 5370 non.
1432 5323 1602 5371 reatensis.
