4134 6182
314 203 352 266 ιν
729 197 768 256 lN
791 198 889 259 OPUS
909 197 1237 260 THEOLOGICORUM
1258 198 1489 260 DOGMATUM.

315 346 467 407 connaric
484 363 557 405 vero
580 344 763 404 catholicam
780 345 948 405 Ecclesiam
963 346 1048 407 nuda
1061 351 1092 407 et

314 439 445 521 simplici
472 439 599 500 veritate
622 456 687 498 esse
718 443 901 498 contentam.
933 439 1019 500 «Sic
1032 439 1091 499 lio-

315 533 590 595 nesiisnominibus
600 579 608 608 ,
618 532 873 611 inquit,etverbis
887 532 1015 609 decoris,
1026 538 1091 593 tan-

316 645 411 707 quam
433 625 511 687 fictis
532 624 686 686 coloribus
700 624 723 700 ‘,
741 625 910 686 foeditatem
930 627 1090 687 contrariae

316 721 441 799 quidem
450 720 626 799 impietatis,
637 719 691 779 sed
704 725 809 781 tamen
820 720 961 799 aequalis,
977 720 1091 781 bones·

314 820 380 875 tare
390 815 530 874 nituntur
538 819 562 874 1.
574 813 667 886 Quasi
675 814 812 875 sardium
818 814 908 875 nobis
913 814 951 875 sit
965 814 1091 894 elegan-

314 909 358 970 tia
367 910 527 971 nominum
539 908 656 985 utendi,
666 914 697 969 et
707 927 770 969 non
783 909 883 987 potius
897 908 1006 969 faciem
1015 909 1093 969 veri-

314 1003 386 1064 tatis
406 1020 477 1063 vere
501 1019 628 1062 auream
649 1001 835 1080 aspiciendi;
857 1020 920 1080 qua
946 1000 1024 1061 nihil
1046 1006 1091 1061 est

318 1097 493 1173 amabilius,
521 1098 662 1176 quamvis
689 1096 768 1157 nihil
787 1096 912 1176 elegans
939 1103 970 1158 et
986 1096 1091 1177 splen-

317 1191 425 1251 didam
433 1189 566 1252 accedat.
586 1189 695 1250 »Audi
706 1196 737 1249 et
751 1190 938 1268 cyprianum
955 1191 988 1250 in
1009 1190 1091 1270 epis·

316 1284 380 1344 iola
393 1283 528 1344 secunda
542 1280 582 1342 ad
590 1281 752 1342 Boeotum.
774 1304 787 1338 ε
804 1284 839 1342 ln
848 1282 983 1361 judiciis,
995 1284 1048 1357 ait,
1058 1283 1091 1342 in

318 1378 463 1440 concione
474 1396 530 1458 pro
549 1377 665 1452 rosiris,
682 1377 827 1458 opulenta
842 1378 986 1440 facundia
1002 1378 1092 1439 volu-

318 1472 375 1533 bili
389 1471 555 1533 ambitione
574 1470 715 1548 jacietur.
730 1472 808 1531 Cum
831 1470 870 1531 de
883 1472 1013 1531 Domino
1031 1488 1092 1529 νοιι

319 1572 375 1641 est,
387 1567 469 1628 vocis
488 1583 567 1645 pura
580 1565 734 1626 sinceritas
754 1583 818 1625 non
843 1563 1026 1643 eloquentiae
1046 1564 1093 1623 vi-

318 1661 403 1721 libus
411 1660 517 1720 nititur
527 1659 566 1719 ad
580 1658 653 1719 fidei
661 1664 853 1739 argumenta,
864 1659 918 1719 sed
926 1658 1030 1721 rebus.
1044 1678 1060 1716 ι

361 1752 490 1815 Pulchre
499 1772 535 1813 ac
546 1753 656 1814 diserte
671 1752 774 1813 locum
789 1753 873 1814 huno
889 1754 1009 1814 ornavit
1019 1754 1093 1813 Lao·

318 1848 469 1910 tantiusin
478 1846 855 1925 libroquinioDiviaarum
862 1846 1093 1907 institutionum.

322 1942 411 2004 Ubi«
436 1941 517 2002 hanc
536 1939 688 2019 imprimis
706 1957 830 2000 causam
851 1957 916 2000 esse
935 1939 1019 2014 dicii,
1041 1956 1096 1999 cur

320 2032 403 2116 apud
424 2035 573 2114 sapientes
595 2039 626 2092 ei
647 2033 750 2094 doctos
775 2038 805 2092 et
828 2032 980 2112 principes
1002 2032 1096 2109 helius

322 2127 426 2190 saeculi
436 2128 592 2207 Sciipbrra
605 2132 709 2186 sancta
722 2125 781 2186 lide
798 2129 909 2201 careat,
926 2125 1010 2204 quod
1024 2142 1097 2203 pro·

321 2223 421 2303 phetae
439 2219 597 2281 commrmi
620 2238 656 2279 ac
679 2218 810 2297 simplici
832 2235 983 2293 sermone,
1005 2222 1040 2277 ui
1057 2217 1097 2277 ad

321 2313 482 2395 populum,
494 2318 566 2373 sunt
575 2311 680 2374 locuti.
694 2313 936 2372 Contemnuntnr
945 2310 1049 2389 itaque
1057 2310 1096 2370 ab

323 2407 361 2468 iis
380 2406 435 2487 qui
452 2405 531 2467 nihil
546 2405 664 2480 audire,
681 2403 731 2464 vel
746 2403 848 2482 legere
859 2402 918 2462 nisi
930 2402 1098 2483 expolitum

324 2521 360 2563 ao
379 2501 528 2561 disertum
548 2498 667 2572 volunt,
681 2516 738 2558 nec
762 2497 932 2577 quidquam
949 2497 1099 2561 inhaerere

324 2595 434 2656 animis
449 2610 557 2654 eorum
572 2598 681 2671 potest,
690 2592 749 2652 nisi
762 2591 846 2670 quod
859 2590 1012 2652 blandiori
1023 2609 1098 2652 sono

325 2687 503 2770 permulcet.
523 2685 581 2747 Illa
597 2704 682 2761 vero,
710 2704 779 2765 quae
804 2686 928 2746 sordida
944 2685 1097 2760 videntur,

325 2782 429 2858 anilia,
450 2781 564 2859 inepta,
587 2779 728 2858 vulgaria
751 2778 986 2840 exsistimantur.
1014 2778 1100 2839 Adeo

324 2875 402 2938 nihii
420 2892 529 2935 verum
546 2878 666 2953 putant,
688 2873 747 2934 nisi
772 2874 854 2952 quod
880 2874 986 2934 auditu
1006 2890 1099 2935 suave

325 2975 384 3044 ost3
404 2968 482 3029 nibil
504 2966 662 3044 credibile,
676 2967 830 3046 nisiquod
845 2972 943 3045 potest
963 2966 1100 3027 incutere

323 3064 521 3144 voluptatem.
536 3062 634 3121 Nemo
647 3078 714 3121 rem
731 3061 857 3122 veritate
874 3061 1032 3140 ponderat,
1046 3060 1100 3121 sed

325 3164 446 3219 ornatu.
468 3157 536 3216 Non
557 3154 686 3215 credunt
702 3172 777 3233 ergo
797 3155 918 3230 divinis,
940 3155 1013 3234 quia
1029 3154 1100 3215 frico

325 3257 440 3314 carent.
462 3250 522 3310 Sed
537 3267 577 3309 ne
595 3249 656 3308 illis
673 3248 810 3328 quidem,
826 3249 881 3327 qui
901 3266 938 3308 ea
955 3248 1101 3328 interpre-

326 3351 441 3419 tantur,
464 3342 538 3422 quia
560 3347 632 3401 sunt
650 3346 681 3401 et
697 3341 756 3421 ipsi
776 3347 830 3401 aut
848 3341 975 3401 omnino
995 3342 1097 3417 rudes,

327 3446 380 3500 aut
390 3443 470 3499 certe
482 3453 592 3515 parum
606 3435 696 3495 docti.
717 3436 796 3495 Nam
809 3441 845 3494 ut
857 3435 948 3515 plane
962 3437 1022 3497 sint
1034 3437 1100 3497 elo-

327 3541 467 3614 quentes,
482 3547 607 3610 perraro
621 3528 779 3607 contingit,
800 3534 857 3590 eto.
877 3552 891 3586 ν

368 3625 420 3686 lV.
441 3624 515 3696 Quae
529 3622 674 3683 uesani
691 3621 788 3682 oratio
801 3627 865 3682 tam
884 3622 1002 3683 divinas
1008 3624 1100 3684 Litte-

328 3738 389 3795 ras,
415 3734 510 3797 quam
539 3722 715 3778 nostrorum
744 3715 959 3795 theologorum
990 3718 1100 3797 scripta

330 3811 483 3885 sublevat,
500 3816 530 3870 et
549 3809 696 3871 invidiam
723 3809 868 3870 amolitur
886 3809 1025 3889 plebeiae,
1042 3829 1099 3872 noo

328 3906 399 3967 satis
413 3905 532 3966 disemos
545 3903 706 3963 locutionis
722 3922 729 3962 ε
747 3903 830 3982 quod
848 3903 907 3964 hoc
921 3905 1018 3985 capite
1031 3923 1099 3964 sus-

327 4000 473 4080 cepimus.
490 3998 528 4058 Et
541 3996 665 4076 quidem
680 4015 751 4063 cnm
769 3996 932 4077 utrobique
945 3999 1100 4079 proposita

328 4096 366 4156 sit
375 4093 497 4168 veritas,
511 4110 547 4152 ac
558 4091 607 4152 vel
619 4091 697 4152 bene
704 4091 837 4166 vivendi,
848 4090 898 4151 vel
908 4097 988 4151 recte
1001 4110 1037 4151 ac
1048 4110 1100 4151 oa·

328 4188 440 4249 tholice
457 4185 601 4247 credendi
618 4190 842 4265 praeceptorum
859 4184 1017 4263 expositio,
1036 4202 1101 4246 non

332 4372 394 4446 μήτε
416 4368 613 4444 μεμελετηκέναι,
637 4373 699 4444 μήτε
717 4371 764 4444 μὴν
787 4369 932 4440 ἐπιτηδεύειν
955 4368 1099 4439 ἑλληνίζειν·

329 4455 465 4529 ίιιανδνγάρ
485 4457 602 4525 δήτοῦτο
624 4455 829 4529 ἀποδημαγωγεῖν
849 4462 892 4524 τῆς
913 4456 1026 4524 ἀληθείας
1047 4457 1102 4519 εοίνς

330 4540 446 4602 πολλοὺς·
462 4540 492 4594 τδ
507 4538 532 4593 δὲ
546 4545 582 4612 τῷ
593 4540 645 4594 ὄντι
653 4542 821 4613 φιλοσόφημα,
833 4538 876 4594 οὖν
885 4538 1101 4613 είςτὴνγλῶσσαν,

329 4624 379 4678 ἀλλ
389 4624 431 4687 ἐίς
443 4624 486 4693 τὴν
500 4626 601 4697 γνώμην
614 4625 695 4694 ὀνήσει
707 4626 762 4688 rob<
776 4621 910 4687 ἀπσίοντας·
925 4625 961 4678 δελ
972 4623 1009 4691 δὲ,
1020 4618 1101 4697 οἶμαι,

365 4816 471 4866 *Gracc
493 4815 582 4866 leonii
594 4816 665 4868 rerba
682 4816 757 4881 (Apud
770 4815 814 4867 ilai
823 4814 940 4879 sucus
957 4828 1019 4868 rora.
1033 4819 1054 4865 t.
1072 4816 1102 4881 li,

329 4894 370 4947 lib.
384 4897 404 4960 l,
418 4902 486 4946 curi.
507 4896 798 4959 restauraturus.
817 4899 905 4961 apag.
924 4898 949 4948 7.
966 4898 976 4959 )
993 4899 1048 4947 sunt
1059 4897 1103 4947 bu·

331 4982 445 5049 jusmodi.
481 4971 630 5044 Εόπρίπεσιν
660 4971 762 5043 ὀνόμασι
787 4973 827 5026 καί
850 4973 963 5043 εόφήμοις
988 4974 1102 5046 ῥήμασιν,

333 5061 418 5132 ὥσπερ
439 5059 567 5132 χρώμασιν
593 5057 759 5122 ἔπιπλάστοις,
781 5056 810 5111 τδ
841 5062 884 5125 τῆς
910 5056 1025 5130 isaurios,
1059 5058 1102 5131 μὲν

334 5142 392 5212 ίσης
402 5143 429 5197 δὲ
443 5143 551 5206 ἀσεόείας
561 5141 665 5205 δυσειδὲς
679 5141 836 5214 ἀποσεμιίνειν
849 5141 1033 5217 ἐπιχειροῦντες·
1041 5145 1105 5200 ὡσα-

1144 346 1233 406 valde
1246 346 1368 406 videtur
1386 345 1510 420 referre,
1531 347 1687 424 quomodo
1703 348 1772 421 mia,
1793 348 1869 408 daim
1887 354 1920 409 ct

1144 458 1217 500 vera
1231 440 1291 500 sint
1306 445 1336 499 et
1354 439 1509 513 salubria,
1530 440 1680 500 dicantrn.
1695 441 1813 521 Quippe
1835 458 1920 501 «nec

1144 551 1181 593 eo
1195 533 1287 593 debet
1300 532 1398 593 rideri
1412 532 1529 611 aliquid
1547 551 1657 594 verum
1672 533 1743 609 dici,
1760 534 1832 613 quia
1852 533 1920 594 elo·

1144 631 1274 704 quenier
1284 625 1405 702 dicitur,
1419 644 1476 686 nec
1490 645 1527 686 eo
1538 626 1662 702 falsum,
1678 629 1751 706 quia
1763 628 1922 707 incompo-

1143 719 1199 780 site
1215 725 1325 779 sonant
1346 719 1435 799 signa
1453 719 1615 781 labiorum.
1640 721 1756 782 Rursus
1775 740 1832 782 nec
1849 721 1922 782 ideo

1143 830 1263 888 uerum,
1280 812 1353 892 quia
1367 812 1504 892 impolite
1513 814 1699 890 eamdam,
1714 833 1772 875 nec
1784 815 1856 875 ideo
1866 813 1924 874 fal·

1144 923 1224 980 sum,
1241 906 1313 985 quia
1328 905 1507 986 splendidus
1527 922 1628 967 sermo
1644 912 1698 969 est.
1721 907 1780 969 Sed
1794 906 1924 987 perinde
2037 982 2038 985 Ἴ

1143 1004 1190 1059 est
1201 998 1350 1078 sapientia
1372 1004 1404 1059 et
1422 998 1560 1075 stultitia,
1581 1001 1660 1061 sicut
1674 996 1745 1061 sunt
1757 1000 1818 1061 cibi
1832 998 1925 1060 utilas
2037 1004 2038 1085 l

1147 1098 1179 1153 et
1192 1092 1334 1153 inutiles:
1349 1093 1451 1153 verbis
1467 1100 1570 1154 autem
1584 1094 1700 1155 ornatIs
1716 1100 1747 1155 et
1762 1095 1923 1170 inornatis,

1144 1186 1223 1247 sicut
1232 1187 1313 1247 vasis
1322 1185 1448 1247 urbanis
1459 1192 1490 1248 ct
1499 1188 1672 1263 misticanis,
1683 1194 1830 1268 utrosque
1839 1188 1925 1250 cibos

1143 1280 1401 1360 posseministrmi
1411 1286 1461 1357 ²,s
1479 1286 1513 1341 ut
1531 1300 1601 1342 vere
1608 1281 1712 1343 scribit
1722 1283 1925 1361 Augurstinus.

1146 1375 1244 1433 lmmo
1265 1372 1332 1433 fieri
1350 1379 1449 1453 potest
1464 1379 1498 1434 ut
1514 1375 1589 1435 dum
1609 1377 1766 1449 concinne,
1786 1394 1823 1435 ac
1836 1374 1927 1436 bonis

1145 1467 1246 1527 verbis
1257 1485 1306 1528 res
1317 1468 1436 1529 divinas
1448 1468 1552 1547 eloqui
1568 1470 1741 1545 studemus,
1753 1488 1805 1529 eas
1819 1468 1929 1529 obscu-

1145 1579 1249 1621 remus
1281 1562 1391 1641 magis.
1418 1563 1489 1623 ldeo
1516 1564 1644 1624 Faustus
1665 1563 1821 1643 Regiensis
1849 1582 1864 1617 ι
1894 1562 1928 1623 id

1146 1673 1179 1715 sc
1194 1655 1336 1733 primitus
1354 1655 1517 1716 ohservare
1540 1657 1593 1732 ait,
1610 1674 1650 1717 ne
1666 1675 1715 1717 res
1739 1674 1794 1736 per
1817 1675 1850 1717 se
1871 1657 1930 1717 ob·

1147 1765 1250 1808 scuras
1262 1747 1362 1808 studio
1381 1748 1540 1828 composlti
1549 1750 1697 1810 sermonis
1715 1749 1852 1810 involvat
1862 1750 1887 1809 ⁸.
1910 1768 1926 1805 s

1148 1841 1186 1900 Et
1204 1840 1362 1901 Ennodius
1390 1862 1404 1895 ι
1429 1840 1591 1919 dictorum,
1612 1843 1723 1922 inquit,
1744 1842 1930 1923 aliquotiens

1149 1952 1272 1994 amoena
1285 1934 1451 2013 fugientes,
1472 1935 1634 1995 materiam
1652 1935 1782 1996 solidam
1800 1953 1857 1995 suo
1876 1953 1931 1995 ore

1149 2028 1350 2103 celebremus,
1367 2046 1407 2088 ne
1421 2029 1531 2089 sentiat
1541 2029 1778 2110 virilitasoperis
1793 2030 1931 2092 enervati

1149 2123 1264 2183 damna
1283 2122 1431 2184 sermonis
1443 2131 1469 2182 t.
1485 2144 1500 2179 ι
1514 2123 1570 2183 Cui
1590 2136 1773 2203 germanum
1784 2124 1868 2186 istud
1886 2127 1933 2186 est

1151 2218 1231 2277 Petri
1253 2217 1420 2277 Damiani:
1450 2217 1685 2279 «vivacitatem
1710 2221 1931 2280 sententiarum

1150 2330 1251 2373 sermo
1264 2329 1302 2372 ex
1312 2310 1464 2370 industria
1474 2310 1719 2388 cultusevacuat,
1731 2317 1761 2373 et
1778 2314 1932 2374 dictoriam

1150 2405 1367 2486 vimsplendor
1376 2404 1550 2465 elaboratus
1557 2408 1934 2469 enervatamammun-

1153 2501 1185 2562 di
1206 2501 1376 2580 sapientes,
1408 2505 1443 2560 ut
1462 2499 1567 2560 scribit
1592 2501 1756 2582 Gregorius
1789 2502 1932 2583 Magnus,

1153 2614 1224 2656 cum
1232 2596 1344 2656 virtute
1354 2610 1458 2654 rerum
1471 2599 1607 2670 careant,
1620 2594 1705 2655 aliud
1718 2613 1751 2656 sc
1761 2613 1826 2657 esse
1838 2614 1933 2675 quam

1153 2696 1234 2766 sunt,
1247 2690 1414 2750 verborum
1424 2687 1706 2766 compositionibus,
1720 2690 1807 2767 quasi
1821 2707 1933 2770 supra·

1153 2782 1251 2842 ductis
1262 2780 1416 2843 coloribus
1423 2779 1623 2840 mentiuntur.
1634 2780 1935 2845 Atoontradocirina

1153 2875 1308 2955 sapientiae
1319 2879 1350 2934 et
1367 2872 1584 2953 predicatione
1602 2875 1733 2953 pulchra
1751 2882 1797 2936 est
1810 2883 1841 2937 et
1852 2892 1933 2957 para

1153 2969 1280 3029 veritate
1294 2969 1467 3047 mnspicua,
1479 2985 1536 3027 nec
1553 2967 1638 3029 aliud
1652 2986 1684 3029 se
1702 2986 1758 3049 per
1776 2969 1931 3031 fallaciam

1153 3062 1314 3141 praetendit
1334 3061 1466 3122 exterius
1487 3066 1518 3120 et
1539 3060 1621 3121 aliud
1640 3067 1777 3124 reservat
1791 3064 1931 3138 interius,

1154 3174 1256 3235 aeque
1267 3157 1300 3216 in
1315 3156 1402 3217 dictis
1421 3155 1485 3215 suis
1498 3154 1629 3234 pulchra
1643 3156 1741 3217 videri
1753 3158 1869 3237 appetii
1882 3157 1932 3217 ni·

1153 3254 1219 3310 tore
1233 3251 1392 3325 sermonis,
1406 3250 1459 3311 sed
1478 3249 1650 3329 integritate
1661 3249 1797 3311 remmus
1808 3247 1932 3312 ⁶.»B1e·

1154 3342 1222 3402 vius
1238 3344 1427 3422 Augustinus
1444 3343 1586 3404 eamdem
1602 3344 1833 3404 senteniiamita
1851 3362 1934 3405 com·

1155 3435 1263 3515 plexus
1275 3442 1341 3497 est:
1362 3458 1376 3494 ι
1394 3437 1557 3498 Mundanis
1566 3437 1764 3518 scriptoribus
1774 3444 1838 3499 tota
1858 3457 1934 3500 cura

1155 3529 1193 3589 de
1207 3530 1307 3590 verbis
1319 3536 1375 3603 est,
1387 3529 1497 3590 nostris
1507 3531 1642 3591 derebus
1654 3528 1679 3592 ⁷.
1690 3533 1802 3612 »Cujus
1813 3538 1843 3594 et
1852 3532 1933 3595 illud

1155 3622 1314 3700 eximium,
1331 3629 1422 3703 atque
1435 3624 1475 3684 ad
1486 3641 1552 3684 rem
1567 3625 1704 3704 apprime
1715 3627 1828 3690 faciens
1846 3628 1933 3708 quod

1155 3716 1337 3797 Agohardus
1350 3717 1383 3777 in
1395 3716 1474 3777 libro
1484 3723 1588 3777 cantra
1601 3716 1730 3781 Felicem
1747 3738 1934 3784 commemo·

1155 3816 1229 3870 rai:
1258 3832 1272 3866 a
1296 3811 1452 3870 Bonorum
1472 3810 1667 3888 ingeniorum
1690 3812 1842 3893 insignem
1863 3835 1933 3878 esse

1155 3903 1302 3979 indolem,
1322 3903 1354 3962 in
1372 3901 1474 3962 verbis
1487 3920 1595 3962 verum
1614 3922 1719 3966 amare
1740 3925 1804 3967 non
1823 3910 1930 3970 verba.

1156 3996 1234 4069 Quid
1259 3996 1342 4056 enim
1367 3995 1491 4075 prodest
1513 3993 1606 4054 clavis
1636 4016 1740 4074 aurea,
1763 4000 1789 4059 si
1812 4002 1933 4081 aperire

1156 4091 1240 4170 quod
1263 4090 1406 4150 volumus
1429 4106 1492 4149 non
1515 4088 1645 4168 potest?
1668 4092 1731 4153 Aut
1750 4094 1825 4173 quid
1845 4093 1935 4157 obest

1155 4183 1269 4263 lignea,
1293 4183 1317 4243 si
1331 4183 1390 4243 hoc
1404 4187 1511 4261 potest,
1529 4182 1653 4260 quando
1674 4184 1752 4246 nihil
1765 4188 1934 4266 querimus

1156 4371 1198 4425 εδν
1212 4368 1325 4438 ἀληθείας
1335 4369 1479 4441 ιιηδόμενον,
1493 4367 1536 4421 oda
1558 4367 1582 4431 ἐξ
1600 4367 1738 4438 ἔπιδονλῆς,
1752 4372 1791 4425 καί
1805 4373 1934 4447 φροντίδος

1155 4455 1199 4524 τὴν
1213 4457 1299 4529 φράσιν
1317 4455 1445 4509 συνθεῖναι·
1467 4451 1632 4525 πειρᾶσθαιδὲ
1651 4453 1778 4527 ὀνομάζειν
1793 4460 1877 4531 μόνον,
1899 4460 1934 4522 ὥς

1156 4541 1280 4594 δύναταιδ
1295 4540 1406 4613 βούλεται
1423 4538 1478 4600 robe
1496 4537 1543 4611 γὰρ
1556 4544 1605 4592 τῶν
1625 4537 1714 4601 λέξεων
1736 4540 1879 4615 ἐχομένους,
1893 4546 1935 4597 καί

1156 4625 1211 4697 τερί
1225 4625 1311 4687 saitae
1322 4622 1517 4696 ἀσχολουμένους
1535 4623 1696 4695 διαδιδράσκει
1708 4624 1738 4679 sd
1750 4627 1893 4699 πράγματα.

1157 4817 1290 4872 sciscitor
1311 4814 1505 4887 ἐσπουδασμίνον
1526 4812 1585 4886 ἡμῖν
1595 4817 1686 4879 κάλλος
1699 4815 1782 4871 ἀσιιεῖν
1795 4817 1935 4892 ὀνομάτων,

1158 4901 1214 4955 ἀλλ’
1226 4903 1255 4956 σίν
1272 4902 1301 4957 εδ
1316 4908 1360 4970 τῆς
1381 4894 1494 4968 ἀληθείας
1506 4902 1611 4970 χρυσοῦν
1631 4901 1708 4964 ὀντως
1728 4905 1859 4975 πρόσωπον
1875 4903 1935 4959 ἀπο·

1158 4988 1261 5053 πταίειν,
1273 4982 1302 5054 ᾖς
1313 4986 1381 5040 odiis
1391 4985 1569 5059 ἐρασμιώτερον
1583 5003 1591 5050 ;
1601 4986 1645 5039 κάν
1659 4987 1688 5041 τδ
1698 4989 1743 5056 τῇς
1753 4984 1841 5051 λέξεως
1850 4988 1935 5063 εδιερε·

1158 5071 1200 5134 atr
1213 5073 1254 5125 καί
1267 5074 1367 5145 ραεδρόν
1381 5070 1413 5143 μὴ
1427 5072 1518 5142 προσῇ.
1534 5068 1564 5123 Ε.
1583 5066 1615 5126 R.

359 5278 368 5323 t
386 5276 465 5322 Leom.
480 5279 535 5321 tom.
557 5274 600 5319 1v.
616 5271 719 5322 Βιδίίοίλ,
736 5256 833 5322 Petram.
853 5295 879 5305 -
894 5273 979 5327 Mag.
995 5274 1037 5320 lib.
1048 5274 1080 5322 V.
1096 5274 1226 5332 Consciae.
1242 5285 1277 5323 ri,
1294 5298 1320 5309 -
1349 5275 1445 5330 tEpist.
1464 5276 1547 5333 163·-
1562 5275 1577 5325 i
1590 5277 1676 5323 Ennod.
1690 5274 1715 5320 ia
1735 5278 1846 5323 Pcraaesi
1857 5272 1936 5325 θίθσι-

334 5348 377 5394 εσί,
390 5369 416 5381 -
429 5346 533 5402 sapore.
545 5350 570 5395 6.
585 5360 605 5391 c.
617 5345 655 5394 θθ.
674 5351 724 5396 -6
738 5349 788 5394 Lib.
807 5347 896 5392 XVIII.
913 5346 992 5393 Ποισί.
1009 5360 1031 5394 c.
1046 5358 1121 5395 aava.

1136 5371 1162 5382 ·-
1176 5346 1189 5392 7
1204 5350 1264 5402 sug.
1279 5350 1320 5396 lib.
1338 5355 1395 5394 cont.
1406 5350 1476 5398 Adia,
1493 5364 1515 5397 c.
1533 5363 1566 5396 xi.
