4096 6190
339 300 399 362 592
846 297 1171 359 't‘ubccoutcout'u
1196 297 1414 358 beautron

339 483 396 545 per
408 466 539 527 humani
552 472 669 546 captus,
684 484 719 526 ac
730 464 850 526 moduli
862 465 982 524 ratione
993 462 1106 523 intelli·
1158 466 1278 541 poterat
1291 462 1398 523 videri.
1416 462 1454 522 Et
1464 460 1534 522 ideo
1548 459 1707 539 fragilitas,
1721 466 1754 519 et
1767 457 1927 519 mediocri·

338 559 477 637 gendum
496 563 552 634 est,
566 576 606 619 ne
620 557 701 637 quis,
717 558 810 618 etiam
823 565 891 637 post
903 556 983 616 hanc
998 555 1105 629 vitam,
1157 559 1204 614 tas
1217 554 1308 614 sortis
1329 555 1476 615 humane
1487 571 1543 633 per
1564 552 1669 632 ipsum
1686 551 1793 626 alitur,
1816 550 1927 630 produ·

339 666 378 711 ex
395 655 460 711 toto
479 651 579 711 Deum
600 648 719 712 anobis
742 668 829 730 posse
847 649 989 727 cognosci
1007 653 1104 727 putet,
1157 646 1248 721 citur,
1264 646 1423 721 educatur,
1445 649 1480 706 ut
1500 645 1667 723 aliquando
1689 646 1789 704 Deum
1808 661 1929 721 quoque

338 760 374 802 ac
396 748 461 802 tam
486 741 629 822 perfecte,
652 760 747 821 quam
769 743 855 802 novit
875 741 940 821 ipse
956 758 988 801 se
1001 759 1008 799 τ
1022 739 1105 819 quod
1156 737 1260 818 ipsum
1286 739 1419 813 Patrem,
1447 739 1574 798 adsueta
1599 736 1712 796 Filium
1741 735 1926 814 conspicere,

336 832 391 908 illi,
405 852 482 913 quos
493 838 601 894 contra
612 834 757 913 disputat,
774 833 912 895 heretici
923 832 1017 894 velin
1029 850 1107 912 prse-
1156 830 1263 909 possit,
1286 836 1321 891 ιιι
1346 835 1402 906 est,
1430 831 1556 904 videre,
1584 847 1625 889 ne
1645 827 1817 908 mejestatis
1837 827 1930 906 ipsius

335 926 415 986 senti
439 925 508 986 fieri
533 926 596 986 vita
618 926 727 988 stolide
748 925 915 1004 jactabunt.
944 926 1005 986 Sed
1029 914 1123 985 eitra'
1158 922 1321 1001 repentino
1352 928 1383 982 et
1411 921 1598 981 intolerabili
1629 920 1752 999 fulgore
1787 938 1930 999 percussa

335 1017 416 1078 banc
448 1017 717 1093 absolutissimam,
743 1024 775 1079 et
796 1018 962 1092 infinitam,
990 1035 1026 1077 ac
1048 1016 1104 1077 soli
1155 1015 1296 1094 intercipi
1310 1015 1415 1094 possit,
1430 1020 1465 1074 ut
1476 1015 1576 1076 Deum
1596 1015 1729 1085 Patrem,
1743 1030 1843 1091 quem
1856 1029 1930 1073 senc

165 1137 311 1235 cmm
334 1110 652 1263 Bepllcogvenientem
663 1118 820 1262 lmrttrpo,
833 1110 1032 1262 perspticuum
1043 1113 1102 1213 est,
1154 1125 1211 1258 pptr
1240 1106 1368 1259 optafirgt,
1394 1107 1501 1259 auliidere
1514 1105 1756 1259 lggnpgssgsse
1770 1103 1929 1263 ιζῖιιὲἶιιθιειῗ

275 1223 280 1235 ·
333 1220 366 1261 ιιι
421 1221 439 1262 o
479 1219 636 1282 regarium
675 1220 731 1262 oco
753 1219 878 1277 caram,
903 1222 920 1261 e
947 1219 1104 1281 propriam
1213 1217 1287 1277 crgo
1346 1217 1383 1258 us
1435 1217 1519 1278 quan
1645 1218 1662 1257 r
1760 1243 1768 1271 ,

332 1292 387 1354 Dei
401 1293 553 1371 notitiam,
578 1313 648 1373 quae
668 1293 739 1355 cisio
752 1294 874 1370 dicitur,
897 1295 1005 1354 creatis
1031 1312 1103 1354 eum
1153 1289 1211 1349 hoc
1224 1295 1270 1350 est
1282 1297 1393 1351 natura
1406 1291 1490 1351 illius
1502 1312 1510 1367 ;
1524 1291 1708 1369 citraquam
1726 1308 1795 1349 non
1809 1289 1927 1350 ridetur

333 1385 425 1447 rebus
438 1387 662 1447 communicari
674 1389 809 1448 credere.
1154 1387 1188 1442 ut
1213 1389 1270 1443 est.
1289 1384 1471 1444 Ambrosius
1490 1383 1566 1444 item
1589 1383 1624 1443 in
1650 1381 1878 1444 Conmentariis
1899 1382 1925 1441 ia

373 1478 423 1538 IV.
439 1479 527 1552 Quod
539 1479 665 1557 quidem
678 1484 785 1559 postea
805 1478 916 1557 majori
926 1479 1020 1539 etiam
1034 1478 1102 1539 luce
1151 1474 1274 1549 Lucam,
1301 1474 1361 1536 illis
1388 1475 1502 1551 verbis,
1525 1493 1596 1555 quae
1616 1473 1755 1535 laudavit
1771 1479 1803 1534 et
1817 1492 1925 1553 expen-

331 1570 478 1631 oraticuis
513 1572 649 1651 exponit.
678 1574 825 1647 uDeum,
857 1571 969 1650 inquit,
997 1571 1101 1649 cujus-
1152 1567 1198 1627 dit
1212 1568 1414 1647 Augustinus,
1432 1566 1533 1628 videri
1556 1568 1656 1628 Deum
1675 1567 1708 1626 in
1721 1566 1818 1626 beata
1829 1584 1925 1626 resm-

331 1662 416 1723 modi
435 1667 558 1738 natina,
584 1669 614 1724 et
637 1663 807 1724 substantia
829 1664 879 1738 sit,
914 1662 1019 1724 nullus
1041 1681 1100 1723 un·
1152 1659 1288 1721 rectione
1301 1661 1405 1732 sentit,
1424 1677 1518 1720 «non
1527 1658 1740 1739 corporalibus
1749 1658 1862 1731 oculis,
1876 1658 1924 1718 sed

330 1769 426 1829 quam
447 1752 566 1813 invenit
588 1752 763 1829 hominum,
793 1770 894 1832 neque
908 1770 1002 1831 porro
1017 1770 1102 1831 repe
1151 1752 1269 1812 mundo
1297 1751 1420 1813 corde¹.
1449 1753 1576 1825 »Quod
1600 1770 1640 1812 ex
1664 1751 1805 1811 Matthaei
1831 1751 1924 1830 capite

330 1842 400 1903 riat.
414 1844 462 1904 An
473 1862 547 1905 vero
559 1844 724 1924 aliquando
731 1845 770 1904 sit
780 1850 971 1924 reperturus,
983 1850 1102 1924 quserm
1151 1845 1261 1923 qllinto
1274 1846 1407 1925 probat:
1434 1845 1524 1906 Beati
1544 1843 1651 1905 mimda
1673 1841 1768 1910 corde,
1789 1842 1922 1923 qrmmirm

330 1936 389 1996 hoc
409 1936 463 2015 qui
485 1936 578 2011 volet,
601 1956 637 1998 ac
649 1937 783 1998 studiose
796 1942 1017 2018 perscrutetur.
1033 1939 1101 1999 Mea
1151 1936 1211 2017 a'psi
1221 1936 1315 1998 Deam
1327 1937 1474 1999 ardebant.

329 2027 456 2107 quidem
465 2029 617 2090 sententia
625 2034 700 2089 tunc
709 2030 852 2109 reperiet,
865 2049 938 2091 cum
951 2030 1100 2093 deiforme
1190 2030 1226 2090 V.
1254 2030 1444 2109 Augustinus
1467 2048 1541 2090 vero
1565 2030 1706 2109 pluribus
1731 2029 1765 2089 in
1780 2027 1859 2088 locis
1880 2028 1921 2089 id·

328 2118 399 2195 hoc,
415 2138 451 2179 ae
468 2120 621 2196 divinum,
637 2120 669 2181 id
683 2126 730 2182 est
740 2140 829 2182 mens
840 2128 956 2192 nostra,
971 2127 1003 2182 et
1020 2123 1099 2182 ratio
1151 2120 1254 2200 ipsum
1267 2122 1447 2197 confirmat3
1472 2122 1556 2183 utin
1584 2122 1712 2202 epistola
1740 2139 1803 2191 cxi,
1838 2120 1918 2185 illud.

328 2217 518 2272 cumnatura
529 2212 834 2291 cognatuconjuucta
842 2214 946 2289 fuerit,
960 2214 1099 2293 etimago
1151 2215 1234 2292 quod
1245 2214 1351 2275 scribit
1367 2214 1541 2295 Apostolus,
1570 2213 1646 2295 Beqi
1654 2212 1834 2275 serculorum
1852 2212 1918 2271 iari-

327 2303 368 2363 ad
379 2305 583 2384 archetypum
609 2306 790 2382 ascenderit,
805 2307 892 2385 cujus
918 2307 1010 2367 modo
1023 2308 1100 2368 desi-
1147 2304 1240 2377 sibili,
1259 2305 1481 2386 incorruptibili
1486 2306 1508 2379 ⁸,
1520 2306 1564 2368 sie
1572 2311 1711 2366 enarrat:
1728 2326 1745 2361 u
1761 2306 1919 2383 inconnp

327 2395 413 2456 derio
430 2401 564 2457 tenetur.
580 2398 681 2476 Atque
695 2397 771 2457 illud
786 2399 863 2459 mibi
880 2417 945 2460 esse
965 2399 1096 2475 videtur,
1148 2397 1228 2457 libili
1239 2398 1365 2477 qiridem
1375 2399 1410 2458 ιιι
1423 2399 1536 2460 mula
1549 2397 1757 2471 saecrrlomrm3
1777 2396 1920 2457 invisibili

328 2488 412 2566 quod
425 2493 511 2548 tanto
525 2488 628 2549 studio
643 2496 902 2565 commentamur,
918 2496 948 2551 et
962 2491 1097 2569 exquiri-
1148 2494 1254 2549 autem
1268 2509 1333 2551 non
1346 2490 1379 2550 in
1394 2491 1505 2551 saecula
1518 2490 1713 2563 scecrrlorum,
1730 2490 1788 2550 sed
1802 2496 1919 2550 tantum

327 2577 412 2639 mus¹
429 2597 436 2637 :
453 2597 565 2659 nempe
591 2599 649 2641 nos
671 2582 836 2660 aliquando
854 2587 978 2643 tantum
996 2584 1098 2662 cogui-
1148 2581 1182 2641 in
1193 2581 1387 2644 hocseeculo.
1399 2584 1516 2644 Verum
1526 2583 1666 2661 quianec
1677 2584 1737 2642 ista
1746 2582 1919 2643 testimonia

325 2675 423 2747 turos,
442 2677 595 2750 qiuantum
609 2675 724 2751 cogniti
738 2684 908 2735 sumus⁰.»
922 2675 1001 2735 Hinc
1023 2694 1097 2736 vero
1147 2673 1224 2734 falsa
1237 2694 1301 2736 esse
1326 2679 1465 2754 possunt,
1495 2674 1585 2735 Beati
1608 2672 1716 2735 mundo
1735 2672 1837 2749 corde,
1854 2693 1917 2755 qao

329 2763 396 2823 sine
410 2764 474 2824 ulla
488 2763 693 2843 ambiguitate
706 2766 825 2826 clarum
844 2772 875 2827 ιι
899 2767 1097 2828 manifestum
1147 2765 1228 2825 aram
1243 2766 1301 2847 ι’ριι
1322 2766 1416 2827 mam
1430 2765 1568 2827 uidebant
1579 2764 1602 2827 ⁸.
1621 2768 1668 2841 Et,
1690 2765 1819 2826 Scimus
1841 2766 1915 2846 quia,

325 2855 438 2917 ‹iitinae
463 2864 583 2918 naturae
609 2864 808 2936 conspectum
829 2859 962 2920 affirmat
981 2861 1096 2937 Grego-
1148 2877 1213 2918 cam
1233 2859 1418 2939 apparuerat,
1442 2857 1548 2918 similes
1576 2858 1605 2918 ei
1627 2858 1757 2924 erimus:
1779 2858 1916 2938 quoniam

325 2947 390 3006 rius
404 2968 412 3021 ;
428 2967 486 3009 nec
501 2949 566 3009 ulla
574 2949 837 3028 interpretationis
849 2951 1004 3012 calumnia
1014 2951 1098 3014 illius
1149 2948 1310 3010 videbimus
1327 2970 1392 3010 eum
1407 2950 1495 3010 sabuti
1510 2958 1551 3010 est
1561 2949 1591 3018 ⁸,·
1604 2968 1719 3029 negare
1731 2966 1800 3009 non
1814 2969 1916 3029 possu-

326 3040 420 3099 serba
429 3041 605 3120 detorqueri
615 3050 754 3120 possunt.
768 3043 883 3105 Eodem
890 3050 1005 3123 spectat
1014 3046 1097 3124 quod
1147 3061 1228 3114 mus,
1245 3042 1324 3103 lilios
1337 3042 1392 3102 Dei
1403 3042 1524 3102 visuros
1536 3044 1647 3115 Deum,
1661 3042 1715 3102 sed
1723 3043 1807 3102 sicut
1819 3042 1918 3103 viden·

324 3131 357 3191 in
392 3134 530 3194 oratione
565 3152 596 3209 x,
623 3133 654 3193 ia
685 3134 812 3214 fratrem
848 3134 1007 3197 (asariam
1042 3138 1094 3214 ait,
1146 3139 1200 3193 tur
1222 3133 1398 3209 invisibilia,
1424 3138 1481 3194 etc.
1511 3134 1599 3195 Unde
1624 3139 1730 3194 autem
1755 3134 1917 3195 invisibilia

324 3230 524 3304 sanctospost
539 3231 673 3286 mortem
682 3245 747 3287 non
756 3227 890 3306 amplius
899 3246 955 3308 per
963 3229 1097 3308 aenigma
1146 3225 1301 3301 videntur,
1324 3225 1383 3285 nisi
1403 3226 1499 3287 oculis
1515 3225 1636 3287 cordis?
1657 3246 1673 3282 o
1692 3225 1773 3285 Etin
1795 3226 1916 3305 epistola
2028 3276 2029 3299 2

324 3320 354 3375 et
377 3316 548 3395 speculum,
574 3318 628 3378 sed
645 3324 867 3396 «puramente
891 3339 1002 3399 puram
1016 3322 1095 3381 veri·
1146 3334 1215 3393 cxu,
1229 3335 1309 3396 saepe
1322 3318 1406 3378 idem
1429 3319 1562 3379 inculcat
1576 3337 1584 3392 ;
1596 3323 1689 3397 atque
1711 3317 1811 3395 hujus
1830 3318 1915 3378 etiam

322 3413 419 3467 tatem
426 3408 594 3470 intuerit.»
604 3411 785 3471 Etoratioue
793 3411 917 3472 funebri
925 3413 956 3472 ia
966 3421 1095 3474 sanctum
1148 3414 1369 3489 argumentum
1380 3410 1426 3471 rei
1442 3410 1616 3490 suppeditat
1635 3429 1674 3470 ex
1691 3410 1820 3489 piorum
1832 3430 1914 3471 sanc·

324 3497 485 3575 Basiliam,
499 3519 569 3579 quae
585 3507 631 3562 est
649 3520 701 3577 xx,
716 3503 841 3563 eosdem
854 3503 961 3565 beatos
982 3504 1097 3566 indicat
1145 3503 1470 3584 torumquedesiderio
1479 3503 1623 3582 petitum.
1641 3502 1859 3563 «Desiderium
1868 3521 1916 3563 au·

327 3613 343 3649 a
370 3598 519 3667 sanctam,
550 3611 586 3653 ac
616 3593 739 3654 beatam
774 3595 955 3656 Trinitatem
992 3597 1095 3658 ridere
1145 3599 1209 3656 tem
1223 3595 1517 3675 veraciterpiorum,
1535 3595 1579 3655 ait
1599 3595 1697 3674 capite
1720 3601 1916 3674 netarumque

323 3684 443 3764 purius,
459 3703 495 3745 ae
508 3684 673 3763 pericctius
684 3695 706 3746 ⁶.
718 3708 733 3742 ιι
1145 3688 1250 3749 videre
1264 3689 1364 3749 ileum
1378 3689 1518 3768 cupiunt,
1532 3692 1562 3747 et
1573 3687 1731 3748 inhianter
1740 3688 1912 3761 ardescunt,

363 3776 478 3836 Auctor
488 3776 539 3836 ille
548 3776 619 3837 libri
630 3775 665 3837 de
678 3776 831 3853 Tmm'tate,
846 3781 901 3857 qui
909 3779 1095 3841 Novatianus
1145 3780 1912 3860 nonopinorineamspeciemcontuendamllagmt,

323 3873 461 3935 vocatur,
478 3887 543 3929 non
557 3869 670 3929 dubius
684 3871 786 3930 eidem
804 3871 1007 3932 asseverando
1018 3872 1093 3952 dog·
1144 3892 1216 3952 qiua,
1231 3873 1350 3949 utvult,
1360 3879 1488 3953 apparet
1500 3872 1584 3951 quod
1594 3873 1658 3952 ipse
1668 3877 1802 3945 nonest,
1819 3874 1913 3934 sedin
2026 3894 2027 3925 ;

323 3961 399 4020 mati
410 3961 496 4022 testis
518 3961 636 4022 accedit
648 3962 748 4040 capite
761 3980 844 4039 xxvi,
858 3963 911 4022 ubi
927 3965 1048 4024 Patrem
1062 3963 1095 4024 in
1145 3982 1214 4024 earn
1220 3964 1435 4039 substantiam,
1448 3965 1581 4044 quaipse
1587 3968 1632 4025 est
1638 3962 1722 4042 quod
1732 3968 1791 4024 est.
1805 3964 1914 4038 »Quod

323 4053 422 4113 veteri
435 4053 578 4131 legenon
600 4072 665 4114 esse
685 4061 886 4133 conspectum
904 4056 964 4130 ιιι,
978 4055 1032 4115 sed
1045 4055 1093 4115 Fi·
1144 4057 1238 4116 etium
1262 4075 1300 4117 ex
1313 4057 1406 4117 Masis
1419 4056 1581 4129 desiderio,
1598 4055 1781 4117 etoratione
1795 4056 1912 4135 probat,

323 4145 401 4205 lium
422 4146 534 4222 solum,
551 4147 605 4225 qui
620 4148 705 4207 varia
720 4148 778 4207 sub
799 4149 973 4228 imaginum
996 4149 1095 4227 specie
1147 4146 1267 4209 Ostende
1279 4147 1357 4209 milti
1370 4147 1553 4230 temetipsam
1563 4146 1587 4209 ⁸.
1606 4148 1699 4227 «lpse
1711 4166 1789 4227 ergo
1804 4149 1913 4209 eratin
2025 4216 2026 4227 ,

327 4259 341 4294 u
351 4237 536 4298 descendere
548 4239 655 4300 solitus
664 4245 720 4313 est,
736 4245 766 4301 ct
777 4240 876 4301 videri
888 4239 961 4320 quia
973 4241 1095 4302 descen-
1145 4258 1181 4299 ea
1204 4240 1315 4319 specie,
1346 4258 1410 4320 qua
1430 4259 1578 4321 apparere
1603 4240 1761 4315 soluerat,
1778 4242 1835 4316 ait,
1853 4259 1913 4301 non
2025 4234 2026 4243 ’

323 4330 413 4390 derit.
430 4330 479 4391 Sic
503 4349 576 4409 ergo
597 4338 628 4393 et
640 4332 788 4407 Christus,
804 4333 836 4392 id
850 4339 896 4394 est
909 4333 1012 4411 imago
1028 4332 1093 4409 Dei,
1144 4336 1249 4392 autem
1276 4331 1342 4412 ipse
1367 4332 1536 4412 apparebat
1573 4332 1607 4392 in
1633 4337 1747 4393 natura
1779 4333 1911 4413 propria,

323 4428 354 4482 et
374 4422 469 4484 Filius
494 4423 548 4483 llei
568 4423 608 4483 ub
631 4423 809 4485 hominibus
836 4423 1007 4504 inspicitur,
1033 4443 1095 4503 qua
1145 4442 1240 4503 quam
1264 4423 1363 4486 Moses
1385 4424 1912 4507 viderecupiehatAEaquippcpro·

360 4778 381 4817 a
399 4761 488 4817 Gneo.
505 4760 570 4818 le.
586 4760 661 4816 Orat.
675 4776 768 4816 mlv.
784 4760 856 4825 cccv,
876 4761 901 4827 d,
920 4761 945 4815 τι
965 4779 1025 4815 ποτε
1049 4761 1092 4832 μέν
1141 4759 1231 4832 ἔφεσιν.
1248 4762 1288 4814 καὶ
1308 4764 1383 4815 τοῦτο
1396 4754 1460 4814 εἶναι
1473 4780 1516 4833 μοι
1533 4760 1646 4815 δοκεῖτὸ
1660 4761 1723 4815 πάνυ
1737 4762 1914 4837 φιλοσοφώμι·

323 4843 374 4901 ἔστι
385 4845 428 4912 τὴν
451 4843 531 4915 mors,
545 4844 587 4896 aui
600 4842 644 4911 τὴν
659 4842 756 4909 οὐσίαν,
767 4842 822 4897 οὔτε
836 4863 872 4906 τις
885 4836 950 4916 εὗρεν
961 4843 1093 4915 ἀνθρώπων
1141 4864 1195 4908 νον,
1210 4842 1385 4915 {capessebat
1393 4863 1454 4898 ποτε
1462 4843 1538 4917 ἡμᾶς,
1548 4845 1607 4898 ὅσον
1617 4842 1768 4917 indaganda.

322 4931 433 4993 πώποτε,
442 4925 499 4980 οὔτε
507 4925 554 4998 μὴν
565 4926 631 4999 εὕρῃ.
641 4925 698 4979 ἀλλ’
708 4925 730 4980 εἰ
740 4925 782 4998 μὲν
794 4926 889 4999 εὑρήσει
898 4926 968 4995 ποτὲ,
976 4926 1093 4994 ζητεῖσθαι
1178 4925 1195 4981 b
1218 4926 1282 4985 Nm.
1302 4924 1368 4999 Αὖτῇ
1382 4931 1412 4999 τῇ
1427 4931 1494 4999 πηγῇ
1511 4931 1555 4980 τοῦ
1578 4927 1665 4989 καλοῦ,
1676 4927 1740 4999 μετὰ
1758 4929 1912 4984 ammirei

321 5009 637 5081 raite,uulpdosopsisior
645 5009 764 5082 παρὰτῶν
776 5009 941 5082 βουλομένων.
953 5005 1091 5081 εὓρήσειδι,
1142 5027 1240 5081 χοιμεν,
1252 5009 1351 5080 καθαρῷ
1360 5014 1397 5080 νῷ
1405 5008 1512 5080 καθαρὰν
1527 5007 1571 5077 τὴν
1582 5008 1695 5078 ἀλήθειαν
1706 5008 1882 5076 ἐποπτεύοντες

323 5092 544 5165 ὡςῦὲμὸςλόγος,
556 5091 651 5147 ἐπειδὰν
662 5093 691 5146 τι
702 5091 802 5154 deserite
810 5097 883 5146 τοῦτο
892 5093 932 5145 καὶ
941 5092 1016 5145 θεῖον·
1027 5091 1093 5162 λέγω
1177 5090 1251 5147 olb.
1270 5092 1318 5144 Καὶ
1331 5091 1548 5154 wincestriam
1566 5092 1610 5161 τὴν
1635 5092 1718 5164 ἁγίαν,
1733 5094 1773 5147 καὶ
1795 5096 1912 5169 paupim

322 5176 400 5229 δὲτὸν
409 5175 527 5247 ἡμέτερον
537 5181 593 5229 νοῦν
608 5194 645 5237 τε,
659 5175 699 5227 καὶ
712 5175 799 5246 λόγον·
815 5179 851 5245 τῷ
865 5173 947 5246 οἰκείῳ
961 5171 1092 5246 προσμίξῃ,
1141 5174 1227 5246 θριάδα
1237 5174 1405 5247 καθαρώτερόν
1416 5194 1452 5240 τι,
1464 5175 1505 5229 καὶ
1519 5176 1681 5249 τελειότερον.

322 5259 363 5311 καὶ
377 5248 395 5325 ἧ
410 5255 480 5311 εἰκὼν
496 5257 582 5331 btttg
597 5257 657 5330 πρὸς
676 5257 704 5310 rb
717 5256 864 5329 ἀρχέτυπον,
884 5250 913 5310 οὗ
926 5262 968 5310 νῦν
981 5254 1032 5329 ἔχει
1049 5254 1093 5322 τὴν

353 5460 360 5505 Ι
373 5462 422 5508 Gor.
433 5471 483 5513 ιιιι,
493 5458 586 5503 ιι.-9
598 5458 667 5513 Epist.
680 5470 721 5502 ιιι.
732 5479 760 5491 -
770 5458 782 5502 3
794 5458 803 5502 Ι
817 5458 871 5503 tim.
883 5469 900 5510 ι,
911 5458 944 5503 l't.
958 5479 985 5491 -
1000 5456 1097 5503 lucrm.
1110 5469 1131 5502 v.
1142 5480 1169 5492 -
1180 5458 1193 5503 5
1206 5457 1214 5502 Ι
1226 5460 1282 5505 toan
1294 5470 1329 5505 ιιι.
1342 5459 1395 5507 -d
1406 5462 1461 5507 Bato.
1474 5472 1549 5506 mun
