3952 6170
299 318 358 379 282
528 360 533 367 -
808 312 1133 375 suessoniensem
1154 312 1382 377 DOGMATUM.

297 488 399 545 erunt.
409 480 616 543 Annltttidies
626 494 718 555 unus,
727 484 759 540 et
767 479 832 539 dies
839 485 913 540 tuus
919 497 983 539 non
995 497 1070 558 quo·
1118 478 1225 558 seipsis
1242 477 1335 541 simul
1352 478 1482 539 existere
1500 496 1565 539 non
1583 483 1723 558 possunt,
1738 477 1781 541 illi
1793 479 1870 542 simnl

296 576 370 636 tidie
384 576 437 636 sed
446 574 549 649 hodie,
564 573 637 653 quie
649 573 819 634 hodiernus
826 578 899 633 tuus
912 590 977 632 non
990 571 1070 632 cedit
1119 571 1225 632 omnio
1233 572 1389 647 amisium,
1398 571 1536 651 nihilque
1549 571 1583 631 in
1594 571 1647 632 illo
1658 571 1793 651 peterit
1803 573 1872 651 qnod

296 668 429 728 erastino
447 684 548 745 neque
567 665 701 727 succedit
718 665 874 726 hesterno.
895 664 1070 725 Hodiernus
1117 664 1237 739 transit,
1252 664 1371 743 quiein
1385 665 1555 726 aeternitate
1568 663 1635 742 ejus
1647 663 1742 726 modo
1755 665 1874 743 quodam
1959 648 1960 703 ἶ

295 766 368 821 tuus
390 758 555 820 aeternitas.
575 760 646 820 ideo
661 764 850 820 coaeternum
866 757 1001 837 genuisti
1020 756 1070 818 ani
1118 756 1421 837 iummprehensibili
1447 763 1558 819 cuncte
1583 756 1745 821 volumine
1764 757 1874 819 seculo

296 852 416 913 dixisti:
431 851 500 932 Epo
521 850 605 912 hodie
625 856 714 930 perui
725 848 809 911 teto
828 850 879 912 Sic
891 851 925 911 in
937 855 1070 911 metatu
1118 866 1190 911 rum
1209 849 1401 912 uenmuntia
1424 856 1564 925 manant,
1583 849 1740 913 currentia
1759 855 1873 913 sunt.»

294 944 486 1005 adeumdem
497 944 665 1019 Psalmum,
674 944 857 1016 meuudum,
866 960 974 1005 vocem
984 940 1069 1003 lodie
1120 942 1207 1015 Quod
1222 944 1352 1023 Prosper
1365 942 1588 1022 epigrammate
1603 942 1704 1022 primo
1718 947 1751 1004 et
1763 943 1877 1021 quodra-

295 1037 334 1097 ed
349 1035 553 1098 eternitatem
568 1036 671 1111 refert,
687 1054 758 1115 que
772 1034 968 1115 praesentiam
978 1033 1070 1113 signi-
1118 1034 1236 1113 gesimo
1248 1034 1291 1095 ite
1304 1034 1435 1097 reduit:

295 1128 375 1189 ficet.
397 1130 478 1189 'lum
498 1129 531 1189 in
555 1133 689 1189 tractatu
711 1129 751 1188 ed
769 1128 993 1207 octogesimum
1012 1145 1068 1188 no·

295 1238 374 1282 num
388 1226 419 1282 et
434 1222 467 1283 in
481 1221 560 1282 libro
571 1220 728 1301 Octoginta
747 1221 838 1281 trium
855 1219 1067 1295 werimum,
1120 1220 1220 1299 thue
1234 1219 1308 1283 locis
1325 1236 1460 1300 presens
1479 1220 1573 1283 simul
1586 1225 1633 1280 est
1653 1220 1735 1281 Deus
1749 1218 1878 1283 omnibu

295 1314 466 1393 quaestione
490 1313 755 1393 decime-septime
779 1332 815 1374 ee
841 1313 1067 1388 decime-none,
1786 1313 1876 1390 [unua

294 1425 352 1468 nec
378 1424 443 1467 nnn
470 1412 601 1467 tracter
627 1423 707 1467 ron⁴
721 1406 751 1466 in
774 1405 918 1467 loannem
947 1410 978 1467 et
1004 1423 1068 1466 ser·
1139 1405 1189 1468 Sic
1201 1422 1308 1467 rerum
1322 1409 1421 1467 metas
1437 1423 1542 1467 secum
1559 1405 1698 1469 hebetet
1711 1420 1861 1467 numeros.

295 1517 389 1561 mone
407 1516 475 1561 xxrr
496 1498 532 1560 de
555 1498 697 1560 Diversa
725 1499 804 1560 Huic
826 1504 1069 1560 consentaneum
1119 1498 1181 1559 Nec
1194 1516 1299 1560 serum
1312 1502 1368 1559 eut
1381 1516 1550 1577 properum
1563 1496 1621 1561 sibi
1634 1498 1729 1563 sentit
1741 1497 1877 1560 inordine

294 1597 341 1654 est
352 1592 484 1671 quodin
499 1591 610 1654 Cetera
632 1590 735 1654 Grceca
751 1591 1066 1670 iuProlmoslegitur,
1760 1591 1874 1665 [reruni

294 1700 403 1746 vocem
421 1705 436 1741 a
451 1683 536 1745 lodie
549 1685 695 1745 humerus
712 1684 746 1744 in
767 1684 860 1746 rebus
873 1701 1009 1763 presens
1027 1685 1068 1745 si·
1138 1682 1194 1744 Cui
1207 1687 1319 1745 cuncta
1331 1683 1478 1745 sensium
1497 1686 1565 1743 ecte
1577 1686 1609 1743 et
1626 1681 1749 1760 egendo
1765 1681 1858 1743 simul.

293 1776 441 1856 gniflcere
462 1783 597 1857 tempus.
623 1776 729 1857 (Porro
755 1794 889 1856 presens
909 1777 992 1856 opud
1012 1794 1070 1838 nos

294 1886 333 1931 cx
351 1886 587 1948 eorumgenere
601 1874 647 1930 est
660 1887 730 1949 quas
751 1869 790 1931 sd
810 1869 894 1930 alind
910 1870 1066 1947 dicunurr,
1159 1867 1196 1928 et
1209 1868 1343 1929 {adorus
1363 1867 1396 1928 in
1415 1867 1518 1946 primo
1535 1865 1617 1929 libro
1638 1864 1854 1929 Sententiarum
1863 1887 1875 1929 .·

294 1962 409 2042 quippe
430 1962 570 2025 murrum
591 1967 623 2024 et
644 1962 835 2041 praeteritum
856 1962 946 2024 tecite
969 1963 1069 2043 exprl·
1121 1960 1262 2022 «omma
1280 1965 1422 2040 tempora
1436 1960 1580 2040 precedit
1599 1958 1705 2020 (liuns
1724 1960 1875 2033 aewrnius,

294 2052 373 2135 mit.)
390 2056 430 2116 At
442 2056 475 2116 in
492 2057 556 2116 Deo
574 2053 629 2115 ubi
642 2059 766 2134 tempus
781 2054 910 2117 minime
928 2056 1067 2117 cenodo-
1117 2070 1174 2115 nee
1191 2052 1226 2113 in
1243 2053 1307 2113 Deo
1326 2054 1528 2132 preteritum,
1543 2068 1691 2132 presens,
1712 2051 1877 2116 fummmre

294 2152 391 2223 nrm,
405 2148 559 2209 tolluntur
570 2166 636 2208 una
648 2152 711 2209 tres
725 2147 975 2227 significationes,
990 2166 1069 2228 pree
1117 2144 1243 2224 aliquod
1259 2145 1405 2220 creditur,
1421 2145 1476 2206 sed
1495 2144 1602 2206 omnia
1621 2145 1786 2224 metentis
1796 2145 1828 2207 in
1845 2162 1877 2207 eo
1962 2196 1963 2217 ,

293 2240 399 2313 sends,
414 2241 555 2319 inquom,
569 2240 668 2301 futuri
686 2245 718 2300 et
735 2239 893 2319 praeteriti.
910 2241 1069 2319 Significat
1117 2237 1263 2299 dicunurr
1276 2236 1350 2317 quie
1363 2237 1534 2299 aeternitete
1547 2242 1725 2299 sescuncia
1738 2236 1876 2316 οοωρίοο
1962 2248 1963 2319 j

293 2330 388 2412 igitur
407 2333 441 2393 in
458 2333 512 2392 illo
532 2350 594 2392 vox
611 2330 706 2408 code,
727 2333 810 2392 idem
830 2333 913 2411 qnod
933 2333 1069 2394 simulet
1116 2330 1210 2405 titan,
1230 2330 1346 2410 elinqui
1365 2329 1523 2393 mutabilis
1542 2335 1588 2391 est
1606 2331 1688 2393 Deus
1708 2329 1875 2403 credendus,

293 2430 483 2487 coeternum
496 2442 670 2504 enprorsus
684 2424 944 2504 inseparabilem
1117 2422 1143 2483 si
1157 2423 1187 2484 ei
1197 2423 1403 2485 successiones
1415 2426 1595 2502 temporum
1609 2421 1818 2483 adscribentrrr
1827 2420 1874 2483 ’.ι

332 2518 399 2578 Vll.
422 2517 586 2595 Gregorius
603 2516 756 2595 Magnus:
790 2537 805 2573 ο
819 2517 889 2577 Dies
902 2534 1025 2597 quoqne
1039 2522 1070 2578 et
1118 2516 1225 2575 Petrus
1257 2514 1399 2577 Damiani
1434 2513 1538 2595 Opusc.
1572 2529 1671 2590 xxxvi,
1703 2531 1771 2594 esp.
1800 2530 1874 2576 rm:

293 2610 369 2670 enni
381 2608 517 2669 hominis
531 2609 574 2669 eit
586 2627 605 2669 e
619 2608 728 2669 diebus
746 2613 778 2669 et
791 2608 882 2669 annis
895 2608 1069 2689 discrepent
1120 2629 1136 2666 a
1155 2607 1367 2687 omnipotenti
1388 2607 1493 2686 iteque
1521 2608 1596 2681 lleo,
1619 2606 1732 2687 inquit,
1757 2624 1820 2668 non
1839 2612 1878 2669 est

292 2702 481 2776 cerninus,
496 2700 678 2780 qnietitem
693 2705 831 2761 nostram
842 2718 912 2780 quse
925 2707 1067 2781 tempore
1116 2701 1256 2762 herivei
1282 2718 1359 2775 cres,
1382 2699 1436 2760 sed
1462 2698 1555 2760 hodie
1582 2699 1816 2778 sempiternum,
1835 2699 1877 2759 osi

291 2793 447 2873 incipitur,
468 2799 608 2873 tempore
630 2793 749 2866 linitur,
775 2793 851 2854 dum
879 2794 960 2854 intre
982 2795 1068 2856 sinus
1116 2792 1195 2854 nihil
1205 2791 1548 2867 deiluit‚nihilecoedit,
1557 2790 1693 2852 cuiriihil
1703 2792 1875 2861 estvenm

292 2886 340 2946 sui
367 2886 563 2946 latitudinem
589 2885 718 2961 iomnat,
749 2886 903 2947 aeternites
928 2887 1065 2948 devorat.
1116 2884 1272 2945 nihilese
1291 2883 1458 2945 diversum.
1476 2881 1660 2943 Illudhodie
1674 2884 1876 2945 aeternitates
1963 2872 1964 2879 ἵ

293 2979 386 3058 Cujus
408 2977 558 3040 nimirum
576 2978 768 3039 immensitas
781 2978 854 3057 quie
877 2980 959 3039 ultre
976 2979 1066 3040 citra·
1115 2975 1385 3049 incommutabilis,
1400 2974 1593 3050 indefective,
1605 2975 1876 3051 inacessibilisnii

293 3091 352 3151 que
363 3071 954 3152 supernostenditur,sineiuchoetionc
967 3078 1068 3135 etter-
1115 3069 1256 3131 videlicet
1275 3067 1354 3129 nihil
1373 3067 1456 3143 eddi,
1479 3067 1559 3129 nihil
1579 3067 1660 3129 velet
1680 3068 1833 3146 imminui,
1850 3072 1876 3129 et

292 3165 379 3225 mino
399 3165 466 3242 ejus
480 3170 707 3225 eternumesse
726 3164 884 3240 diletaum
901 3165 990 3243 cique
1009 3185 1066 3228 nec
1115 3162 1220 3221 omnia
1234 3159 1398 3240 quaeepnd
1410 3177 1467 3219 nos
1481 3159 1632 3219 elabendo
1646 3159 1876 3222 discurmntaut

291 3261 445 3317 transacta
454 3260 653 3334 praetereunt,
664 3256 829 3315 neoedhuc
838 3261 968 3317 venena
978 3260 1066 3336 qnasi
1115 3272 1171 3333 per
1183 3259 1361 3333 temporum
1375 3251 1600 3313 ricisdtudines
1614 3269 1646 3315 se
1658 3253 1791 3327 retient,
1805 3253 1875 3333 apud

291 3366 361 3426 quae
371 3366 435 3407 non
445 3352 624 3425 appareant,
636 3346 759 3421 desunt,
769 3347 872 3426 quinis
882 3348 935 3428 qui
944 3367 1066 3429 semper
1114 3346 1203 3407 illum
1216 3346 1309 3407 hodie
1322 3350 1404 3407 stent
1417 3350 1449 3405 et
1462 3343 1663 3405 immobiliter
1677 3351 1873 3424 perseverant.
1964 3332 1965 3353 ³

291 3457 357 3501 esse
378 3439 482 3513 hebet,
505 3443 615 3499 cuncte
638 3438 697 3499 sibi
719 3440 882 3518 praesentia
906 3442 1063 3520 conspicit,
1115 3439 1149 3499 ln
1163 3439 1215 3500 illo
1230 3438 1343 3499 sufficet
1355 3437 1449 3499 hodie
1462 3436 1528 3498 dies
1541 3436 1593 3497 ille
1607 3436 1876 3501 edhucimmohilis

291 3548 424 3611 cumque
437 3530 611 3609 aspiciendo
626 3535 697 3609 post
710 3536 821 3592 stante
836 3550 901 3592 non
914 3533 1062 3609 unditur,
1114 3536 1159 3592 cst
1172 3531 1206 3592 in
1219 3549 1282 3610 quo
1301 3530 1437 3592 mundus
1451 3530 1507 3592 iste
1529 3529 1661 3609 sumpsit
1674 3531 1834 3610 originem,
1846 3532 1874 3593 in

291 3622 378 3683 nulle
404 3623 535 3683 intuitus
562 3623 734 3684 mutatione
762 3624 898 3684 venietur
922 3623 944 3684 ⁸.
975 3647 991 3682 ν
1028 3627 1065 3687 Et
1113 3623 1166 3685 illo
1177 3623 1243 3701 jem
1264 3628 1295 3683 ct
1311 3622 1362 3684 ille
1377 3622 1581 3685 nihilominus
1594 3627 1651 3697 est,
1672 3641 1736 3702 quo
1750 3623 1875 3702 judicen-

291 3733 398 3776 rancus
416 3714 495 3775 libro
510 3714 579 3775 XVl
593 3713 768 3782 Moralium,
785 3716 883 3795 sepite
897 3732 934 3777 xx
951 3736 959 3777 ι
983 3739 999 3775 ο
1019 3718 1064 3780 lbi
1113 3716 1171 3777 dus
1191 3722 1237 3778 est
1251 3732 1306 3795 per
1320 3716 1429 3778 eterni
1444 3714 1554 3794 judicii
1576 3715 1766 3794 equitetem.
1781 3716 1875 3797 Neque

291 3808 404 3887 qnippe
423 3815 473 3879 est,
498 3807 551 3881 eit,
568 3807 650 3886 quod
665 3824 721 3867 nec
740 3808 828 3867 initio
842 3808 987 3888 incipitur
1007 3829 1065 3873 nec
1113 3809 1197 3868 enim
1210 3808 1244 3868 in
1258 3826 1328 3868 cem
1341 3808 1444 3870 lucem
1465 3826 1534 3887 quae
1549 3808 1615 3868 sine
1629 3826 1753 3869 secessu
1765 3827 1801 3870 ea
1815 3826 1874 3888 que

290 3899 354 3961 tine
372 3900 567 3975 terminetur,
588 3899 643 3959 ubi
661 3916 762 3979 neque
784 3905 962 3978 expectetur
980 3904 1063 3981 quod
1112 3900 1215 3979 elegit,
1231 3906 1262 3960 et
1275 3900 1418 3977 illustrat,
1435 3904 1467 3962 et
1477 3902 1543 3961 sine
1557 3917 1679 3961 recessu
1693 3918 1730 3961 ee
1740 3917 1808 3980 que
1819 3918 1873 3961 res

290 3992 403 4069 veniet,
424 4010 526 4071 neque
551 3990 702 4072 percurrit
721 3992 805 4071 quod
828 3992 938 4054 debeat
960 4010 1062 4055 reeor-
1112 3992 1194 4072 puit,
1224 3993 1351 4069 deserit,
1382 3992 1517 4054 deiectus
1543 3991 1757 4053 mutabilitatis
1781 3992 1872 4065 rani,

289 4084 367 4160 dari,
383 4082 437 4145 sed
461 4088 507 4145 est
525 4100 625 4144 unum
648 4083 731 4162 quod
753 4102 874 4164 semper
889 4102 953 4146 esse
973 4093 1028 4147 cst.
1044 4108 1059 4145 ν
1112 4086 1185 4164 quia
1218 4082 1251 4145 in
1283 4085 1447 4165 semetipso
1474 4100 1661 4166 permanens
1687 4083 1874 4146 immutnbilis

289 4176 326 4236 Et
339 4176 432 4257 paulo
452 4181 521 4255 post
538 4195 545 4236 :
567 4175 762 4236 ‹cAEternitas
780 4192 902 4256 semper
920 4196 985 4239 csse
1005 4180 1060 4239 ha·
1111 4176 1271 4239 mutabilia
1284 4183 1394 4239 cuncta
1408 4178 1554 4258 disponit.
1564 4178 1676 4257 Sicqne
1690 4177 1725 4238 in
1741 4195 1772 4238 se
1783 4181 1871 4238 tiens

288 4266 351 4345 het,
368 4269 402 4329 in
417 4286 478 4348 que
492 4267 578 4328 nullo
592 4285 663 4348 pars
683 4286 747 4328 suae
764 4267 966 4348 longitudinis
982 4288 1061 4349 pree·
1111 4271 1216 4331 euntis
1233 4270 1385 4345 condidit,
1407 4276 1443 4331 nt
1454 4270 1537 4351 epod
1549 4287 1581 4331 se
1595 4288 1665 4351 quoe
1680 4269 1801 4331 condita
1810 4272 1874 4330 sunt

287 4360 360 4421 terit
381 4365 417 4420 nt
439 4379 510 4440 pars
529 4359 589 4420 alia
609 4360 760 4436 suecedet,
781 4360 835 4421 sed
854 4366 956 4422 totum
969 4362 1063 4423 simul
1110 4364 1240 4424 transire
1261 4381 1459 4443 nequaquem
1480 4362 1608 4443 possint.
1624 4362 1688 4423 Nec
1701 4367 1819 4442 tempus
1835 4361 1873 4422 in

288 4457 421 4513 esseest
447 4457 478 4514 et
503 4451 581 4512 nihil
609 4452 694 4513 deest
720 4453 804 4532 quod
832 4459 947 4514 cernat.
977 4476 993 4511 »
1024 4456 1062 4517 Et
1109 4460 1160 4516 tus
1173 4456 1206 4515 in
1226 4460 1392 4534 conspectu
1405 4455 1472 4534 ejus
1490 4454 1610 4532 defluit,
1630 4455 1715 4535 qnod
1730 4454 1810 4535 apud
1824 4470 1872 4514 nos

287 4543 365 4604 libro
376 4544 431 4603 XX
444 4544 542 4624 capite
556 4560 626 4605 xxm
643 4564 650 4604 :
670 4566 685 4602 ο
700 4545 736 4605 ln
745 4544 798 4604 illo
810 4545 896 4607 enim
907 4564 965 4607 nec
979 4565 1059 4625 pree·
1108 4548 1183 4608 foris
1205 4566 1260 4628 per
1282 4549 1436 4611 exteriore
1454 4549 1601 4610 decurrit.
1627 4548 1718 4611 Unde
1736 4547 1771 4608 fit
1791 4551 1824 4609 nt
1843 4546 1871 4605 in

286 4636 377 4697 terite
390 4653 448 4697 nec
465 4636 571 4697 future
587 4637 716 4715 reperiri
731 4643 861 4716 queunt,
878 4639 932 4701 sed
950 4645 1060 4701 cuncte
1109 4640 1277 4702 aetermtete
1292 4641 1358 4720 ejus
1377 4642 1483 4703 omnio
1502 4642 1566 4703 lixo
1585 4645 1871 4721 permaneantque

287 4727 449 4789 mutabilis
471 4728 704 4790 immutabiliter
724 4730 848 4805 durent,
873 4735 904 4791 ct
931 4749 1001 4809 quae
1025 4732 1059 4792 in
1109 4750 1173 4795 non
1189 4733 1247 4794 site
1260 4734 1451 4796 extrinsecus
1463 4733 1649 4797 secederem
1664 4732 1816 4795 volumine
1828 4731 1870 4791 in·

324 4998 344 5037 a
364 4983 432 5039 cat.
451 4987 543 5040 Graeo·
567 5001 584 5039 e
610 4984 639 5039 P.
661 4985 742 5042 Cori.
765 4985 849 5042 adita.
864 4985 899 5039 Ti
914 4986 940 5039 Bi
955 4989 1059 5059 σήμερον
1109 4986 1149 5042 καὶ
1164 4987 1420 5062 αἱτριῖςοηρασὶαι,
1441 4994 1485 5044 τοῦ
1500 4988 1707 5054 sennocae
1732 4987 1868 5060 summis

289 5063 328 5118 ὶπὶ
342 5064 385 5136 pir
399 5070 448 5120 τῶν
457 5066 614 5139 ἀνθρωπίνων
623 5070 773 5140 πραγμάτων
782 5069 825 5122 τὸν
841 5062 962 5123 ἐνεστῶτα
976 5069 1060 5141 μηνύει
1108 5071 1149 5143 sori
1164 5072 1359 5143 παρεληλυθότος
1373 5073 1445 5145 φημί·
1461 5066 1625 5145 apparituris
1634 5070 1672 5127 ἔπ’
1680 5070 1753 5126 sirei
1766 5070 1793 5123 ri
1804 5069 1869 5137 sip·-

287 5148 377 5218 χρόνον
392 5146 462 5215 (ἀλλ’
485 5149 645 5222 ὁπαρ’ἧμὶ’ν
667 5149 769 5214 ἐνεστὼς
797 5158 846 5206 τῶν
868 5153 929 5225 πρός
958 5152 982 5206 ri
996 5150 1055 5207 lert·
1109 5173 1167 5225 por,
1182 5154 1286 5227 τοᾶμοι,
1301 5156 1341 5209 sci
1366 5156 1395 5210 ri
1413 5152 1547 5222 ονναΐόιον,
1563 5155 1650 5210 seiri
1675 5147 1869 5214 uoetffltffl

289 5229 447 5300 ωοορραῑνιι
460 5231 508 5303 γὰρ
521 5234 562 5287 act
577 5233 710 5305 μέλλοντα,
725 5235 765 5288 καὶ
783 5234 963 5306 repetiere)
977 5228 1058 5291 tutat
1108 5239 1217 5300 ζννντον.
1415 5224 1423 5235 ’

288 5329 316 5382 γε
335 5318 379 5364 τοῦ
394 5311 460 5379 θεοῦ,
482 5313 538 5368 ἔνθα
547 5316 638 5387 χρόνος
651 5315 680 5372 οὗ
697 5316 833 5390 impetret,
859 5321 1058 5390 meoinquietus

317 5512 326 5556 i
340 5515 399 5559 Psoi.
414 5513 440 5558 ΙΙ.
453 5516 508 5559 7.-
521 5518 535 5561 ‘l
548 5517 593 5563 Lib.
608 5519 641 5563 tx.
655 5520 729 5567 Merui.
743 5532 790 5576 cup.
804 5523 915 5566 ura—³
926 5525 977 5577 capr.
993 5534 1038 5567 νιιι.
