4030 6204
279 356 339 416 578
788 353 1111 419 THEOLOGICORUM
1132 348 1350 415 DOGMATUM

279 528 428 600 tunquam
450 521 484 581 in
497 520 633 601 speculo,
649 527 681 582 et
704 519 869 601 aenigmate
892 522 991 582 Deum
1004 521 1051 580 in·
1099 537 1205 599 rreque
1227 515 1383 579 distinctio
1400 508 1745 594 incomprehensibilem
1764 522 1871 569 mons

280 611 590 693 comprehensibilem
625 611 764 674 videmus
780 622 806 673 ⁰.
835 633 851 671 o
882 613 947 673 Hoc
982 612 1051 673 loco
1098 617 1169 683 iret,
1182 617 1275 691 atque
1286 606 1536 689 inexplicabilem
1544 600 1714 666 intellectui
1722 604 1876 662 ercamrai

280 705 413 785 Cyrillus
436 705 657 784 cognitionem,
678 724 741 786 qus
755 707 835 767 Deus
850 705 1051 785 semetipsum
1100 704 1348 783 magnitudinem
1378 699 1572 762 creatoris.»
1599 697 1674 770 Qum
1694 710 1769 755 cum
1802 691 1876 751 dicit

280 816 390 877 resque
413 804 539 859 caeteras
553 797 708 878 intelligit,
732 798 815 858 idem
829 815 894 859 esse
909 814 981 857 cnm
995 797 1052 858 ilci
1099 797 1184 859 haud
1217 796 1311 857 dubie
1338 795 1469 868 indicat,
1495 790 1687 852 Ferrsndum
1718 787 1758 847 de
1792 802 1877 846 com·

280 890 452 951 substantia
466 891 565 965 docet,
579 891 714 969 indeque
723 891 871 951 adversus
884 891 1052 951 Anomoeos
1100 889 1305 970 prehensione
1335 887 1391 947 Dei
1418 886 1634 962 interrogasse,
1662 896 1797 958 eamque
1821 895 1877 937 vo

280 989 363 1043 recte
387 983 552 1057 concludit,
569 1001 633 1044 non
647 1001 712 1044 esse
742 983 886 1044 notitiam
913 987 1051 1042 nochum
1100 1000 1184 1043 cesse
1206 1003 1221 1040 o
1244 982 1370 1062 plenam
1387 977 1540 1048 notitiam,
1566 993 1628 1055 qun
1648 977 1733 1033 totus
1752 968 1877 1049 eapitur

281 1074 395 1136 divinae
418 1076 563 1150 similem,
589 1076 739 1156 quoniam
762 1076 843 1136 Deus
861 1094 917 1155 per
939 1079 1050 1135 semet·
1101 1076 1201 1136 Puter.
1217 1096 1233 1131 ο
1252 1075 1323 1134 Hice
1334 1077 1450 1147 autem,
1462 1070 1489 1131 si
1500 1069 1604 1130 triceri
1616 1066 1778 1137 nolumus,
1794 1079 1875 1122 nen·

280 1166 383 1246 ipsum
392 1173 456 1228 tam
474 1186 517 1242 se,
534 1187 628 1247 quum
642 1186 713 1248 qum
734 1173 809 1229 sunt
821 1168 928 1228 omnia
941 1185 1054 1247 cogno·
1100 1169 1219 1246 tiquam
1232 1165 1322 1226 illum
1340 1162 1525 1243 cognitionis
1538 1160 1668 1222 modum
1682 1154 1873 1235 significant,

281 1260 355 1321 scit:
372 1266 477 1321 nostra
490 1279 564 1321 vero
585 1261 721 1335 definita,
738 1267 769 1321 et
787 1266 870 1321 certo
885 1261 977 1321 modo
996 1260 1053 1321 cir·
1101 1278 1163 1339 quo
1177 1258 1254 1321 nihii
1267 1256 1507 1336 ecognoseentis
1520 1251 1691 1314 substantia
1701 1248 1810 1311 differt
1817 1265 1875 1307 no·

281 1346 466 1432 cumscripta
507 1353 644 1432 cognitio
682 1358 738 1414 est.
788 1353 848 1414 Ubi
885 1353 1053 1433 perfectam
1101 1351 1178 1429 titia,
1195 1351 1248 1412 sed
1261 1366 1335 1411 eum
1348 1349 1462 1428 potius,
1478 1365 1573 1427 quern
1590 1362 1648 1406 nos
1661 1342 1874 1416 defendimus;

281 1445 503 1524 cognitionem,
541 1445 603 1505 sive
624 1445 933 1526 comprehensionem
961 1446 1052 1506 terite
1102 1449 1138 1504 ut
1158 1449 1223 1504 tota
1241 1461 1313 1504 cum
1331 1443 1366 1502 in
1383 1459 1427 1517 se,
1443 1446 1512 1501 tnm
1532 1440 1566 1499 in
1586 1438 1635 1513 iis,
1650 1454 1722 1517 qum
1737 1439 1877 1514 potentis

282 1536 504 1616 interpretatur
531 1555 600 1598 eam
626 1556 703 1606 esse,
719 1556 782 1617 que
809 1539 890 1598 Deus
912 1543 977 1598 tem
1004 1557 1051 1599 se-
1102 1538 1251 1611 continet,
1284 1533 1454 1595 substantie
1485 1532 1532 1593 rei
1568 1531 1719 1610 capietur.
1759 1526 1877 1588 Deinde

282 1628 395 1708 ipsum,
412 1647 508 1708 quam
527 1638 639 1705 τὰόντα,
664 1630 696 1691 id
720 1635 766 1690 est
778 1630 861 1691 entia
884 1631 1051 1692 omnieco-
1102 1630 1305 1708 questionem
1319 1628 1418 1707 ipsam
1438 1626 1564 1705 penitus
1582 1622 1746 1684 absolvens
1756 1619 1875 1694 asserit,

176 1758 181 1764 ·
281 1721 413 1799 gnoscit.
439 1722 528 1795 Quod
554 1721 655 1801 ipsum
682 1721 763 1782 bene
789 1721 939 1802 probetur
967 1723 1050 1798 inde,
1106 1722 1259 1781 «enimse
1287 1719 1398 1781 Christi
1428 1718 1554 1797 plenam
1585 1717 1680 1776 totins
1705 1712 1878 1774 divinitatis

281 1813 366 1891 quod
391 1814 529 1892 cognitio
549 1814 590 1873 sit
613 1814 680 1893 ipss
703 1814 759 1875 Dei
780 1814 960 1888 substantia,
983 1835 1053 1896 quae
1101 1815 1201 1875 inesse
1219 1812 1378 1887 notitiam3
1399 1834 1413 1869 ιι
1431 1811 1492 1871 hoc
1511 1815 1558 1871 est
1575 1808 1772 1869 divinitatem
1793 1820 1876 1865 com-

282 1905 432 1967 eminenti
444 1907 580 1986 qusdm
606 1906 721 1967 rationi
737 1907 882 1968 universe
905 1909 1054 1988 complec
1101 1906 1305 1988 prehendere,
1316 1904 1389 1984 quie
1401 1920 1466 1963 non
1479 1903 1519 1963 sd
1530 1916 1711 1963 mensuram
1723 1896 1876 1977 Spiritum

281 1998 368 2059 titur.
1101 1996 1330 2078 accepitcnims
1340 1997 1462 2057 Christi.
1479 1996 1546 2056 «Ac
1556 2012 1612 2074 per
1622 1993 1683 2053 hoc
1693 2008 1763 2052 non
1776 1988 1876 2050 solnm

321 2092 391 2151 Non
409 2091 511 2153 cliens
525 2097 571 2154 est
588 2091 627 2152 ab
646 2090 855 2171 superioribus
867 2092 943 2164 istis,
960 2099 991 2153 et
1004 2112 1054 2155 eo
1101 2091 1140 2151 sd
1153 2090 1346 2151 diuinitatem
1358 2088 1481 2163 Christi,
1493 2081 1877 2164 sedsdejnsqnoquesni-

281 2184 352 2244 dem
366 2184 568 2263 intelligenda
590 2184 683 2244 modo
703 2184 842 2262 Gregorii
862 2185 966 2263 Magni
986 2203 1054 2246 sen·
1101 2199 1186 2243 mam
1210 2182 1263 2242 ills
1283 2180 1478 2260 perfectionis
1498 2179 1702 2259 praerogativa
1729 2175 1875 2256 pertinet,

282 2277 389 2337 tentia.
418 2276 649 2352 «Videbimus,
675 2277 788 2355 inquit,
815 2278 925 2345 Deum,
949 2277 974 2337 si
997 2297 1054 2358 per
1102 2292 1196 2353 quam
1217 2274 1275 2353 ipsi
1290 2273 1409 2334 Christo
1424 2271 1533 2332 beatus
1554 2271 1688 2349 assignat
1708 2267 1876 2349 Apostolus

281 2368 435 2429 ecelesiam
450 2369 718 2429 conversationem
732 2387 825 2447 supro
838 2369 1053 2431 hominesesse
1102 2367 1216 2441 dicens,
1246 2364 1281 2427 In
1302 2384 1359 2447 quo
1384 2383 1480 2425 omnes
1508 2363 1640 2424 thesauri
1665 2360 1824 2446 sapientiis
1848 2368 1876 2419 et

282 2479 469 2522 mereamur.
492 2461 555 2521 Nec
576 2465 682 2521 tamen
705 2460 748 2520 ita
767 2459 951 2533 videbimus,
973 2462 1054 2523 sicut
1100 2458 1227 2520 so'entioe
1241 2456 1326 2519 θεῖ’.
1344 2457 1375 2519 Sl
1385 2458 1470 2517 enirn
1483 2474 1547 2516 non
1557 2456 1595 2517 ed
1606 2470 1791 2517 mensuram
1799 2452 1875 2513 acci·

281 2553 441 2632 ridetipse
454 2552 602 2631 seipsum.
618 2553 722 2632 Longe
741 2552 855 2632 quippe
869 2552 1054 2632 dispariliter
1102 2551 1147 2631 pit
1170 2550 1319 2630 Spiritum
1342 2550 1501 2630 sapientire
1523 2554 1555 2609 et
1577 2548 1732 2623 scientim,
1753 2562 1875 2607 necesse

281 2645 366 2706 uidet
379 2651 498 2706 erector
512 2662 554 2717 se,
569 2663 663 2725 quam
679 2646 764 2706 ridet
777 2651 919 2706 creatura
935 2653 1051 2708 cresto·
1102 2649 1158 2718 cst,
1173 2648 1208 2703 ut
1219 2660 1326 2703 omnes
1338 2642 1500 2702 thesauros
1514 2641 1672 2721 sapientie
1691 2645 1723 2701 et
1742 2640 1876 2699 ruente

282 2756 360 2798 rem.
385 2739 464 2798 Nam
486 2743 640 2817 quantum
663 2738 703 2798 ad
725 2737 966 2799 immensitatem
984 2742 1050 2816 Dei,
1101 2736 1224 2795 habeut.
1241 2734 1329 2808 Quod
1352 2734 1378 2794 si
1398 2735 1427 2795 ei
1446 2733 1563 2813 aliquid
1585 2733 1652 2812 ejus
1674 2731 1876 2812 plenitudinis

281 2830 408 2910 quidam
417 2828 1050 2909 nobismodustingiturmntemplutionis3
1102 2827 1247 2901 demitur,
1276 2843 1468 2905 consequens
1493 2831 1549 2901 est,
1576 2831 1612 2885 ut
1634 2825 1673 2885 ad
1695 2838 1875 2884 mensuram

281 2922 355 3002 quia
377 2940 414 2982 eo
437 2923 504 3002 ipso
522 2922 659 3002 pondere
683 2921 973 3000 circumscribimur,
989 2943 1052 3004 quo
1101 2919 1251 2997 occepisse
1264 2918 1414 2998 Spiritum
1426 2917 1664 2996 praedicetur.Et
1676 2916 1815 2996 qnisem,
1828 2915 1876 2975 cni

281 3021 422 3075 crestura
440 3013 578 3074 sumus¹.
594 3035 609 3072 o
1101 3028 1167 3072 non
1188 3011 1227 3071 ad
1241 3026 1421 3071 mensurum
1443 3011 1525 3070 Deus
1539 3010 1690 3089 Spiritum
1705 3008 1877 3084 dederit,si

321 3107 374 3168 XI.
399 3108 557 3167 Postremo
581 3105 760 3185 Fulgentius
779 3105 922 3167 omnium
949 3107 1052 3167 claris·
1102 3120 1176 3164 eum
1189 3103 1229 3162 ed
1242 3119 1422 3163 mensuram
1435 3101 1572 3163 Christus
1581 3099 1718 3181 accepit?
1733 3101 1771 3160 ln
1783 3118 1879 3180 quen·

282 3199 359 3260 sime
371 3204 470 3259 totam
484 3199 689 3278 questionem
704 3197 826 3269 decidit,
845 3199 1050 3279 ostenditque,
1102 3200 1171 3255 tum
1189 3194 1273 3255 enlm
1288 3194 1419 3274 Spiritus
1437 3194 1540 3271 detur,
1557 3194 1591 3254 in
1603 3198 1730 3254 tsnbrm
1744 3193 1877 3271 cognitio

282 3291 593 3371 comprehensionem
620 3292 654 3351 in
682 3308 719 3351 eo
748 3290 880 3370 positam
914 3308 991 3363 esse,
1019 3296 1055 3355 ut
1103 3287 1271 3349 divinitatis
1291 3286 1457 3365 accipitur3
1477 3285 1533 3347 uhi
1550 3292 1655 3347 eutem
1679 3285 1814 3365 Spiritus
1833 3290 1878 3345 est

283 3381 374 3462 plene
386 3383 482 3443 totius
494 3383 541 3443 rei
549 3383 700 3444 habeatur
714 3381 841 3457 notitia;
855 3382 948 3461 idque
956 3383 1055 3443 diver-
1103 3396 1260 3453 mensura,
1275 3395 1409 3455 neeesse,
1425 3384 1460 3438 ut
1477 3378 1570 3458 plena
1584 3379 1624 3438 sit
1636 3377 1810 3438 divinitatis
1819 3377 1878 3437 im·

284 3492 355 3535 sum
367 3492 432 3536 esse
452 3475 491 3536 sb
511 3493 559 3549 eo,
575 3481 611 3535 ut
631 3475 672 3534 sit
692 3474 776 3535 idem
790 3474 901 3534 notitia
914 3474 968 3535 illa
982 3492 1054 3536 cum
1104 3488 1210 3532 mensa
1224 3471 1344 3532 notitia.
1361 3493 1377 3529 o
1398 3470 1442 3532 Ac
1462 3470 1593 3532 subinde
1607 3490 1615 3532 :
1634 3492 1651 3527 o
1667 3470 1759 3544 Quod
1772 3471 1799 3531 si
1811 3472 1877 3530 ani·

284 3567 497 3647 cognoscentis
511 3564 693 3627 substantia.
710 3567 790 3627 Nem
810 3567 844 3625 in
862 3565 1057 3647 desponsione
1104 3580 1156 3623 me
1177 3563 1287 3625 Christi
1309 3563 1464 3624 minorem
1478 3562 1572 3624 hebet
1590 3564 1625 3623 in
1638 3562 1745 3642 aliquo
1759 3562 1879 3623 deitatis

284 3657 324 3720 od
352 3659 470 3719 tertium
499 3658 685 3738 questionem
722 3656 889 3731 Fcrrondr',
925 3677 998 3719 cum
1029 3660 1055 3719 is
1104 3673 1169 3716 sum
1183 3656 1336 3723 notitiam,
1353 3656 1467 3716 nonin
1488 3673 1520 3715 se
1537 3655 1630 3715 hehet
1643 3661 1744 3716 totam
1755 3656 1878 3735 sapien·

284 3750 453 3811 sciscitatus
471 3756 560 3821 esset,
582 3748 728 3811 «Utrum
741 3751 847 3811 anima
861 3750 974 3811 Christi
988 3769 1054 3811 sus·
1104 3747 1191 3825 tiam,
1215 3753 1375 3826 totamque
1400 3750 1563 3824 virtutem;
1586 3748 1785 3828 participium
1806 3764 1878 3828 ergo

284 3842 423 3923 ceptricis
434 3842 555 3903 deitatis
569 3842 694 3923 plenum
706 3843 819 3903 hebeat
832 3842 963 3903 omnino
978 3842 1058 3903 noti·
1104 3839 1209 3915 habet,
1224 3857 1288 3900 non
1299 3840 1366 3920 ipsa
1384 3845 1432 3901 est
1446 3839 1595 3914 Christus,
1610 3839 1635 3898 si
1649 3845 1773 3919 partem
1785 3839 1879 3900 hebet

282 3936 375 4010 tiem;
391 3940 422 3995 et
442 3935 706 4014 quemadmodum
726 3954 757 3996 se
781 3934 917 3995 invicem
939 3940 1057 3995 norunt
1105 3933 1223 3993 notities
1242 3932 1408 3993 divinitatis
1427 3950 1502 3992 suae.
1523 3932 1655 4010 »Atque
1675 3931 1760 3992 hanc
1780 3932 1878 4011 ipmm

284 4029 384 4100 Pater,
402 4032 433 4088 et
448 4027 551 4102 Filius,
574 4036 604 4087 et
618 4028 750 4106 Spiritus
764 4032 898 4097 sanctus,
916 4026 960 4086 its
973 4026 1057 4087 idem
1106 4024 1315 4104 cognitionem
1337 4023 1558 4105 moxeppellat
1579 4023 1808 4085 «altitudinem
1820 4024 1878 4103 ple·

286 4119 378 4180 Filius
392 4119 528 4198 seipsum
541 4138 597 4199 per
611 4118 654 4192 id,
675 4119 759 4197 quod
780 4119 874 4178 homo
890 4123 947 4192 est,
965 4118 999 4177 in
1020 4136 1057 4179 eo
1106 4134 1180 4176 nem
1205 4116 1364 4195 sapientie
1383 4122 1414 4176 et
1428 4116 1562 4179 edentiae
1577 4116 1646 4191 Dei;
1661 4137 1679 4173 o
1702 4115 1878 4194 cujusmodi

285 4212 369 4291 quod
386 4212 467 4272 Deus
475 4212 598 4272 noverit
611 4229 649 4271 ex
662 4215 795 4288 utraque
816 4214 910 4287 etque
925 4210 957 4269 in
971 4214 1056 4270 utre-
1107 4215 1179 4268 sunt
1197 4208 1250 4269 illo
1263 4217 1335 4288 βάθη,
1352 4208 1384 4268 id
1398 4214 1444 4269 est
1459 4206 1613 4287 portiom
1626 4206 1694 4276 Dei,
1711 4226 1784 4287 quae
1797 4227 1878 4269 orro-

285 4322 346 4383 que
356 4302 526 4365 substantio
538 4308 640 4364 totum
658 4303 782 4382 capiens
796 4303 918 4362 Patrem
935 4320 942 4362 :
957 4323 972 4359 ιι
991 4302 1059 4362 Ful·
1107 4301 1171 4361 tori
1184 4300 1336 4381 Spiritum
1348 4300 1392 4360 ait
1409 4300 1583 4379 Apostolus,
1599 4306 1635 4360 nt
1654 4318 1751 4379 supra
1768 4302 1879 4363 memi-

286 4396 410 4473 gcntius
432 4395 570 4474 primum
594 4393 751 4455 difficilem
772 4410 837 4454 esse
856 4394 1058 4472 questionem
1107 4395 1222 4454 nimus.
1239 4394 1408 4469 Postremo,
1433 4413 1449 4450 a
1467 4393 1553 4453 Sicut
1566 4411 1640 4471 ergo
1659 4392 1813 4469 Christum
1826 4393 1878 4467 ait,

286 4487 339 4563 ait,
356 4506 393 4548 eo
417 4489 499 4567 quod
519 4487 711 4549 considerato
734 4508 749 4543 o
769 4487 915 4547 creatoris
942 4492 1059 4547 creatu·
1107 4486 1203 4546 homo
1221 4484 1418 4564 singulariter
1435 4483 1540 4560 habet,
1556 4490 1591 4545 ut
1613 4485 1695 4546 Deus
1713 4502 1810 4546 verus
1830 4484 1879 4555 sit,

324 4804 345 4844 a
364 4788 431 4844 Cin.
445 4785 492 4842 lib.
508 4786 592 4842 xxxi
612 4785 692 4842 Thes.
710 4784 815 4847 ‘Actori
828 4788 868 4838 καὶ
882 4783 1011 4848 &maletot
1023 4786 1058 4837 nv
1111 4787 1184 4858 μένην
1192 4785 1282 4858 ἔχομεν
1290 4783 1442 4857 membris,
1452 4782 1777 4857 ὥπερχρῶμαέναῶμαιο.
1785 4783 1881 4858 cinips

288 4871 367 4932 ciete
380 4870 441 4942 πρὸς
454 4868 569 4922 ἁπάντων
586 4868 806 4940 ὁμολογηθήοεται.
823 4868 909 4922 οὐκοῦν
923 4868 1015 4921 ἄτοπον
1030 4867 1060 4921 rb
1108 4870 1281 4941 παραπλήσιον
1310 4866 1423 4940 εἰσόμεθα
1436 4885 1459 4920 τι
1475 4871 1512 4937 τῷ
1525 4867 1573 4938 θεῷ
1586 4867 1609 4919 oi
1624 4867 1657 4939 μὴ
1672 4866 1835 4930 οὕτωςόντος
1848 4869 1880 4930 ὣς

287 4957 366 5028 λέγειν
380 4953 496 5021 τοιαύτην
524 4952 589 5024 ἔχειν
618 4951 690 5006 αὐτὸν
719 4953 774 5023 περὶ
798 4949 885 5005 ἑαυτοῦ
900 4949 943 5019 τὴν
957 4956 1058 5022 γνῶσιν,
1110 4949 1191 5014 οὗτός·
1208 4950 1263 5003 ἀλλ’
1278 4950 1350 5011 aitte
1366 4948 1408 5022 μὲν
1422 4948 1457 5012 ὣς
1479 4947 1540 5003 αὐτὸ
1553 4948 1582 5016 δὴ
1597 4953 1670 5003 τοῦτο
1684 4954 1741 5011 νοῦς
1754 4949 1768 5003 ὗ
1781 4952 1880 5005 πάντων

288 5039 375 5092 ὁποίαν
390 5040 418 5090 ἂν
432 5038 473 5089 καὶ
486 5035 566 5108 ἡμεῖς.
583 5035 604 5088 εἰ
617 5035 664 5107 γὰρ
678 5033 751 5097 αὐτὸς
765 5034 847 5106 ἕτερόν
863 5054 885 5087 τι
900 5032 975 5097 ἐστὶν,
990 5032 1060 5104 ἑτέρα
1109 5032 1238 5104 ἀνωτάτω,
1262 5033 1379 5105 θεωρῆσαι
1392 5032 1531 5104 θεοπρεπῶς
1544 5032 1576 5085 τά
1590 5049 1616 5085 τε
1634 5031 1704 5095 ὄντα,
1728 5033 1770 5085 καὶ
1784 5032 1879 5089 locris,

288 5123 316 5175 tt
329 5140 366 5182 τις
380 5118 438 5192 παρ’
452 5118 526 5173 οὗτοι
540 5119 556 5187 ἢ
572 5117 674 5189 insitii
688 5123 786 5191 γνῶσις,
801 5117 912 5181 σύνθετος
926 5116 1005 5181 ἔσται,
1018 5116 1060 5169 καὶ
1108 5115 1178 5189 ἡμεῖς
1193 5115 1219 5168 δα
1232 5115 1262 5170 rb
1275 5112 1344 5169 bobis
1357 5115 1418 5187 ἡμῖν
1443 5114 1532 5187 μίτραι
1555 5113 1706 5186 brimicium
1733 5114 1880 5188 οὔδυνῴι·

285 5203 338 5277 οὐχ
350 5204 452 5263 ἁπλοῦς.
468 5200 549 5270 ἐπειδὴ
565 5202 591 5255 ti
606 5201 700 5262 ἁπλοῦς
720 5201 932 5274 ὁμολογουμένως,
947 5199 995 5273 οὔχ
1008 5200 1060 5252 irr-
1109 5219 1158 5265 νοι,
1186 5198 1220 5260 ὡς
1248 5196 1272 5251 ἔν
1295 5195 1407 5270 ἐσόπτρῳ
1430 5197 1471 5250 καὶ
1497 5196 1620 5269 αἰνίγματι
1643 5197 1685 5251 τὸν
1706 5197 1879 5266 &tellum

290 5290 332 5359 ρόν
355 5305 378 5340 τι
392 5286 450 5357 παρ’
465 5284 573 5352 sithri
605 5283 628 5337 ἔν
644 5282 711 5355 αὐτῷ
738 5289 836 5355 γνῶσις,
860 5283 930 5355 ἡμεῖς
956 5282 993 5336 bl
1010 5282 1060 5355 οὐχ
1109 5281 1280 5355 ὁρῶμανθιόν.

290 5369 376 5431 οὕτως.
393 5367 462 5439 ἐσμὲν
477 5365 524 5438 γὰρ
537 5368 592 5419 κατ’
606 5365 690 5421 cister
705 5364 779 5428 ἰδίως·
796 5363 820 5418 ἔν
834 5364 860 5418 δὲ
882 5371 912 5438 τῇ
926 5364 998 5434 οὐσίᾳ
1010 5384 1059 5418 κει-

319 5528 328 5569 t
341 5525 389 5568 Lib.
401 5521 468 5567 xvtn
480 5524 531 5568 lter.
544 5534 564 5565 c.
577 5534 606 5573 rr,
620 5521 643 5564 in
655 5521 707 5565 tine.
719 5542 746 5555 -
756 5521 771 5565 Ω
781 5521 827 5566 Col.
840 5532 865 5569 ιι,
877 5520 897 5563 s.
