3952 6170
321 309 379 369 Μ
826 310 1151 372 THEOLOGIGORUM
1172 307 1399 371 DOGMATUM.

321 475 380 535 hoo
399 474 513 536 cacum
535 476 575 535 ab
599 475 753 537 heretice
771 476 939 557 impietatis
962 477 1090 540 lnismie
1140 476 1344 539 substantiam
1358 481 1509 551 asserunt,
1526 492 1584 535 uos
1601 480 1708 537 antem
1722 490 1796 536 eum
1809 477 1898 539 ιιιιιιιι

320 567 469 629 vindicari
489 567 595 647 opinio
617 567 681 643 illa,
708 586 804 649 mam
823 566 1007 649 Eugubinus
1027 589 1091 632 am·
1140 570 1272 631 dicimus
1294 568 1534 633 auerterent„
1564 569 1635 629 lam
1660 568 1745 647 quod
1775 568 1810 628 in
1828 569 1897 631 libro

319 659 430 738 plexus
443 666 499 733 est,
514 678 638 722 necnon
652 661 849 723 calvinianus
863 663 1005 724 Vorstius
1025 663 1089 745 (cu
1140 660 1305 741 Sapientia
1331 664 1482 744 scriptum
1501 666 1557 737 est,
1572 660 1658 723 unde
1672 660 1897 740 philosophiisti

315 751 368 830 jus
391 752 526 831 pueriles
550 753 609 815 boc
627 754 662 813 in
681 771 796 834 genere
820 772 920 835 nugas
941 757 1036 818 refert
1054 775 1090 818 ae
1140 756 1325 816 sententiam
1339 772 1429 817 suam
1451 754 1617 835 sumpsisse
1631 758 1786 832 putantur
1807 771 1825 813 a
1845 753 1898 817 uc

317 844 445 905 discutit
478 846 630 907 Martinus
664 846 818 908 Ιιιειιιιιιιιι
843 853 874 909 et
900 848 1090 928 Tbeopbilus
1140 848 1528 930 montemorenciaco
1552 842 1659 927 obque
1678 854 1806 927 propter
1828 865 1898 908 ιιιιι

321 936 526 1016 Reynaudus¹
540 938 792 1001 ineruditissimo
801 956 894 1020 opere
905 940 1093 1003 chatarali
1140 936 1353 1016 munditiaru‘,
1381 946 1475 1019 negat
1497 939 1551 1000 illc
1573 937 1613 1000 ad
1634 937 1775 999 divinam
1798 939 1900 1001 inune

321 1027 488 1111 ttealopioj,
518 1035 587 1091 tum
621 1032 715 1093 etiam
742 1030 889 1095 neamus
918 1032 992 1113 cpi,
1012 1039 1091 1095 teste
1140 1036 1267 1111 tumque
1285 1032 1469 1112 sapientiam
1482 1030 1603 1108 referri,
1629 1031 1684 1092 sed
1702 1031 1742 1092 ad
1755 1049 1899 1112 mmquc

320 1123 429 1184 eodem
443 1123 576 1199 Ver-atio,
587 1123 751 1200 dubitavit,
768 1124 849 1185 sitne
863 1125 944 1185 Deus
957 1125 991 1186 in
1000 1131 1091 1188 antro
1140 1124 1360 1203 primocreata
1372 1131 1417 1187 est
1431 1144 1450 1186 a
1464 1126 1538 1201 Deo,
1554 1124 1614 1185 hoc
1629 1129 1675 1184 est
1692 1123 1809 1184 divinae
1829 1123 1900 1186 illius

319 1214 477 1289 cmmbai,
494 1215 599 1277 aliisve
613 1216 847 1278 obscenioribus
864 1217 951 1278 locis.
976 1218 1091 1279 Vorstii
1140 1234 1220 1296 opus
1251 1222 1283 1277 ct
1309 1216 1508 1279 efficientiam
1536 1234 1607 1297 que
1635 1217 1777 1277 manavit
1804 1216 1836 1277 in
1859 1236 1899 1279 res

320 1325 414 1386 porro
423 1308 566 1368 meminit
580 1309 674 1370 etiam
687 1309 822 1373 lacobus
836 1309 1004 1371 Britannia
1018 1308 1090 1371 rex⁸
1141 1313 1258 1369 creatas
1271 1309 1349 1370 etin
1363 1306 1616 1389 siugulisclucet.
1634 1309 1681 1369 lta
1690 1308 1841 1384 Clemens,
1855 1310 1899 1388 qui

320 1398 585 1479 inprotestatione
600 1401 801 1462 Αιιιιιοιιιίιι.
1141 1406 1303 1481 propterea
1312 1402 1411 1462 videri
1424 1406 1526 1481 potest
1547 1401 1586 1461 iis
1610 1400 1900 1481 adversariquiper

360 1492 398 1552 V.
411 1493 596 1572 Quanquam
609 1498 646 1553 ut
659 1510 699 1552 ne
709 1497 827 1554 temere
841 1493 947 1555 statim
965 1494 1091 1556 haeresis
1140 1492 1252 1554 vadere
1270 1512 1306 1554 ac
1324 1499 1489 1573 penetrare
1508 1494 1615 1554 omnia
1633 1493 1689 1553 Dei
1706 1493 1899 1555 subeuntem

199 1579 239 1631 ⁶⁸⁰
320 1583 509 1646 inscribatur
519 1585 732 1665 iisquiDeum
746 1585 862 1664 ubique
878 1603 943 1646 esse
962 1593 1089 1666 negent,
1141 1584 1307 1646 affirment.
1325 1586 1411 1648 Alter
1424 1592 1471 1647 est
1483 1591 1593 1647 auctor
1608 1585 1900 1661 Οιιιιιιιοιιιιηιιιιιι·

320 1676 490 1739 videndum
504 1678 591 1757 prius
602 1696 665 1757 quo
683 1678 715 1738 ld
738 1695 832 1738 sensu
850 1677 976 1739 faciant.
989 1681 1092 1741 Potest
1136 1678 1314 1758 posciacum
1339 1679 1380 1739 ud
1401 1677 1578 1739 orthodoxos
1592 1679 1675 1738 inter
1689 1696 1787 1757 opera
1799 1678 1899 1739 Justiui
1926 1716 1933 1732 ·

321 1768 406 1830 enim
419 1770 544 1830 subesse
558 1771 684 1850 duplex.
707 1770 786 1830 Nam
808 1770 834 1829 si
854 1789 892 1830 eo
914 1770 993 1832 illud
1006 1772 1090 1832 affir-
1144 1767 1218 1850 (uon
1231 1771 1317 1831 enim
1330 1772 1473 1832 lustinus
1490 1769 1547 1851 est)
1573 1770 1629 1850 qui
1654 1790 1671 1827 ι
1689 1788 1739 1830 res
1752 1769 1830 1831 alies
1841 1788 1899 1850 que

320 1867 408 1923 mant
421 1862 506 1941 quod
519 1861 911 1943 rempullamspiriuralem
918 1863 1092 1925 substantie
1141 1863 1300 1924 confinem
1315 1863 1433 1943 aliquid
1442 1865 1601 1939 dicuntsic,
1617 1862 1678 1923 hoc
1695 1862 1829 1925 mentia
1840 1880 1899 1924 eoa

320 1972 377 2015 sua
400 1971 465 2016 esse
486 1953 521 2015 in
544 1954 613 2015 loco
636 1960 759 2035 putant,
783 1954 837 2015 sed
861 1956 981 2016 aedona
1004 1956 1069 2016 sola
1081 1975 1088 2016 :
1142 1955 1241 2016 tinere
1253 1955 1370 2031 scribit,
1382 1956 1485 2017 solum
1493 1974 1568 2018 vero
1578 1956 1678 2016 Deum
1687 1954 1846 2016 voluntate
1853 1973 1899 2017 sua

320 2047 404 2125 quod
422 2048 461 2109 de
487 2047 659 2127 angelicae
687 2046 847 2127 spiritibus
867 2046 962 2108 etiam
982 2050 1092 2109 creatis
1141 2048 1301 2108 continere
1314 2048 1396 2109 hanc
1410 2065 1517 2109 rerum
1530 2048 1826 2109 universitatem»

319 2139 456 2218 theologi
470 2146 589 2201 veteres
607 2159 643 2201 ac
657 2146 727 2221 post
745 2158 797 2201 eos
815 2145 939 2200 sanetus
957 2140 1092 2203 'l'homas
1181 2141 1299 2201 Verum
1312 2141 1560 2201 neuterillorum
1574 2158 1611 2202 eo
1625 2158 1719 2201 sensu
1734 2156 1897 2220 quereum

320 2231 448 2311 ejusque
457 2231 600 2312 discipuli
613 2232 764 2309 sentiunt,
775 2238 812 2293 ut
825 2232 898 2292 alibi
913 2232 1088 2294 dicemus‘:
1141 2231 1252 2293 haeresi
1258 2233 1453 2313 implicatum
1463 2234 1666 2310 ostendimus,
1678 2234 1780 2294 Deum
1794 2233 1898 2312 ubique

320 2323 567 2402 reprehendendi
581 2343 646 2385 non
661 2330 746 2399 snut,
765 2330 849 2385 certe
863 2323 936 2384 fidei
956 2326 996 2385 cd
1017 2344 1091 2387 eau-
1142 2342 1207 2386 esse
1220 2324 1392 2386 substantia
1405 2327 1542 2405 negavit,
1552 2343 1666 2406 nempe
1676 2326 1757 2386 utin
1767 2325 1897 2387 certoali·

320 2433 388 2477 sam
400 2416 552 2477 trahenda
564 2435 616 2478 res
638 2434 703 2477 non
717 2416 786 2478 erit.
817 2417 873 2477 Sin
895 2417 965 2478 ideo
984 2417 1090 2478 deien-
1141 2434 1204 2496 quo
1217 2417 1408 2498 delinitoque
1422 2419 1491 2479 loco
1506 2419 1574 2497 ejus
1583 2418 1757 2480 substantia
1766 2419 1897 2479 consiste

321 2507 411 2583 dunt,
427 2508 570 2587 quodml
583 2514 680 2569 totam
694 2526 791 2588 quam
805 2507 866 2569 late
876 2514 960 2588 patet
969 2511 1093 2572 univer·
1142 2515 1200 2585 ret,
1225 2511 1259 2571 in
1275 2511 1405 2590 reliquis
1428 2512 1494 2572 sola
1511 2516 1663 2591 potestate
1677 2511 1792 2572 inesset
1805 2516 1835 2572 et
1847 2510 1898 2572 effi-

321 2597 444 2660 sitatem
457 2618 564 2661 rerum
589 2600 736 2680 occupari
754 2601 794 2660 ab
812 2601 896 2661 illius
919 2601 1093 2664 substantia
1142 2603 1264 2665 cientis.
1282 2605 1389 2683 ltaque
1399 2605 1443 2665 sic
1457 2622 1570 2665 eorum
1583 2604 1816 2684 interpretanda
1823 2622 1898 2665 mens

321 2707 387 2753 non
400 2692 542 2769 credunt,
557 2693 607 2753 rel
616 2692 656 2753 ab
670 2693 858 2771 quibusdam
872 2693 912 2754 ob
922 2693 1092 2756 foeditatem
1142 2703 1198 2771 est,
1210 2701 1246 2756 ut
1259 2696 1465 2757 substantiam
1480 2697 1536 2757 Dei
1550 2714 1720 2777 corporum
1732 2697 1826 2758 modo
1838 2714 1897 2777 pcr-

322 2801 357 2844 so
370 2783 598 2864 turpitudinem
613 2786 764 2861 θιιίιιιιιιιι,
780 2791 874 2864 atque
888 2793 924 2846 ut
933 2786 1029 2847 verbo
1044 2788 1091 2848 di·
1142 2788 1265 2848 misceri
1279 2789 1380 2849 nolint
1393 2806 1467 2853 cum
1480 2789 1575 2850 rebus
1597 2808 1616 2850 a
1635 2808 1667 2851 se
1681 2790 1814 2850 conditis
1827 2804 1897 2850 eom·

202 2874 207 2883 '
322 2893 402 2953 cam,
417 2877 443 2937 si
456 2877 573 2939 aberrbi
585 2897 651 2939 esse
659 2879 866 2939 substantiam
881 2878 946 2954 Dei,
959 2878 1045 2940 velut
1058 2880 1092 2941 iu
1142 2881 1334 2943 municarius
1343 2899 1416 2943 cum
1428 2883 1477 2957 iis,
1494 2880 1600 2943 sedita
1608 2882 1709 2943 inesse
1721 2880 1897 2943 omnibusnt

322 2968 400 3031 eoelo
427 2975 579 3047 steterunt,
607 2970 681 3032 alibi
704 2988 769 3032 non
793 2989 858 3032 esse
877 2971 1000 3047 docent,
1021 2991 1092 3052 ques
1143 2980 1230 3034 extra
1242 2975 1348 3035 omnia
1361 2974 1411 3049 sit,
1427 2974 1511 3053 quod
1530 2979 1636 3054 postea
1648 2992 1761 3035 verum
1775 2973 1897 3036 essedo

322 3062 438 3123 Vorstii
463 3069 495 3123 et
521 3080 633 3125 eorum
659 3082 738 3143 quos
761 3063 855 3143 pardo
878 3069 951 3125 ante
987 3064 1093 3127 notavi
1141 3065 1273 3128 uehitur.

322 3155 474 3215 sententia
492 3155 561 3230 fuit,
586 3156 757 3217 manifestae
778 3156 904 3217 heresis
933 3162 1090 3218 tenentur.
1181 3160 1234 3220 VI.
1249 3160 1372 3220 Tertius
1386 3165 1432 3221 est
1446 3159 1634 3235 Lactantius,
1654 3160 1711 3239 qui
1729 3158 1763 3219 in
1785 3159 1858 3219 libro
1869 3154 1897 3217 de

323 3247 457 3307 Tametsi
471 3250 622 3326 quosdam
645 3269 684 3310 ex
706 3249 948 3328 antiquioribus,
965 3255 1001 3309 ut
1015 3250 1091 3326 dixi,
1144 3250 1269 3333 opifice
1281 3252 1340 3312 Dei
1350 3252 1449 3333 capite
1459 3268 1510 3313 xm
1523 3251 1646 3313 ridetur
1656 3252 1757 3313 Deum
1766 3249 1896 3312 emioru-

322 3338 422 3418 iisque
435 3340 594 3401 catholicis
612 3341 774 3420 theologis,
797 3347 834 3401 ut
852 3342 978 3420 quddam
993 3342 1093 3421 prima
1142 3345 1361 3407 cumscribcre.
1381 3344 1461 3405 Nam
1474 3344 1514 3405 dc
1532 3350 1637 3405 mente
1650 3344 1788 3405 hominis
1801 3348 1831 3405 et
1842 3341 1897 3421 eja

323 3433 424 3511 specie
436 3432 570 3507 adeun,
585 3434 636 3495 vel
649 3440 791 3495 auctores
803 3434 998 3495 velfautorea
1011 3440 1093 3496 certe
1143 3436 1214 3497 sede
1237 3436 1399 3515 disputans
1418 3453 1529 3498 eorum
1549 3436 1735 3497 seutentiam
1749 3434 1895 3515 approbat,

323 3523 486 3586 nominare
509 3531 649 3605 possum,
670 3545 688 3587 e
711 3526 825 3607 quibus
847 3532 911 3588 tres
928 3526 1006 3588 mihi
1021 3533 1094 3589 sunt
1147 3528 1227 3608 «qni
1236 3528 1340 3589 sedem
1355 3527 1422 3608 ejus
1435 3529 1469 3589 iu
1488 3528 1616 3589 cerebro
1636 3546 1702 3589 esse
1716 3529 1898 3602 dixerunt,et

325 3617 364 3676 ad
377 3634 518 3678 manum.
531 3619 652 3679 Primus
662 3626 707 3681 est
716 3620 857 3681 Clemens
867 3619 1095 3682 Alexandrinus
1144 3639 1218 3681 sane
1226 3620 1419 3700 argumentis
1433 3619 1648 3700 probabilibus
1661 3621 1712 3682 usi
1725 3626 1808 3681 snut.
1818 3620 1898 3699 Opor

324 3709 378 3786 qui
396 3708 584 3772 stromateon
606 3713 754 3788 seeundo,
780 3712 954 3773 substantia
967 3710 1092 3789 nullibi,
1143 3712 1239 3775 tuisse
1261 3712 1376 3773 scilieet
1399 3711 1484 3791 quad
1501 3712 1597 3772 tatius
1615 3712 1754 3795 corporis
1776 3712 1896 3791 regimen

325 3802 463 3880 potentio
475 3803 592 3883 ubique
601 3805 700 3866 Deum
710 3823 775 3867 esse
786 3804 961 3865 confirmat.
977 3802 1092 3881 «Deus,
1144 3804 1283 3881 haberet,
1310 3804 1413 3884 potius
1425 3804 1460 3864 in
1475 3820 1599 3865 summo
1621 3810 1773 3883 tauquam
1792 3805 1824 3864 in
1840 3820 1897 3863 arec

325 3893 378 3968 ait,
389 3896 628 3977 approprinquare
642 3916 781 3979 epasmo,
798 3898 896 3977 iuquit
909 3895 1092 3958 Dominus⁸z
1144 3896 1295 3972 habitare,
1307 3914 1365 3956 nec
1374 3896 1548 3974 quidquam
1562 3914 1628 3957 esse
1642 3896 1806 3957 sublimius
1818 3910 1898 3975 qnam

325 3988 434 4066 procul
460 3989 587 4068 quidem
608 3990 792 4051 substantia.
820 3990 982 4063 Quomodo
1010 3991 1095 4053 euim
1144 3987 1176 4048 id
1186 3988 1270 4068 quod
1287 3988 1471 4049 universum
1488 3988 1610 4050 ratione
1622 3989 1815 4064 moderetur;
1832 3987 1898 4065 deut

324 4080 408 4157 quod
426 4085 472 4141 est
484 4083 626 4160 genitum
649 4083 913 4163 appropinquaret
930 4081 1095 4160 ingenito?
1144 4080 1209 4159 ipsa
1223 4080 1634 4143 mundidominusetreetor
1646 4081 1682 4141 in
1695 4097 1816 4141 summo
1824 4084 1894 4140 ests

325 4173 475 4249 proxime>
487 4180 593 4235 autem
615 4180 661 4235 est
683 4181 843 4255 potestate,
869 4193 933 4253 qua
950 4175 1096 4234 universa
1145 4173 1340 4233 Etsubinde:
1359 4173 1520 4234 «Videtur
1534 4173 1619 4234 enim
1635 4190 1726 4234 mens
1737 4169 1896 4252 quedomi-

325 4264 461 4327 sinusuo
474 4267 721 4346 complectitum.
734 4289 749 4325 n
763 4268 851 4340 Quod
861 4266 1096 4329 atmauitcstius
1144 4270 1254 4325 uotum
1272 4264 1411 4345 eorporis
1422 4271 1521 4342 tenet,
1537 4266 1571 4325 iu
1585 4281 1711 4326 summo
1728 4265 1823 4344 capite
1836 4278 1897 4323 eou-

326 4357 454 4436 enponit
475 4357 509 4417 in
527 4358 638 4437 quinto
660 4358 742 4419 libro
761 4359 817 4418 ubi
836 4359 955 4420 Stoicos
968 4360 1093 4433 rebitet,
1145 4358 1254 4418 stituta
1265 4364 1417 4437 tanquam
1430 4359 1464 4419 iu
1479 4359 1557 4421 eaelo
1567 4359 1659 4434 Deus,
1675 4358 1731 4419 sed
1745 4352 1896 4437 quandoin

326 4446 426 4507 Deum
435 4449 626 4511 aientesesse
640 4450 813 4511 substantia
822 4469 946 4531 corpus,
958 4469 993 4511 ae
1004 4451 1094 4531 spiri-
1145 4450 1250 4530 aliqua
1263 4452 1303 4512 sit
1317 4451 1514 4530 cogitatione,
1526 4466 1704 4512 commeare
1717 4450 1755 4511 ed
1771 4448 1897 4531 putasti

325 4542 406 4599 tum.
431 4560 447 4597 ι
467 4540 524 4615 llli,
544 4540 658 4622 lnquit,
679 4545 779 4604 Deum
793 4560 919 4604 omnem
934 4562 1095 4623 permeare
1145 4544 1235 4624 quasi
1253 4545 1292 4605 ad
1305 4551 1461 4606 secretum
1476 4544 1605 4624 aliquod
1623 4543 1783 4624 peneuala
1795 4540 1896 4607 emen.

363 4805 385 4846 a
404 4792 491 4847 Cbmt.
517 4794 599 4850 ltux.
618 4795 680 4858 θεὸς
700 4794 803 4869 initos
831 4794 891 4870 ιγὼ,
920 4800 979 4869 φησι
1005 4799 1095 4872 seipso:-
1147 4799 1279 4870 καλοῦμεν.

327 4871 413 4946 stipo
427 4873 470 4946 plu
488 4876 542 4930 κατ’
555 4876 649 4931 οὐσίαν.
665 4879 722 4940 Πῶς
734 4878 782 4952 γὰρ
796 4881 824 4932 ἂν
841 4881 980 4953 aucep-plear
994 4880 1054 4935 ποτὶ
1067 4881 1097 4934 τι
1183 4882 1323 4939 clusus
1344 4886 1481 4956 Respom.
1502 4885 1545 4942 ad
1572 4894 1673 4960 qamt.
1702 4905 1740 4946 11.
1758 4887 1815 4943 'Eu
1831 4880 1898 4938 Η

327 4957 429 5025 γενητὸν
444 4955 583 5032 ὀγενιήτῳς
599 4959 723 5033 ἐγγυτάτω
738 4961 781 5027 δι,
809 4965 925 5036 iscipu,
941 4959 957 5036 ᾖ
972 4963 1098 5019 raudera
1146 4965 1275 5038 λιχθιιτα,
1290 4966 1444 5039 separated,
1463 4974 1501 5042 τῷ
1514 4963 1577 5023 εἶναι
1591 4972 1699 5046 περιέχει
1719 4970 1895 5043 timpum·

329 5032 521 5107 ἰγκεκόλπισιαι.
1146 5048 1222 5114 (lma
1244 5048 1276 5104 sl
1296 5053 1473 5124 ιιεριιχιμιια)
1495 5054 1570 5124 μόνος
1596 5052 1623 5108 bl
1650 5055 1666 5108 ὁ
1692 5055 1745 5118 θεὸς
1766 5052 1898 5126 septigenti

365 5119 440 5177 bid.
461 5140 487 5195 p.
503 5124 565 5183 let.
591 5124 762 5199 Ἀλλόἱμιν
783 5129 872 5196 διήκειν
901 5127 941 5183 διὰ
961 5129 1098 5198 sturme
1148 5131 1378 5201 βοιλήσιιτδιιᾶι.

330 5196 413 5264 atala<
431 5205 473 5259 τὸν
488 5208 541 5261 θεόν
555 5228 638 5281 φασιν,
652 5209 723 5282 ἡμεῖς
743 5209 770 5265 δὲ
778 5251 787 5276 ,
802 5211 905 5282 ποιητὴν
920 5213 996 5284 μόνον
1024 5211 1099 5267 uiros

359 5447 368 5490 t
384 5447 408 5489 tn
421 5448 481 5491 ιἰιιιι,
493 5449 638 5518 ttcotpetot.
649 5460 698 5505 cup.
711 5462 741 5495 ιι.
753 5453 780 5496 dc
791 5453 854 5495 buo.
868 5453 914 5506 bct,
927 5464 948 5509 q.
964 5454 983 5497 t.
992 5454 1040 5496 -t
1052 5454 1112 5510 btsp.
1124 5454 1145 5499 ι.
1159 5465 1197 5511 qu.
1212 5460 1230 5500 ι.
1244 5464 1286 5502 ιιι.
1297 5460 1318 5504 u.
1332 5468 1391 5503 unm.
1405 5460 1493 5507 u.-s
1503 5460 1567 5518 oper.
1581 5460 1658 5508 iacobi
1671 5462 1781 5522 mgis-t
1792 5458 1835 5503 lit.
1848 5456 1863 5503 Ι.
1873 5458 1896 5505 ΙΙ

331 5510 384 5563 torp.
397 5520 447 5562 cap.
459 5520 478 5551 ι.
487 5510 533 5551 -5
546 5510 604 5553 Hiar.
614 5513 729 5557 nun-tt
739 5515 788 5566 sou
802 5525 840 5557 ιιι.
853 5514 886 5556 u.
