3942 6168
181 448 186 454 .
297 388 357 447 206
806 382 1132 447 rflealoelcoluttl
1153 381 1384 445 DOGMATUM.

337 549 546 623 Quamobrem
556 550 643 611 nulla
650 549 764 612 ideireo
774 549 953 630 compositio
962 548 998 610 fit
1007 550 1070 611 sive
1120 547 1217 609 cidot:
1234 554 1358 610 tantun
1374 547 1479 608 abesse
1496 552 1531 608 ut
1539 546 1709 623 unitatem,
1720 546 1876 627 simplicita-

297 643 599 723 proprietatumeum
607 643 787 720 substantie,
796 643 859 704 sive
867 660 1071 723 personarum
1119 646 1245 722 temque
1255 641 1309 702 Dei
1319 658 1523 721 personarum
1532 640 1696 701 discrimen
1710 638 1876 702 illudinter-

295 734 377 796 inter
386 753 435 813 se,
454 737 538 817 quod
554 737 615 799 illas
632 736 758 817 quidem
768 737 902 797 invicem
912 755 977 797 non
986 736 1071 798 dille
1119 735 1229 814 pellet,
1259 734 1343 814 quod
1370 734 1541 795 secundnm
1568 733 1771 815 proprietates
1793 735 1878 814 reipsa

295 834 387 903 runt,
408 830 462 890 sed
480 848 544 890 nna
561 848 611 891 res
627 837 717 891 sunt:
739 847 811 910 pars
828 835 934 891 autem
949 848 968 889 a
983 835 1070 909 parte
1119 828 1292 888 maximum
1308 827 1488 904 intercedit,
1505 832 1542 887 ut
1557 826 1625 887 haee
1640 824 1707 906 ipse
1720 823 1807 886 realis
1818 844 1877 906 per-

295 919 444 982 alterare
464 921 587 983 differre
605 923 707 984 debet.
735 922 877 983 Personae
897 938 990 1002 porro
1007 926 1070 984 tres
1118 937 1267 981 sonarum
1276 919 1541 981 differentieedid
1550 918 1744 998 potissimum
1757 917 1879 980 conferet

295 1012 352 1072 etsi
362 1013 475 1092 partim
486 1016 676 1076 conveniunt
685 1014 799 1095 partim
809 1013 1070 1093 discrepantum
1118 1016 1154 1072 ut
1169 1013 1208 1073 sit
1223 1030 1306 1073 unus
1321 1011 1474 1092 imprimis
1489 1030 1525 1073 ac
1540 1009 1784 1090 simplicissimus
1799 1010 1877 1074 Deus.

294 1109 401 1166 tamen
417 1106 451 1165 in
466 1106 559 1167 unius
575 1107 830 1188 compositionem
838 1107 979 1168 veniunt.
990 1106 1070 1170 Nam
1119 1105 1206 1179 Quod
1216 1105 1275 1166 nisi
1284 1110 1370 1165 tanta
1382 1121 1530 1185 personas
1545 1104 1627 1164 inter
1640 1108 1718 1164 esset
1726 1100 1877 1180 dmtinefio,

295 1203 447 1277 quatenus
466 1199 633 1278 differunt,
655 1201 690 1262 in
709 1218 810 1261 unum
830 1200 999 1262 coalescere
1017 1218 1070 1262 ne
1118 1203 1172 1258 aut
1188 1198 1213 1258 si
1229 1197 1322 1259 unica
1335 1202 1459 1258 tanturn
1476 1202 1555 1258 esset
1571 1214 1704 1277 persam
1719 1194 1778 1256 Dei
1789 1195 1880 1277 inque

295 1297 415 1370 queunt
431 1292 514 1371 quod
533 1292 572 1352 sit
590 1311 629 1354 ex
647 1293 707 1353 illis
722 1293 821 1354 tribus
837 1292 1005 1354 conflatum
1015 1311 1023 1367 ;
1035 1297 1070 1352 ut
1118 1290 1328 1371 intelligentius
1339 1310 1374 1351 ae
1383 1289 1550 1351 voluntatis
1558 1287 1752 1368 operationes
1760 1288 1880 1350 inessent

294 1389 400 1444 autem
417 1385 624 1462 conveniunt,
641 1385 708 1465 jam
723 1404 789 1446 non
798 1385 858 1446 tria
867 1385 1069 1465 distinctaque
1118 1401 1213 1444 merae
1224 1403 1259 1444 ae
1268 1382 1439 1462 simplices,
1451 1400 1521 1461 quae
1531 1380 1746 1442 substantivum
1757 1380 1878 1458 nullum,

294 1481 377 1551 sunt,
389 1477 553 1537 sedunum
562 1477 673 1557 reipsa.
692 1478 824 1539 Proinde
840 1482 943 1557 partes
951 1476 994 1538 ibi
1004 1494 1069 1539 esse
1117 1480 1274 1537 utrocant
1284 1476 1459 1544 terminum,
1479 1475 1539 1535 hoc
1555 1480 1600 1535 est
1614 1472 1806 1553 hypostasim
1820 1473 1879 1535 nnl-

294 1574 466 1648 nequeunt.
488 1570 602 1631 Eadem
622 1571 707 1632 enim
725 1587 857 1631 numero
874 1568 1005 1631 essentia
1019 1575 1068 1630 to-
1117 1568 1181 1629 lam
1198 1568 1422 1648 producerent,
1441 1585 1506 1628 non
1518 1564 1586 1646 jam
1602 1583 1686 1627 unus
1701 1583 1804 1647 neque
1818 1566 1880 1629 sim·

293 1664 387 1741 taque
400 1660 843 1742 estinomoibusecsingolis,
855 1661 1069 1741 quodinllnita
1117 1661 1189 1741 plex
1206 1660 1286 1723 foret
1304 1661 1359 1722 sed
1377 1659 1567 1740 compositus
1587 1660 1679 1720 Deus.
1700 1660 1801 1739 Atque
1816 1659 1882 1721 illnd

294 1752 488 1833 singularum
515 1754 661 1834 perfectio
688 1754 839 1834 postulat,
866 1758 902 1814 ut
920 1772 958 1815 ex
976 1753 1069 1815 Atha-
1117 1742 1882 1833 estGraecorumtheologorumsermonevulgatnn

293 1843 399 1906 nasio¹
417 1852 449 1907 et
465 1845 660 1926 Αιιμιιοίίιιοί
682 1847 835 1927 imprimis
851 1846 999 1922 efficitur,
1015 1845 1069 1926 qui
1117 1847 1301 1926 mysterium
1311 1846 1403 1908 unite
1413 1893 1420 1921 ,
1432 1851 1589 1908 utrocant
1604 1862 1639 1905 ur
1652 1843 1801 1907 destincte
1813 1843 1881 1905 νίνο-

293 1935 362 1997 ideo
372 1938 509 1999 divinam
519 1939 683 2000 essentiam
690 1939 784 2000 dividi
791 1939 1066 2019 negantinpartcs,
1117 1937 1218 2020 loqioe,
1237 1939 1297 2000 hoc
1318 1943 1365 2000 est
1384 1950 1428 2014 τῆς
1441 1945 1568 2020 tropeam
1582 1944 1623 1998 καί
1641 1945 1824 2017 οιακεκριρένγς
1838 1945 1883 1998 teo

293 2047 333 2091 ne
351 2048 483 2109 persona
499 2032 646 2110 quelibet
661 2032 766 2092 minus
782 2031 917 2112 perfecte
925 2030 1069 2111 sitquam
1116 2038 1220 2111 λογίας,
1243 2032 1282 2093 de
1292 2049 1354 2112 quo
1364 2031 1513 2111 praeelara
1522 2036 1568 2092 est
1580 2029 1720 2111 Dionysii
1729 2028 1882 2109 ιίὶεμιιίιιίίο

293 2138 401 2183 omnes
410 2123 503 2184 simul
513 2123 660 2185 colleoae.
671 2124 751 2184 Nam
768 2129 799 2184 ct
811 2124 999 2185 homounus
1008 2123 1067 2184 mi·
1117 2122 1150 2184 in
1168 2125 1302 2185 seeundo
1320 2122 1418 2203 capite
1436 2121 1508 2184 libri
1524 2121 1560 2183 de
1580 2121 1698 2184 Divinis
1717 2119 1880 2181 comitilia.

294 2214 380 2275 noris
389 2214 727 2296 perfeetionisaepretii
738 2221 886 2295 estquam
896 2216 959 2276 duo
967 2222 1068 2277 tresve
1159 2216 1245 2277 Hanc
1255 2214 1507 2279 adeosublimem
1517 2220 1548 2276 et
1556 2212 1881 2294 incredibilemsimpli·

291 2304 452 2383 homines,
464 2326 535 2368 cum
545 2307 716 2388 perfeetum
732 2307 830 2369 altero
847 2308 992 2388 adjuncto
1001 2326 1069 2389 per·
1117 2308 1215 2369 citatis
1230 2308 1264 2369 in
1281 2310 1344 2371 Deo
1361 2308 1515 2369 rationem
1534 2306 1669 2368 breviter
1688 2306 1821 2368 ostendit
1828 2306 1881 2367 Ire-

291 2396 370 2458 tecto
387 2397 442 2459 fiat
457 2399 632 2479 perfectius.
651 2401 733 2461 Deus
748 2405 853 2461 autem
867 2400 1069 2481 quiainfinite
1117 2417 1215 2475 naeus,
1227 2401 1303 2462 dum
1313 2401 1459 2463 adversus
1468 2406 1588 2461 veteres
1595 2398 1664 2459 illos
1670 2398 1882 2478 hereticospu

293 2489 517 2569 perfeetusest,
529 2492 659 2554 nullare
669 2501 931 2574 creseerepotest:
947 2499 1070 2574 caperet
1117 2498 1193 2571 gnat
1209 2491 1239 2569 ⁸,
1261 2494 1315 2574 qui
1326 2501 1450 2575 προθολίς
1464 2492 1653 2571 nescioquas
1674 2495 1706 2551 et
1714 2488 1883 2572 prolationes

292 2587 397 2643 autem
415 2584 644 2646 incrementum
663 2585 793 2666 aliquod
812 2585 956 2665 perfecti,
976 2585 1069 2648 sirei
1117 2582 1882 2666 affingebantlleo,velutaetioncsexdivinamente

293 2692 425 2736 numero
445 2675 565 2738 diversa
583 2677 729 2758 perfectio
753 2678 866 2738 inesset
883 2679 918 2738 in
936 2695 1069 2758 persona
1116 2678 1315 2756 prodeuntes.
1328 2679 1442 2740 Contra
1454 2682 1560 2738 autem
1570 2677 1707 2738 lrenaens
1718 2695 1725 2736 :
1737 2674 1883 2737 «Deusin

292 2765 389 2828 altera
398 2772 429 2828 et
438 2768 566 2847 quidem
576 2769 709 2830 infinita.
721 2769 767 2831 lta
776 2771 861 2830 enim
870 2770 992 2831 infinita
1000 2789 1069 2851 per·
1117 2769 1284 2848 quit,totus
1294 2772 1427 2833 existens
1435 2768 1881 2847 mensettotnsexistenslogos,

292 2857 431 2920 lectionis
441 2860 481 2921 ed
489 2861 628 2940 priorem
638 2861 726 2923 fieret
736 2863 877 2923 accessio.
1116 2863 1200 2942 quod
1209 2864 1333 2944 cogitat,
1342 2864 1439 2924 bouet
1449 2863 1597 2942 loquitur,
1614 2868 1645 2923 et
1653 2861 1881 2942 quodloquitor,
1962 2918 1963 2945 ,

332 2953 385 3012 Est
394 2959 425 3013 et
435 2952 487 3013 illa
496 2953 814 3016 loannisllamasccni
823 2973 889 3016 non
898 2952 1069 3018 omittenda
1116 2955 1212 3018 hocet
1226 2957 1349 3037 cogitat.
1360 2956 1509 3035 Cogitatio
1523 2955 1608 3016 enim
1618 2954 1685 3034 ejus
1700 2955 1799 3035 logos,
1809 2952 1881 3014 etio

291 3044 470 3121 retio,ide0
481 3046 600 3107 nullom
620 3065 659 3109 ex
676 3047 776 3109 tribus
794 3048 933 3128 personis
952 3047 986 3107 in
1004 3049 1067 3110 Deo
1116 3065 1171 3126 gos
1181 3066 1288 3126 mens,
1309 3055 1341 3111 ct
1350 3046 1457 3109 omnia
1465 3048 1652 3109 concludens
1667 3064 1759 3109 mens
1767 3047 1829 3127 ipse
1839 3045 1884 3106 'est

292 3138 547 3217 compositionem
565 3140 651 3217 fieri,
670 3141 754 3221 quod
771 3141 902 3221 singulae
919 3146 1069 3221 suntper-
1118 3141 1217 3203 Pater.
1248 3141 1307 3216 Qui
1326 3160 1400 3221 ergo
1419 3138 1492 3201 dicit
1510 3145 1649 3202 mentem
1667 3141 1724 3201 Dei
1747 3146 1779 3201 et
1795 3137 1883 3221 prole

291 3228 390 3291 fectae.
419 3231 464 3291 Ex
483 3226 626 3312 perfectis
645 3239 750 3295 autem
767 3233 985 3313 hypostasibus
1003 3252 1068 3295 non
1115 3232 1234 3295 tionem
1253 3234 1411 3313 propriam
1430 3233 1529 3294 menti
1555 3233 1668 3309 donat,
1688 3232 1883 3313 compostum

292 3326 392 3400 potest
408 3323 472 3383 ulle
488 3324 557 3385 lieri
573 3327 766 3405 compositio.
785 3326 846 3386 Sed
859 3344 959 3405 neque
973 3344 1066 3406 aspa·
1116 3343 1189 3386 eum
1205 3326 1404 3406 pronuntiat,
1423 3332 1577 3405 tanquam
1593 3325 1679 3386 aliud
1696 3322 1883 3405 quiddamsit

292 3412 371 3473 ciem
388 3432 427 3476 cx
442 3415 609 3477 individuis
626 3417 771 3498 componi
787 3417 934 3495 dicimus,
947 3419 1065 3500 inquit,
1116 3419 1208 3494 Deus,
1220 3417 1304 3479 aliud
1314 3424 1418 3479 eutem
1427 3416 1605 3498 principalis
1616 3435 1707 3479 mens
1717 3417 1879 3479 existens.»

292 3523 402 3567 verum
420 3507 454 3567 in
473 3508 642 3570 individuis
661 3519 786 3571 esse‘.»
801 3510 838 3570 Et
847 3510 988 3591 quamvis
997 3529 1068 3572 con·
1116 3510 1234 3572 Clarius
1242 3511 1325 3572 istud
1334 3512 1455 3591 ipsum,
1468 3529 1504 3572 ec
1512 3510 1700 3572 luculentius
1709 3508 1883 3572 Athanasius
1961 3542 1962 3573 ι

292 3599 399 3659 tendat
417 3600 569 3680 quispiam
595 3600 728 3681 speciem
753 3607 922 3683 utcumque
941 3621 1067 3685 compo·
1116 3601 1243 3683 exponit
1262 3603 1296 3664 in
1314 3603 1423 3684 quinto
1443 3602 1523 3665 libro
1543 3613 1647 3665 contra
1676 3602 1815 3665 Arianos.
1842 3598 1882 3662 lbi
1961 3578 1962 3619 ί

293 3690 383 3751 sitam
410 3710 475 3753 esse
491 3710 531 3753 ex
550 3693 758 3773 singularibus
776 3695 859 3771 istis,
882 3715 946 3757 non
967 3702 1069 3776 potest
1116 3694 1201 3758 enim
1220 3694 1320 3757 lilium
1344 3696 1399 3757 Dei
1431 3694 1647 3759 subsistentem
1679 3713 1745 3758 esse
1765 3696 1883 3777 λόγοισί

292 3781 376 3843 idem
391 3784 430 3844 de
447 3783 552 3845 divina
568 3786 786 3868 naturalingi,
799 3793 925 3869 quaeest
933 3805 1066 3851 unana-
1115 3787 1296 3868 sapientiam
1330 3805 1367 3849 eo
1390 3787 1502 3869 probet
1533 3793 1747 3869 argumento:
1775 3782 1883 3866 «quod

292 3891 379 3937 mero
389 3881 420 3937 et
431 3876 666 3957 simplicissima.
1116 3879 1176 3940 nisi
1194 3879 1383 3941 substantiva
1400 3878 1480 3941 foret
1498 3878 1649 3960 sapientia
1666 3886 1698 3943 et
1724 3878 1883 3941 subsistens

120 3992 268 4055 raperem.
331 3968 411 4030 Vlll.
423 3970 541 4031 Verum
551 3975 587 4031 ut
597 3971 694 4033 divini
703 3972 785 4033 illius
802 3973 907 4035 arcani
916 3972 1069 4053 stupenda
1116 3972 1194 4034 ratio
1204 3978 1236 4033 et
1244 3977 1353 4033 extans
1362 3971 1472 4049 Filius,
1490 3971 1733 4053 sedsimplioiter
1743 3969 1883 4053 sapientia

120 4047 268 4156 ,ssssffi‘gflb
292 4060 474 4140 majestaset
485 4062 707 4126 admirabilitas
716 4065 816 4145 magis
827 4066 955 4143 eluceat,
966 4065 1068 4127 dicam
1117 4070 1148 4125 et
1162 4064 1241 4126 ratio
1262 4069 1293 4126 et
1314 4064 1409 4126 lilius
1428 4065 1463 4126 in
1491 4066 1598 4142 Patre,
1621 4072 1700 4127 esset
1721 4067 1809 4127 Pater
1825 4064 1882 4144 ipse
1960 4096 1961 4099 =

127 4164 257 4254 deggffi
291 4153 324 4214 id
339 4155 422 4233 quod
438 4160 551 4235 praeter
567 4155 745 4238 opinionem
759 4157 1067 4220 lomaselectoriee·
1117 4152 1879 4238 compositusexsapientiaetrationesiretlerbo's
1960 4170 1961 4187 ¹

291 4403 337 4449 αις,
352 4385 393 4437 καί
406 4384 479 4438 ουσία
499 4385 618 4458 διέφερον,
640 4383 703 4455 ἦσαν
726 4388 754 4441 ἂν
766 4388 848 4460 ὥσπερ
869 4387 926 4460 τρία
944 4389 1066 4459 πρόσωπα
1114 4406 1151 4452 τε,
1166 4389 1207 4442 καί
1222 4389 1367 4461 προσώπου,
1377 4386 1429 4442 ἔστί
1438 4386 1637 4462 spemn-bil
1648 4388 1773 4459 διάκρισις,
1783 4383 1880 4455 ίπινοίμ

290 4475 482 4539 πραγματικῶς,
505 4467 571 4522 οὗτοι
593 4470 634 4522 καί
653 4475 720 4541 τρεῖς
740 4468 831 4523 οὖσίαι·
854 4474 929 4524 τοῦτο
950 4468 978 4523 δ’
999 4467 1065 4524 ἐστίν
1150 4485 1172 4526 a
1195 4470 1312 4527 [Μανιος.
1337 4470 1383 4527 tib.
1413 4472 1434 4526 ί.
1457 4487 1483 4527 e.
1505 4488 1534 4527 x.
1560 4469 1647 4542 Φαμὲν
1669 4469 1695 4523 tl
1717 4469 1881 4524 ἕκαστοντῶν

291 4547 399 4604 ἐναντίον
415 4556 446 4623 τῇ
467 4552 557 4605 πίστει·
580 4552 619 4605 διὸ
641 4551 737 4623 ἐπινοίᾳ
759 4553 802 4625 μέν
825 4551 889 4607 ἔστιν
910 4552 927 4620 ἢ
949 4553 1066 4625 διάκρισις
1114 4558 1188 4625 τριῶν
1203 4555 1298 4607 τελείαν
1314 4553 1379 4626 ἔχειν
1394 4554 1547 4619 ίιπόσιασιν,
1561 4554 1605 4606 ἵνα
1620 4551 1653 4624 μὴ
1666 4549 1693 4605 ἐκ
1706 4558 1779 4626 τριῶν
1794 4550 1881 4605 ἀτελῶν

289 4633 457 4698 ίποοτάσεως,
471 4635 513 4687 νιαί
528 4633 622 4700 οίισίας,
637 4637 763 4709 πράγματι
776 4636 803 4689 dt
817 4634 874 4709 γιίγ
891 4635 986 4700 ίνωσις,
997 4632 1066 4689 ἔναν-
1116 4637 1173 4708 μίαν
1187 4636 1300 4691 σύνθετον
1322 4636 1392 4707 psai
1406 4635 1501 4691 τελείαν
1519 4635 1687 4709 γνωρίζωμεν·
1704 4633 1765 4689 ἀλλ’
1784 4631 1881 4705 bipart
1959 4700 1960 4705 γ

289 4714 347 4777 τίως
361 4717 376 4784 ᾖ
389 4713 430 4788 ἐρ’
443 4715 514 4789 ἡμῶν
529 4724 579 4772 τῶν
602 4717 745 4792 ἀνθρώπων·
770 4718 896 4792 ἐρ’ὴμῶν
916 4718 974 4791 γὰρ,
989 4718 1005 4787 ἦ
1022 4718 1064 4792 μίν
1114 4719 1218 4782 τελείαις
1238 4719 1386 4774 ίιποστάσεσι
1409 4720 1465 4791 μίαν
1487 4718 1568 4787 ἁπλῆν
1590 4717 1675 4772 οὐσίαν
1697 4716 1824 4793 ὓπερτιλῆ·
1845 4714 1882 4767 καί
1959 4718 1960 4745 ¹

289 4798 375 4862 ίνωσις
389 4803 433 4867 τῆς
454 4800 561 4872 ρίσεως,
583 4802 639 4871 ἤτοι
660 4807 703 4869 τῆς
724 4802 922 4875 ἀνθροιπότητος,
938 4801 1001 4874 μετὰ
1021 4807 1065 4856 τοῦ
1113 4802 1315 4856 παντίλειονπᾶν
1337 4801 1384 4874 γὰρ
1407 4798 1431 4864 ἔξ
1457 4800 1552 4857 ἀτελῶν
1579 4802 1753 4874 συγκείμενον,
1773 4798 1880 4853 σύνθετοι

289 4880 392 4938 ἑκάστου
403 4885 555 4957 προσώπου,
577 4882 672 4957 ίπινοίᾳ
691 4888 761 4940 ποιιῖ
771 4887 814 4951 iv,
836 4886 963 4959 πράγματι
977 4884 1004 4939 at
1019 4885 1064 4939 ιίσι
1113 4885 1211 4947 πάντως
1226 4882 1287 4939 teu·
1305 4882 1371 4939 ίιιδί
1385 4884 1485 4939 τελείων
1499 4884 1657 4939 ίποστάσειον
1673 4882 1788 4937 ἀδύνατον
1802 4879 1878 4935 atsto

288 4965 341 5020 δύο·
364 4967 428 5021 ἄλλο
448 4967 496 5040 γὰρ
518 4971 620 5041 πρᾶγμα
639 4967 656 5036 ί]
676 4969 744 5037 κοινὴ
761 4967 928 5042 ἀνίροιπότης·
944 4969 986 5022 καί
1000 4968 1064 5024 ἄλλο
1114 4987 1152 5021 σιν
1167 4968 1288 5039 γενέσθαι·
1298 4968 1352 5021 ὅθεν
1367 4966 1424 5022 otti
1436 4967 1544 5041 λέγομεν
1559 4967 1589 5023 τίν
1602 4961 1667 5029 sidet
1679 4963 1702 5031 ίξ
1716 4964 1878 5027 ὑποστάσεσι,

288 5051 389 5121 πρᾶγμα
408 5050 424 5118 ἡ
445 5053 517 5105 τοῦδε
538 5056 582 5106 τοῦ
604 5052 737 5124 προσώπου
759 5051 892 5124 ἆτομότης,
919 5051 958 5105 ut
980 5052 1064 5124 ὥσπερ
1114 5048 1176 5104 ἀλλ’
1190 5048 1214 5103 ἔν
1229 5050 1387 5105 ὑποστάσεσι.
1451 5114 1456 5123 Ι

289 5126 360 5202 lapte
374 5132 458 5187 πολλὰ
470 5135 608 5207 πρόσωπα,
631 5133 696 5188 οὕτω
716 5136 757 5187 ιιοιί
770 5135 862 5189 πολλοί
876 5134 1008 5207 ἅνθρωποι·
1024 5134 1063 5188 διὸ
1151 5134 1168 5191 ί)
1187 5134 1290 5190 Aratu.
1306 5140 1375 5190 orat.
1388 5135 1416 5190 5.
1440 5131 1514 5188 Ἐπεί
1529 5130 1552 5189 τί
1566 5130 1599 5206 μὴ
1613 5128 1733 5202 οὖσιῶδης
1742 5130 1824 5203 σορία,
1838 5127 1877 5181 παλ

288 5211 963 5292 Οὖκέξᾶνάγαηςτδίατίίςρίσεωςτοῦδέπνος,ταί
979 5215 1064 5285 ἔκτῆς
1113 5215 1220 5279 ἔνοίισιος
1237 5217 1322 5289 λόγος·
1339 5216 1385 5270 nal
1405 5218 1441 5272 ῶν
1462 5216 1532 5281 albe,
1558 5214 1619 5271 ἁλλ’
1643 5208 1879 5286 ἇπλῶςσορία,ιαί
1958 5226 1959 5251 ³

286 5293 443 5360 ίποστάσεως
463 5300 536 5354 meat
556 5299 618 5355 ίστι·
641 5299 681 5354 ee
701 5301 727 5355 δὲ
741 5305 786 5368 τῆς
807 5301 878 5375 ίγίας
898 5301 1013 5374 τριάδος,
1029 5300 1063 5362 ὡς
1111 5300 1195 5373 λόγος,
1210 5299 1251 5353 κοιλ
1265 5299 1317 5363 υίὸς
1331 5294 1355 5354 lu
1369 5304 1406 5373 τῷ
1420 5300 1505 5374 πατρί,
1518 5297 1559 5370 τίη
1572 5301 1601 5356 ἂν
1616 5296 1690 5364 οὗτος
1702 5299 1718 5355 ί
1729 5295 1809 5369 πατὴρ
1822 5294 1877 5350 σίν·

287 5376 427 5452 είρηται,τδ
434 5379 553 5436 ἀνάπαλίν
562 5380 637 5438 ἔστιν·
644 5384 684 5440 ὅτι
690 5382 810 5454 δηλαδὴὴ
819 5384 963 5457 μίνίυωσις,
970 5382 1062 5456 qimid<
1111 5383 1179 5447 θιτος
1194 5380 1220 5438 bt
1233 5381 1329 5456 σοφίας,
1344 5383 1386 5438 καί
1398 5382 1487 5456 λόγου.

313 5599 324 5643 l
338 5598 404 5645 llbro
413 5602 491 5647 contra
502 5597 639 5647 Subest-2
650 5598 698 5644 lib.
712 5598 752 5643 ΙΙΙ.
766 5602 843 5645 somno
853 5600 912 5646 Nax.
925 5611 974 5655 cap.
988 5612 1008 5646 x.
1017 5601 1066 5646 -t
1076 5598 1125 5646 tit.
1139 5600 1157 5647 l.
1170 5612 1218 5657 cap.
1232 5613 1294 5647 ινιιι,
