4008 6170
334 240 372 300 ot
851 239 1180 300 THEOLOGIGORUM
1201 238 1418 300 DOGMATL'M

332 387 544 467 nosuqrriores
555 394 751 472 oportetesse
764 389 869 469 priscis
882 388 943 449 illis
955 386 1107 466 theologis
1159 404 1261 447 nomre
1281 385 1485 447 verisimiliter
1504 389 1558 446 aut
1580 384 1681 466 potius
1701 385 1873 446 necessario
1896 385 1928 445 dc

333 500 369 540 ac
391 480 463 541 fidei
482 481 643 560 magistris,
673 482 727 562 qui
743 482 786 542 sic
804 487 836 543 ct
857 483 956 543 Deum
976 500 1050 556 esse,
1077 485 1108 540 ct
1160 485 1247 559 patre
1257 479 1450 539 etronditore
1459 496 1586 539 necnon
1594 483 1711 538 rectore
1721 477 1926 556 cogiuuitot»

332 591 431 633 uuum
460 572 606 634 eumdem
632 575 839 636 ratiocinando
865 574 1046 654 probarunt,
1072 577 1107 632 ut
1201 573 1279 633 ilino
1308 578 1344 633 ut
1375 591 1414 632 cx
1443 570 1569 631 Plutone
1591 570 1625 630 in
1654 569 1801 633 Ploedone
1831 570 1930 631 scribit

331 667 547 728 nonomnibus
556 671 770 749 persuaserint.
791 670 851 731 Sed
864 670 927 747 jam
938 669 1052 729 horum
1061 686 1108 728 ar-
1160 665 1317 745 Asclepius
1327 664 1496 727 Aristotelis
1509 665 1660 743 interpres
1678 657 1862 744 inprimunt
1877 665 1930 726 Me

331 766 480 839 gumenta
499 761 677 838 referamus,
703 782 772 842 qum
794 763 919 842 quidem
938 762 971 823 in
992 760 1107 841 duplici
1161 756 1407 838 topdyu'corum:
1432 780 1449 816 α
1471 759 1517 818 Ex
1536 757 1660 818 videndi
1687 756 1777 819 sensu
1802 758 1930 838 philoso

331 859 403 914 sunt
413 873 537 932 genere.
548 857 652 916 Unum
665 861 711 917 est
722 855 871 936 populare
885 860 917 916 ct
934 874 953 915 a
970 853 1108 915 sensibus
1159 852 1266 931 phium
1285 853 1425 913 homines
1435 858 1629 933 acceperunt.
1646 849 1723 912 Cum
1734 853 1816 913 enim
1830 853 1866 912 in
1881 873 1930 913 ca

332 948 473 1025 petitum,
489 948 575 1027 vulgi
588 955 698 1028 aptum
708 949 841 1028 judiciis,
860 949 993 1009 alterurn
1013 947 1106 1027 paulo
1160 944 1226 1006 lum
1235 945 1339 1007 oculos
1350 946 1540 1008 sustulissent
1550 944 1581 1006 et
1592 945 1732 1007 ordinem
1739 947 1793 1026 qui
1803 946 1927 1021 illiceat,

332 1039 430 1119 magis
439 1041 632 1102 reconditum
655 1047 701 1102 est
716 1046 747 1102 et
767 1041 900 1121 elegans.
925 1041 1107 1118 Utrumque
1159 1044 1190 1099 et
1202 1040 1449 1120 inexplicabilem
1463 1039 1726 1120 pulchritudinem
1739 1039 1930 1119 contemplati

332 1150 395 1191 non
411 1132 449 1192 ab
471 1134 581 1195 nostris
593 1132 1109 1209 tantummodo,hoccstch1istia-
1159 1139 1266 1208 essent,
1288 1134 1328 1195 ad
1343 1132 1508 1195 conditoris
1528 1132 1762 1211 intelligentiam
1791 1151 1931 1212 pervene-

331 1226 563 1305 nistractatum,
584 1228 749 1289 sedetiam
768 1227 880 1288 exteris
895 1244 931 1286 sc
944 1224 1109 1304 gentilibus
1159 1231 1232 1286 runt
1241 1219 1290 1286 ὁ.»
1307 1227 1465 1306 Siquidem
1483 1225 1617 1287 mundus
1633 1224 1708 1304 ipse,
1731 1225 1774 1285 ait
1794 1226 1932 1305 Augusti·

330 1320 846 1401 scriptoribus·‚quodoxcommuni
855 1318 1106 1394 ambobusfontc,
1160 1336 1228 1392 nus,
1247 1318 1496 1379 «ordinatissima
1510 1336 1567 1379 sua
1578 1316 1782 1378 mutabilitate
1791 1323 1824 1376 et
1840 1314 1932 1377 mobi-

332 1412 391 1474 hoc
410 1418 455 1474 cst
471 1419 590 1474 nuturac
609 1419 640 1474 et
653 1414 779 1474 rationis
796 1414 940 1475 humanm
958 1411 1028 1473 luce
1048 1412 1108 1472 du·
1159 1411 1254 1487 litate,
1275 1417 1306 1473 et
1318 1411 1484 1473 visibilium
1498 1412 1638 1473 omnium
1650 1410 1863 1491 pulcherrima
1874 1408 1932 1490 spo

333 1513 456 1567 cuntur.
1160 1504 1205 1565 cie
1217 1505 1447 1583 quodammodo
1464 1505 1574 1566 tacitus
1593 1504 1749 1566 etlactum
1771 1522 1804 1564 se
1820 1522 1887 1564 esse
1905 1510 1931 1564 ct

173 1624 297 1671 ommuni·
372 1598 410 1656 V.
425 1596 696 1677 Primoiugenerc
713 1598 847 1660 maxime
867 1598 1015 1659 usitatum
1030 1597 1107 1659 illud
1160 1596 1281 1657 nonnisi
1299 1616 1318 1658 a
1337 1599 1400 1659 Deo
1420 1597 1622 1658 ineffabiliter
1633 1600 1725 1676 atquc
1744 1597 1932 1658 invisibiliter
1977 1611 1980 1624 ·

163 1689 306 1796 pom„
332 1697 378 1751 est
388 1697 607 1772 argumentum
618 1694 701 1772 quod
710 1712 749 1755 cx
759 1693 961 1754 universitatis
972 1698 1106 1772 aspectu,
1160 1689 1301 1769 pulchro,
1322 1690 1389 1751 fieri
1406 1710 1438 1752 se
1459 1691 1804 1771 potrussaproclamau.
1818 1690 1931 1764 »Quod

170 1791 307 1890 ”ww
333 1791 365 1851 ct
374 1805 411 1847 ex
423 1785 489 1864 ejus
500 1787 635 1866 partium
647 1788 859 1867 descriptione,
871 1807 907 1848 ac
916 1792 984 1847 rata
997 1792 1027 1848 et
1041 1805 1110 1848 eon-
1161 1802 1257 1863 genus
1270 1786 1444 1863 argumenti
1462 1784 1608 1865 praeclare
1626 1784 1707 1845 inter
1726 1790 1857 1860 nostros,
1880 1785 1932 1846 ele

164 1914 212 1947 μω
233 1904 308 1941 aren·
333 1879 423 1939 nanti
442 1879 525 1940 ithus
536 1879 796 1941 administratione
806 1879 950 1940 sumitur.
979 1878 1110 1950 «Habet
1160 1883 1329 1957 ganterquc
1336 1879 1477 1939 hactcvit
1487 1878 1670 1938 Athanasius
1684 1876 1722 1939 in‘
1730 1878 1810 1940 libro
1832 1888 1932 1940 contro

166 1951 307 2058 6611111111
333 1973 426 2047 enim,
458 1979 495 2032 ut
518 1978 600 2034 recte
628 1973 836 2034 Tertullianus
856 1973 908 2048 ait,
930 1974 1011 2033 Deus
1029 1973 1110 2032 testi-
1163 1971 1302 2048 Gentiles,
1317 1971 1404 2050 cujus
1422 1972 1576 2046 orationis,
1592 1973 1666 2051 quia
1683 1978 1728 2032 cst
1744 1971 1933 2051 1111111οῶ1111-

171 2064 307 2157 essffltg‘tl‘
333 2066 438 2126 monia
454 2071 556 2126 totum
574 2066 633 2126 hoc
652 2066 736 2147 quod
753 2084 869 2141 sumus,
883 2065 961 2126 etin
978 2084 1040 2145 quo
1061 2083 1111 2125 su·
1161 2064 1232 2140 sior,
1243 2063 1423 2125 hicsumms
1432 2063 1718 2145 capirahbahimrs.
1737 2066 1837 2125 lleurn
1857 2065 1930 2139 aits,

169 2127 303 2220 1611111116·
334 2168 466 2220 musl.»
501 2160 601 2238 Atque
622 2166 658 2220 ut
681 2160 799 2220 initias
819 2158 944 2220 11161116
970 2159 1111 2220 laudatus
1161 2156 1445 2237 quinaturabonus
1454 2162 1508 2233 est,
1521 2155 1724 2217 ethominum
1736 2175 1853 2233 amans,
1866 2175 1933 2218 cum

201 2225 270 2268 ‘¹⁰⁰²'
336 2251 423 2311 Philo
436 2244 562 2313 ludaeos
576 2252 609 2311 in
627 2249 774 2330 primode
795 2249 970 2313 Moaorcdio
984 2250 1107 2311 scribit:
1162 2267 1218 2328 per
1246 2267 1278 2310 se
1305 2249 1363 2309 sub
1390 2255 1549 2329 aspectum
1572 2248 1933 2328 comprehensionemquc

338 2343 651 2422 «Cognoscendorum
662 2342 808 2422 opiticum
824 2342 937 2404 indicia
951 2348 1022 2402 sunt
1035 2362 1112 2404 sem-
1161 2359 1225 2401 non
1237 2342 1369 2417 caderet,
1379 2341 1512 2402 noluisse
1526 2347 1631 2402 tamen
1642 2341 1824 2420 cognitionis
1830 2359 1935 2421 expers

334 2455 390 2516 per
401 2455 496 2516 opera
514 2436 590 2515 ipsa.
603 2435 767 2509 Quisenim
780 2434 1112 2515 suimetipsorum
1162 2452 1225 2494 suas
1239 2452 1336 2514 genus
1352 2434 1525 2495 humanum
1545 2434 1729 2513 relinquere,
1749 2434 1802 2494 sed
1814 2452 1854 2495 ex
1870 2453 1936 2513 ope

335 2529 506 2609 picturasre
520 2529 686 2608 conspexit,
706 2547 769 2589 non
783 2529 886 2590 statim
904 2529 943 2590 de
966 2531 1111 2591 statuario
1162 2527 1248 2587 ribus
1261 2545 1293 2587 se
1306 2527 1369 2587 suis
1380 2527 1551 2606 permisisse
1562 2526 1713 2605 cognosci.
1729 2527 1807 2587 Nam
1822 2545 1862 2587 ex
1871 2545 1938 2606 ope

335 2623 385 2684 vel
410 2624 525 2703 pictore
553 2622 720 2703 cogitavit?
747 2623 858 2703 Ecquis
883 2629 990 2701 vestes,
1020 2644 1113 2687 naves
1163 2620 1249 2680 ribus
1262 2639 1342 2700 saepe
1359 2617 1479 2695 artifex,
1498 2621 1592 2683 etiam
1609 2619 1726 2694 absens,
1743 2638 1846 2699 nequa
1859 2622 1938 2681 risus

335 2722 390 2778 aut
407 2717 488 2778 mdes
505 2718 638 2793 intuens,
664 2734 728 2777 non
746 2716 876 2778 subinde
898 2723 1060 2793 textorem,
1081 2724 1113 2779 ct
1164 2713 1349 2791 agnoscitur,
1367 2712 1540 2792 cujusmodi
1560 2712 1677 2792 aliquid
1690 2713 1729 2774 dc
1749 2713 1860 2774 Phidia
1875 2714 1940 2773 insi-

335 2810 462 2871 navium
476 2810 610 2886 fabrum,
625 2815 656 2870 et
670 2809 873 2870 architectum
886 2810 1053 2889 intelligit?
1069 2810 1113 2871 Ac
1164 2805 1218 2884 gni
1244 2806 1389 2867 stauratio
1413 2806 1569 2885 proditum
1589 2812 1645 2883 est,
1669 2824 1764 2884 quern
1791 2806 1881 2866 aiunt
1905 2823 1939 2865 cx

335 2904 439 2984 siquis
453 2905 485 2964 iu
500 2904 654 2965 civitatem
664 2903 766 2964 veniat
779 2902 900 2981 legibus
916 2904 1032 2983 optime
1044 2924 1114 2965 6611-
1165 2917 1296 2979 operum
1318 2918 1446 2961 suorum
1471 2900 1659 2961 dimensione
1682 2918 1718 2960 ac
1745 2901 1941 2980 proportione

335 2996 482 3072 stitutum,
501 2996 575 3075 quid
597 2995 681 3056 uliud
694 2996 906 3075 suspicabitur,
923 2996 980 3056 nisi
993 2997 1060 3076 regi
1074 2997 1114 3057 ab
1165 2994 1301 3073 partium
1318 3000 1349 3055 et
1368 2993 1530 3072 elegantia,
1542 2993 1625 3074 apud
1641 3012 1748 3055 omncs
1758 2993 1804 3055 ibi
1814 2993 1870 3055 ubi
1880 3012 1939 3055 non

336 3091 459 3170 optimis
479 3089 707 3170 magistratibus
724 3089 811 3150 illam
830 3090 929 3169 ipsam
947 3091 1112 3152 civitatem.
1166 3094 1232 3149 erat
1248 3088 1425 3149 innotuisse.
1446 3088 1494 3149 Sic
1513 3088 1658 3167 igiturex
1671 3088 1780 3148 muudi
1793 3087 1902 3149 ordine
1913 3094 1942 3148 ct

337 3183 545 3256 Quamobrem
567 3182 621 3261 qui
637 3182 670 3242 in
691 3180 771 3242 hanc
783 3200 891 3243 revere
909 3200 1055 3262 magnam
1070 3184 1115 3244 111-
1166 3181 1397 3261 gubernatione,
1409 3182 1475 3261 eius
1488 3183 1590 3262 opifex
1609 3184 1690 3244 Deus
1707 3189 1738 3244 et
1749 3184 1889 3245 conditor
1901 3184 1943 3243 in-

336 3275 456 3335 troierit
477 3275 642 3355 ciyitatcm,
664 3274 817 3335 muudum
840 3276 991 3352 videlicet,
1010 3277 1114 3358 ibique
1166 3274 1325 3354 telligitur,
1357 3276 1413 3336 etsi
1439 3276 1574 3356 corporis
1602 3276 1699 3337 oculis
1727 3277 1871 3357 usurpari
1893 3296 1943 3338 nc

338 3366 562 3446 contemplatus
581 3367 675 3428 fuerit
706 3372 884 3429 montarmm
903 3376 1116 3450 campestrem·
1167 3375 1270 3447 quest.
1300 3369 1388 3442 Quod
1406 3370 1508 3449 ipsrun
1531 3369 1697 3431 tradidisse
1710 3370 1843 3431 Paulum
1859 3390 1942 3452 apos

338 3480 398 3541 quc
406 3461 563 3539 regionem
570 3459 925 3523 animarrtibusrelertam
931 3464 1116 3544 aestirpibus
1166 3461 1267 3522 tolum
1287 3479 1359 3521 curn
1384 3462 1423 3523 sd
1444 3464 1613 3524 [1611161166ι
1629 3463 1815 3527 scribentem
1827 3470 1896 3525 urm
1911 3465 1942 3524 in

339 3559 370 3614 ot
381 3552 481 3613 fluviis
493 3552 635 3632 ingenuis
651 3571 686 3613 aa
699 3554 895 3630 torrentibus,
910 3554 1023 3634 pabula
1041 3558 1115 3618 item
1168 3555 1800 3636 ActisapudLycaonasverbalacientemt.
1812 3558 1943 3638 «Ecquis

340 3653 371 3709 ct
389 3647 642 3726 reciprocationes
655 3647 804 3723 marium,
820 3649 898 3708 aeris
920 3653 1113 3729 temperiem,
1168 3668 1240 3711 vero
1262 3655 1320 3727 est,
1343 3650 1460 3729 inquit,
1489 3651 1544 3730 qui
1566 3651 1722 3713 coelestem
1757 3651 1865 3713 orbem
1900 3652 1943 3711 iu·

341 3758 515 3800 minuatum
530 3745 750 3819 tempestatum
769 3741 989 3819 conversiones,
1006 3744 1116 3808 deindo
1168 3748 1267 3819 tuens,
1279 3761 1315 3803 ac
1326 3743 1396 3803 solis
1415 3743 1558 3823 luneque
1577 3764 1683 3805 cursus
1698 3749 1730 3805 et
1748 3745 1940 3825 reliquorum

340 3831 437 3893 solem
462 3837 493 3893 et
513 3832 620 3893 lunam
641 3832 701 3893 diei
722 3833 879 3912 noctisque
897 3836 1114 3915 moderatores,
1169 3837 1244 3896 situs
1261 3837 1534 3917 conversionesque
1556 3839 1702 3915 siderum,
1723 3858 1794 3919 quse
1822 3841 1945 3901 tametsi

340 3932 570 3988 accaeterorum
584 3927 754 3987 errantium
771 3926 966 4007 lixarumque
982 3931 1116 3992 siderum
1168 3929 1248 3990 inter
1272 3948 1304 3991 sc
1324 3930 1480 4009 differunt,
1512 3933 1657 3995 cumdem
1677 3939 1785 3994 tamen
1803 3934 1943 3995 ordinem

341 4024 371 4080 ct
382 4019 452 4083 cmli
471 4019 564 4081 totius
574 4018 725 4080 inorbem
743 4020 922 4098 agitationes
938 4028 968 4082 ct
980 4021 1114 4098 choreas,
1168 4024 1306 4086 sinculla
1319 4025 1464 4088 varietate
1477 4029 1620 4105 retinent,
1637 4046 1702 4089 non
1720 4028 1824 4089 statim
1834 4028 1946 4090 intelli·

377 4235 395 4273 a
412 4223 506 4288 Porro,
527 4235 555 4288 p.
570 4220 632 4274 629.
655 4218 704 4271 'let
717 4219 874 4291 γνωρίσματα
897 4226 944 4274 τῶν
963 4221 1117 4294 δημιουργῶν
1168 4225 1240 4298 ὡρῶν
1252 4226 1352 4298 τροπάς·
1368 4219 1422 4280 εἶτα
1433 4226 1514 4297 ἥλιον,
1529 4227 1569 4280 καὶ
1591 4228 1694 4297 σελήνην
1710 4228 1766 4291 τοὺς
1788 4229 1888 4302 ἡμέρας,
1902 4230 1944 4282 καὶ

343 4302 429 4372 πέφυκέ
445 4321 496 4364 πως
510 4296 571 4354 εἶναι
584 4301 615 4355 τά
627 4303 841 4375 θημιοοργςθέντα.
856 4305 892 4366 τίς
903 4304 949 4376 γὰρ
967 4304 1115 4378 ἀνδριάντας,
1168 4311 1251 4373 νυκτός
1262 4310 1392 4382 ἡγεμόνας,
1412 4310 1451 4363 καὶ
1470 4310 1512 4373 τάς
1524 4316 1573 4364 τῶν
1594 4311 1677 4366 ἄλλων
1698 4314 1829 4383 πλανήτων
1843 4333 1879 4386 τε,
1901 4314 1942 4367 καὶ

341 4386 356 4453 ἢ
381 4384 473 4457 γραράς
484 4385 628 4455 θεασάμενος
641 4386 684 4439 orla
706 4385 771 4448 stau
790 4386 887 4456 ἐνόησεν
909 4386 1115 4462 ἀνδριαντοποιόν,
1168 4394 1293 4466 ἀπλανῶν,
1305 4396 1345 4448 καὶ
1363 4399 1406 4449 τοῦ
1424 4395 1561 4466 ώμπαντος
1578 4395 1681 4468 οθρανοῦ
1701 4398 1881 4469 περιπολήσεις,
1904 4397 1946 4450 καὶ

344 4469 500 4541 1111119410*
515 4489 522 4534 1
537 4467 573 4530 ἵῖί
587 4466 613 4520 δὲ
627 4466 737 4539 tussa,
751 4471 766 4538 11
781 4473 873 4540 wileria
889 4470 967 4536 017121
987 4473 1054 4544 litim,
1074 4474 1117 4528 οὒκ
1167 4479 1275 4553 χορεὶας,
1290 4501 1333 4535 carr
1357 4477 1466 4550 εἰκότως,
1481 4478 1614 4552 μᾶλλονδὲ
1633 4479 1769 4553 ἀναγκαίως
1787 4479 1877 4534 ἔννοιαν
1899 4483 1946 4549 λαζ-

343 4562 436 4606 ἑννοιαν
452 4549 536 4605 ἔλαθεν
553 4549 666 4622 θράντου,
688 4553 728 4607 καὶ
750 4560 882 4627 ναυπηγοῦ,
909 4557 949 4610 καὶ
966 4556 1116 4631 οἰκοδόμους
1168 4564 1306 4636 deoderici
1324 4570 1366 4619 τοῦ
1387 4564 1487 4639 πατρὸς,
1512 4564 1551 4617 καὶ
1574 4570 1686 4639 ποιητοῦ,
1706 4566 1746 4620 ml
1766 4565 1865 4639 προσέτι
1885 4565 1948 4638 ἦγε·

344 4637 470 4707 παρελθὼν
482 4636 508 4688 st
521 4655 556 4698 τις
570 4633 604 4698 εἰς
618 4637 690 4689 πόλιν
705 4634 815 4709 εὔνομον,
829 4634 881 4711 1νῇ
895 4638 925 4693 τά
938 4644 980 4706 τῆς
993 4641 1117 4705 πολιτείας
1168 4651 1242 4721 μόνος
1256 4669 1264 4715 3

344 4719 437 4791 σφόδρα
448 4718 529 4780 καλῶς
548 4720 705 4791 Ἁῑκθσξϋθῖαῑ,
728 4721 752 4774 tt
771 4721 853 4793 &ittot
875 4722 1033 4797 11710111ῑῖ1111
1047 4728 1062 4795 λ
1078 4729 1116 4781 ὅῖῑ
1204 4734 1346 4789 bhscrsr.
1368 4731 1477 4805 Ἐπειδὴ,
1490 4735 1523 4798 όνς
1534 4733 1815 4808 ρηα1νέντῷΦα1δωνι,
1830 4735 1870 4789 διὰ
1882 4736 1946 4790 τό·

342 4806 466 4858 κοατεῖται
477 4803 543 4870 idcir
555 4804 626 4866 πόλις
634 4804 675 4859 ὑπ’
687 4802 812 4876 ἀρχόντῶν
824 4805 920 4877 ἀγαθῶν
932 4828 940 4873 ;
950 4808 992 4863 τόν
1003 4804 1046 4862 οὖν
1060 4811 1115 4882 ἀρι·
1167 4838 1211 4888 tat
1221 4823 1263 4885 τῆς
1276 4817 1409 4886 αἰσθήσεως
1422 4818 1450 4873 ιλ
1462 4823 1504 4887 γῆς
1517 4820 1660 4891 φιλοσοφίας
1678 4819 1842 4893 ἐπορισάμεθα
1861 4820 1947 4891 γένος·

343 4902 446 4959 κθμενον
460 4886 556 4955 ἀληθῶς
565 4885 598 4948 εἷς
610 4887 654 4954 τὴν
667 4889 831 4960 μεγαλόπολιν
844 4890 887 4945 τὸν
898 4893 1000 4964 κόσμον,
1013 4895 1114 4950 καὶθεα·
1167 4903 1317 4964 ἀτενίσαντες
1330 4901 1377 4974 γὰρ
1391 4901 1425 4965 τ1ς
1436 4903 1478 4957 τόν
1491 4902 1592 4976 οὐρανόν
1604 4905 1644 4957 καὶ
1656 4906 1801 4977 θεωροῦντες
1814 4902 1947 4971 τλντάξιν.

341 4974 503 5045 0111111101Υῆ*
522 4969 627 5044 ὀ1111111
650 4971 690 5023 καὶ
712 4973 812 5026 ’WB‘
831 4975 968 5043 πλήθουσαν
988 4979 1058 5044 ζώων
1075 4982 1115 5034 καὶ
1167 4988 1207 5041 καὶ
1225 4988 1255 5041 rb
1273 4985 1379 5058 ἀρόητον
1396 4987 1496 5060 κάλλος,
1520 4985 1641 5060 ἐρχόμεθα
1665 4986 1698 5050 εἰς
1720 4987 1813 5042 ἔννοιαν
1831 4991 1873 5041 τοῦ
1898 4989 1949 5056 δα,-

340 5062 432 5127 parua,
446 5056 487 5109 ιια1
500 5060 617 5127 ποταμῶν
629 5053 767 5126 αὐθιγενῶν,
791 5057 830 5109 rod
850 5058 999 5133 χειμάρρων,
1015 5063 1113 5134 τροφὰς,
1169 5073 1373 5146 μωυρργσαοτος,

343 5142 383 5194 καὶ
405 5142 518 5214 πελαγῶν
541 5139 677 5214 ἀναχθσαις,
700 5139 825 5213 stupratas
845 5141 927 5215 ἀέρος,
943 5150 991 5198 τῶν
1013 5144 1115 5215 isquiros

374 5328 382 5369 1
398 5326 449 5374 na.
461 5326 479 5375 1.
489 5334 546 5375 conr.
555 5326 624 5375 nara.
638 5341 662 5375 ι.
676 5338 702 5376 x.
718 5328 827 5377 -1111,
848 5330 879 5376 u.
899 5329 924 5373 α
940 5330 1020 5384 arara,
1034 5346 1056 5381 e.
1069 5345 1102 5384 ω,
1120 5358 1145 5371 -
1160 5336 1241 5386 aaa,
1255 5352 1279 5395 p,
1294 5336 1333 5386 ω,
1349 5337 1464 5395 -scqa
1479 5301 1615 5397 1,-1161,
1640 5350 1691 5391 ru.
1786 5344 1788 5347 ·
