4030 6204
399 416 449 507 llE
469 416 544 479 DEO
565 416 707 491 DEIQUE
727 410 1076 494 PROPRIE'PATIBUS,
1098 416 1171 477 LlB.
1194 417 1260 492 Vll,
1282 416 1365 478 CAP.
1388 417 1426 476 ll.
1648 417 1703 474 sor

93 586 156 646 'lbi
171 583 351 665 generalem
368 582 458 644 atlert
476 582 550 643 dicti
569 583 797 659 mirationem,
813 599 884 662 quae
928 576 1027 660 ditus,
1044 582 1157 664 quibus
1176 582 1472 643 circumscribuntur
1496 581 1616 660 objecta
1635 599 1705 642 seu-

104 679 147 740 ed
161 678 301 739 bituram
314 694 379 737 non
393 676 508 749 minus,
526 694 620 755 quam
635 681 818 755 praesentem
835 675 883 735 vi·
933 692 1037 736 sirum.
1059 675 1138 736 Nam
1151 692 1253 755 neque
1268 675 1404 737 colorem
1419 675 1524 749 habet,
1539 692 1642 753 neque
1655 692 1706 734 so-

102 776 175 833 tam
201 770 325 845 attinet,
350 774 442 849 atque
472 769 582 830 eodem
613 773 750 848 spectare
777 771 880 846 putat,
933 786 1021 843 num,
1038 788 1139 848 neque
1159 774 1344 830 caeterorum
1364 767 1515 847 ejusmodi
1533 767 1704 847 quippiam.

103 865 194 944 quod
213 863 362 942 scriptum
387 868 433 923 cst
459 882 467 923 ε
496 860 590 922 barm
620 879 703 921 uento
731 859 805 920 rudit
828 854 886 919 ιιιι-Ι
933 861 1024 921 Nulla
1037 866 1141 922 autem
1155 862 1360 941 cognoscendi
1375 862 1422 922 vis
1435 867 1465 921 ct
1478 861 1605 920 facultas
1619 866 1707 921 extra

103 976 210 1039 quam.
931 952 1044 1031 objecti
1056 954 1104 1013 sui
1119 955 1357 1034 amplitudinem
1370 954 1494 1032 evagari
1503 958 1614 1034 potest,
1626 954 1706 1012 sicut

148 1051 195 1110 lta
218 1049 454 1129 Chrysostomus
475 1045 607 1106 homilia
627 1061 712 1106 xnirx
740 1045 774 1104 in
791 1042 881 1107 Genc-
932 1045 1039 1105 oculus
1053 1064 1165 1107 sonum
1176 1047 1282 1108 ridere
1295 1048 1414 1126 nequit,
1431 1065 1488 1107 nec
1500 1045 1584 1106 auris
1598 1045 1706 1106 audire

101 1141 175 1209 sim,
187 1141 244 1202 ubi
253 1142 293 1202 dc
299 1140 452 1201 Abraamo
460 1137 590 1211 disserit,
600 1137 655 1216 qui
663 1138 763 1197 Deum
769 1136 883 1197 vidisse
932 1137 1078 1199 colorem.
1094 1161 1110 1198 ιι
1120 1141 1217 1201 Omne
1227 1140 1353 1219 quippe,
1369 1144 1412 1200 ait
1426 1138 1619 1218 Augustinus
1630 1138 1707 1217 epis

101 1234 232 1295 dicium.
243 1233 300 1294 Cui
314 1231 474 1292 simillima
487 1230 571 1309 leges
582 1229 665 1309 apud
678 1228 881 1289 Philoncmiu
931 1230 995 1291 tola
1008 1236 1104 1308 sexta,
1125 1232 1208 1311 quod
1227 1231 1325 1292 oculis
1344 1232 1480 1311 corporis
1499 1231 1634 1311 conspici
1648 1249 1704 1310 po·

100 1324 189 1386 libro
203 1324 239 1386 de
260 1324 422 1386 Nominum
442 1323 683 1389 commiuatione:
698 1326 729 1382 et
746 1321 781 1381 in
800 1320 881 1381 libro
930 1327 1001 1399 test,
1016 1324 1049 1384 iu
1063 1324 1131 1385 loco
1145 1324 1249 1404 aliquo
1258 1325 1298 1385 sit
1312 1342 1436 1385 necesse
1445 1329 1502 1398 est,
1517 1343 1575 1383 nec
1588 1323 1705 1402 ubique

100 1416 140 1479 de
170 1416 337 1489 Cherubim,
366 1417 513 1489 «Sensu,
540 1414 650 1493 inquit,
676 1412 793 1494 percipi
816 1431 881 1473 non
931 1419 973 1476 sit
996 1421 1114 1493 totum;
1142 1418 1196 1478 scd
1223 1417 1345 1477 minore
1367 1416 1416 1476 sui
1436 1422 1523 1496 perte
1550 1415 1704 1476 minorem

101 1516 209 1590 potest
221 1508 424 1586 intelligibilis
437 1513 572 1567 ιιιιιιιιιιι
591 1527 600 1567 :
616 1528 631 1564 ι
649 1507 739 1585 eique
752 1504 882 1565 subscri-
930 1506 1034 1568 locum
1055 1515 1195 1588 occupet,
1211 1514 1243 1569 et
1264 1509 1383 1587 majore
1401 1509 1563 1586 majorem.
1578 1509 1648 1567 Non
1662 1508 1704 1567 ita

100 1602 154 1663 bit
166 1604 294 1664 iudaeus
308 1600 385 1660 alter
397 1599 488 1659 rabbi
503 1599 601 1659 Moses
614 1597 835 1659 Maiemonidcs
848 1597 880 1656 in
930 1604 977 1659 est
990 1601 1071 1661 Deus
1094 1601 1267 1675 invisibilis,
1284 1606 1315 1661 et
1333 1599 1591 1680 incorruptibilis,
1607 1604 1664 1659 etc.
1685 1622 1701 1658 ι

99 1694 177 1767 Ιαιί,
194 1699 327 1755 tractatu
340 1690 375 1753 de
389 1690 600 1752 Fundamentis
615 1690 711 1771 cht‘s,
728 1689 825 1769 eapite
834 1704 878 1750 ru.
931 1691 1019 1764 Quod
1032 1693 1126 1753 etiam
1141 1694 1174 1753 in
1188 1692 1317 1772 epistole
1344 1708 1390 1753 cxi
1402 1692 1509 1753 tradit.
1525 1693 1607 1752 Deus
1620 1692 1703 1752 enim

100 1788 293 1849 Claudianus
307 1802 431 1865 quoquc
445 1785 614 1844 Mamertus
628 1784 662 1843 in
679 1783 759 1843 libro
779 1781 880 1861 primo
930 1782 1047 1864 ubique
1059 1790 1144 1845 totus
1164 1792 1224 1860 est;
1241 1803 1337 1864 quare
1350 1785 1448 1845 videri
1463 1783 1554 1845 oculo
1567 1802 1632 1844 nou
1651 1803 1704 1863 po

99 1878 241 1941 deStutu
257 1878 383 1947 anime,
401 1876 500 1956 capite
526 1891 589 1949 nv,
613 1875 737 1935 «valde
756 1879 880 1953 stupere
921 1880 999 1936 test.
1017 1877 1130 1938 «Nihss
1148 1878 1233 1938 enim
1246 1877 1352 1937 videre
1365 1877 1453 1937 aliter
1466 1876 1554 1936 istius
1568 1877 1704 1955 corporis

100 1989 137 2032 sc
152 1972 238 2047 dicit,
253 1969 411 2050 quomodo
427 1968 582 2047 quispiam
603 1966 797 2037 christianus,
813 1966 879 2025 cui·
930 1968 1038 2028 oculus
1051 1975 1161 2049 potest,
1179 1990 1195 2027 ι
1212 1988 1308 2049 quam
1321 1974 1356 2030 ιιι
1369 1969 1431 2029 loci
1445 1968 1543 2048 spatio
1555 1968 1702 2029 interval-

99 2063 182 2124 libet
203 2063 351 2143 pulchro,
371 2061 496 2122 cuilibet
518 2059 642 2120 sublimi
662 2059 795 2138 corpori,
816 2076 881 2118 cor·
929 2060 1021 2140 loque
1041 2062 1246 2123 distendatur.
1273 2064 1395 2137 «Deus,
1412 2060 1513 2139 inquit
1540 2060 1623 2120 idem
1637 2060 1702 2138 cpi-

99 2156 174 2236 pori
187 2161 295 2216 tamen
304 2152 577 2231 contemplabilem
592 2153 691 2212 Deum
704 2150 770 2211 fore
780 2170 795 2206 ι
813 2168 881 2210 scn-
929 2153 1006 2213 stola
1033 2170 1095 2230 cru,
1118 2155 1251 2214 charitas
1278 2159 1339 2229 cst,
1368 2159 1426 2214 etc.
1443 2153 1476 2213 Si
1497 2171 1571 2231 ergo
1599 2152 1703 2213 doceri

100 2249 171 2309 tiat.
201 2248 283 2325 Ergo
310 2264 410 2307 neca
436 2245 527 2305 beato
550 2243 647 2304 videri
669 2260 757 2323 posse
779 2243 880 2302 Deum
930 2250 1038 2324 potest,
1055 2246 1139 2325 quod
1156 2236 1290 2309 charitas
1303 2243 1514 2325 corporalibus
1532 2244 1628 2304 oculis
1646 2245 1702 2305 eli·

98 2340 272 2401 existimat.
929 2339 1055 2416 mando
1068 2337 1235 2413 ridebitur,
1247 2338 1360 2417 poterit
1373 2337 1509 2397 fortasds
1520 2342 1552 2397 et
1565 2338 1658 2397 Deus.
1671 2337 1703 2397 Si

143 2433 197 2493 vl.
219 2432 291 2491 iam
309 2446 365 2490 cur
378 2427 518 2488 absolue
532 2428 613 2487 Deus
628 2424 765 2506 corporis
783 2424 880 2486 oculis
929 2436 1033 2491 autem
1053 2431 1111 2490 ista
1131 2448 1295 2510 nunquam
1318 2431 1447 2509 poterit,
1475 2429 1574 2488 mrdto
1599 2429 1703 2489 minus

100 2524 204 2585 videri
217 2525 366 2602 nequeat,
382 2538 474 2581 causa
493 2519 561 2580 haec
581 2518 620 2579 ab
634 2516 772 2597 antiquis
785 2518 879 2596 vulgo
929 2521 993 2601 ipse
1007 2521 1076 2583 fons
1089 2522 1165 2601 ejus,
1182 2523 1232 2583 vel
1250 2522 1275 2582 si
1294 2522 1369 2601 quid
1388 2522 1447 2583 dici
1461 2520 1660 2582 excellentius
1672 2529 1704 2583 et

98 2616 237 2677 tr‘aditm
250 2614 335 2694 quod
355 2614 437 2673 Deus
450 2629 578 2691 corpore
590 2629 656 2671 uon
678 2614 806 2685 constet,
827 2610 880 2670 scd
929 2615 1166 2675 convenientius
1180 2615 1319 2675 detenta
1332 2632 1367 2674 re
1381 2618 1493 2692 potest.
1509 2634 1524 2670 ι

99 2726 210 2769 merus
230 2708 269 2767 sit
287 2706 439 2786 spiritus:
460 2703 634 2782 cujusmodi
656 2701 783 2763 nonnisi
801 2701 880 2780 ejus
968 2707 1035 2766 Vll.
1059 2707 1175 2767 Deinde
1194 2707 1219 2766 si
1237 2706 1329 2768 oculo
1353 2705 1490 2784 corporis
1508 2706 1702 2784 potest-Deus

99 2800 175 2861 dem
182 2794 574 2879 generis,idest,spirituali
583 2793 880 2873 mentisaciepotest
928 2797 1036 2871 videri,
1058 2816 1114 2858 cur
1135 2816 1200 2858 non
1218 2799 1313 2859 etiam
1331 2797 1472 2857 sensibus
1493 2797 1612 2857 cacteris
1635 2814 1702 2875 per-

99 2893 251 2971 conspici.
268 2891 462 2969 Quapropter
479 2908 495 2945 ιι
509 2887 591 2947 oculi
602 2887 665 2948 sole
675 2905 722 2959 ea,
738 2904 808 2964 quae
821 2884 879 2946 sub
928 2888 990 2967 cipi
1008 2888 1131 2969 poterit,
1147 2895 1182 2949 nt
1201 2888 1285 2950 idem
1300 2888 1421 2949 disserit
1438 2908 1445 2947 :
1476 2909 1491 2945 ιι
1512 2889 1613 2948 Sonus
1626 2906 1701 2967 ergo

98 3002 213 3046 sensus
233 2983 349 3044 cadunt
362 2982 526 3041 intuentur
540 2978 562 3052 ι,
579 2980 623 3040 ait
644 2979 732 3039 Philo
751 2979 898 3039 Judreus.
929 2981 988 3041 erit
1000 2983 1092 3057 Deus,
1108 2988 1144 3042 ut
1156 2982 1252 3061 possit
1265 2981 1360 3042 etiam
1373 2980 1503 3041 auribus
1516 2980 1653 3060 percipi?
1664 2982 1701 3043 Et

97 3078 134 3138 in
146 3077 231 3138 libro
244 3074 282 3136 de
290 3073 454 3135 Nominum
467 3071 636 3132 matutinae.
650 3069 809 3149 Siquidem
823 3088 879 3150 par
927 3072 1044 3134 halitus
1057 3074 1126 3151 erit,
1137 3080 1173 3134 ut
1181 3074 1288 3134 sentiri
1298 3073 1393 3153 possit
1403 3071 1536 3134 olfactu?
1547 3073 1586 3132 Et
1599 3072 1701 3152 liquor

98 3175 147 3231 est
159 3166 358 3246 intelligibile
373 3164 439 3225 sola
451 3168 575 3224 tantum
588 3163 795 3241 intelligentia
807 3181 878 3243 per·
928 3165 1040 3245 aliquis
1055 3167 1123 3243 erit,
1139 3172 1176 3226 ut
1194 3166 1290 3245 possit
1303 3171 1334 3226 et
1356 3164 1442 3225 bibi?
1466 3166 1503 3225 Et
1516 3163 1614 3224 moles
1628 3164 1697 3234 erit,

97 3262 175 3341 cipi.
198 3283 214 3319 ι
239 3259 452 3320 Tbeodoretus
470 3256 546 3316 item
559 3255 671 3315 diserte
687 3255 722 3315 in
735 3272 879 3317 sermone
928 3264 964 3318 ut
977 3259 1073 3338 possit
1086 3264 1116 3320 et
1127 3257 1235 3337 tangil
1248 3280 1264 3315 ι
1282 3259 1381 3331 Quam
1396 3255 1699 3336 argumentationem

98 3354 206 3434 primo
220 3358 326 3411 contra
342 3347 456 3412 Graecos
467 3367 478 3409 .·
492 3368 507 3405 ιι
522 3348 605 3427 Opus
619 3350 674 3420 est,
690 3345 805 3424 inquit,
821 3364 878 3417 no·
927 3349 1045 3411 indicat
1057 3347 1256 3411 Ambrosius¹
1277 3350 1361 3430 apud
1375 3348 1584 3428 Augustinum
1598 3350 1701 3409 verbis

97 3446 149 3505 bis
172 3442 419 3522 intelligibilibus
432 3438 529 3501 oculis
542 3440 582 3499 ad
610 3457 648 3499 ea
668 3438 876 3518 percipienda,
927 3441 1017 3503 istis:
1038 3463 1053 3499 ιι
1067 3443 1130 3502 Nec
1143 3442 1176 3501 in
1191 3442 1258 3502 loco
1272 3443 1353 3502 Deus
1365 3441 1499 3516 videtin,
1515 3441 1568 3501 sed
1582 3442 1700 3504 mundo

97 3556 175 3618 quae
197 3536 265 3597 sola
285 3533 490 3612 intelligentia
510 3531 692 3612 capiuntur3
717 3534 810 3609 atquc
833 3530 879 3590 uti
928 3534 1036 3609 corde;
1050 3552 1108 3594 nec
1116 3533 1326 3614 corporalibus
1337 3533 1435 3594 oculis
1448 3535 1528 3594 Deus
1538 3534 1699 3612 quaeritiu,

98 3629 242 3711 corporis
255 3626 353 3688 oculis
366 3624 542 3703 indigemus
560 3623 662 3683 adres
680 3621 879 3701 aspectabilcs
927 3628 988 3686 nec
1001 3626 1262 3687 circumscribitur
1274 3625 1362 3701 visu,
1378 3644 1437 3686 nec
1456 3631 1538 3686 tactu
1559 3631 1698 3701 tenetur3

96 3720 272 3784 intuendas
285 3730 309 3794 ⁰,
333 3723 392 3779 etc.
413 3738 428 3773 ι
455 3716 555 3789 Quam
569 3714 711 3775 eamdem
725 3714 879 3774 rationem
928 3735 986 3779 nec
999 3718 1125 3778 auditur
1138 3717 1243 3794 allatu,
1259 3734 1318 3777 nec
1330 3717 1463 3778 sentitur
1476 3718 1598 3779 incessu
1607 3716 1631 3778 ¹.
1650 3740 1663 3775 ι

97 3815 245 3896 plerique
263 3811 310 3872 illi
331 3812 437 3871 Patres
457 3807 616 3883 adhibent,
636 3823 772 3884 quorum
793 3806 878 3866 testi·
968 3810 1047 3871 Nam
1061 3809 1145 3891 quod
1167 3811 1338 3871 secundnm
1356 3810 1614 3871 resurrectionem
1632 3829 1699 3872 cor-

97 3907 211 3968 monio
226 3904 274 3965 usi
287 3920 406 3963 sumus.
422 3900 473 3962 Sic
487 3901 580 3961 etiam
593 3898 683 3959 rabbi
700 3899 799 3959 Moses
811 3898 879 3959 loco
928 3920 1005 3981 pora
1018 3906 1125 3961 nostra
1137 3902 1171 3961 in
1184 3901 1349 3982 spirituum
1363 3908 1436 3961 sunt
1447 3903 1616 3962 transitura
1627 3920 1701 3982 qua·

96 4000 196 4061 citato
209 3996 289 4057 tomi
299 3994 411 4075 prioris
420 3991 501 4054 Jud:
515 3991 671 4065 «Formae,
682 3990 794 4070 iuquit,
808 4009 879 4069 quae
927 3992 1058 4067 liutem,
1074 4010 1112 4053 eo
1126 3993 1222 4067 omni,
1237 3993 1321 4072 quod
1334 4010 1471 4054 crassum
1481 3999 1701 4055 etconcretum

96 4090 236 4153 materia
250 4084 597 4161 carent,nonvidcntur
610 4082 776 4157 oculu,sed
789 4082 879 4143 oculo
912 4103 1013 4145 -nunc
1040 4083 1168 4159 habent,
1193 4092 1298 4159 exuto,
1328 4103 1399 4164 quac
1422 4085 1586 4147 dubitandi
1608 4105 1701 4148 causa

96 4183 204 4245 cordis
226 4183 476 4259 cognoscuntur-3
492 4176 571 4236 sicut
591 4193 647 4235 nos
666 4174 880 4253 cognoscimus
928 4176 986 4237 fuit
1008 4177 1181 4254 Augustino
1203 4197 1210 4237 :
1230 4177 1310 4238 nihil
1335 4178 1396 4238 hoc
1417 4178 1553 4256 adjuvat.
1578 4179 1700 4241 Etenim

96 4277 205 4337 Deum
215 4272 359 4333 omnium
366 4269 536 4332 Dominum
543 4285 609 4328 non
617 4265 736 4327 risione
745 4265 875 4327 ccclii.»
928 4266 1129 4348 quantumvis
1142 4274 1236 4330 tenue
1250 4269 1305 4330 fiat
1326 4288 1362 4331 ac
1376 4269 1499 4346 subtile,
1513 4289 1579 4331 non
1593 4277 1701 4333 tamen

96 4368 181 4442 Quae
207 4364 286 4426 ratio
310 4382 347 4424 ea
373 4359 634 4440 contemplatione
657 4359 795 4438 juvanda
821 4364 877 4435 est,
932 4361 1021 4421 «hoc
1043 4352 1156 4439 ipsuni,
1177 4362 1261 4440 quod
1283 4380 1395 4442 corpus
1413 4369 1470 4439 est,
1491 4380 1546 4442 per
1568 4363 1700 4442 gloriam

95 4475 201 4539 quam
221 4456 255 4515 in
278 4453 390 4516 scholis
412 4452 566 4532 explicare
587 4450 725 4528 theologi
747 4450 847 4511 solent
869 4470 876 4511 :
928 4451 1163 4513 resurrectionis
1182 4453 1701 4534 amittet,ctlietspi1itus⁸;nut

96 4549 258 4612 nimirum
274 4547 319 4622 id,
335 4545 419 4625 quod
431 4543 589 4625 spirituale
603 4548 660 4619 est,
676 4559 803 4622 praeque
815 4560 880 4602 om·
928 4543 1013 4605 idem
1034 4544 1343 4606 ratiocinatorem
1367 4545 1479 4607 Christi
1498 4564 1610 4627 corpus
1632 4554 1702 4627 post

95 4631 198 4702 fribus
211 4640 279 4718 ejus
296 4638 420 4717 generis
441 4639 552 4710 Deum,
568 4639 656 4695 extra
673 4633 837 4694 modulum
850 4640 881 4694 ct
929 4637 1187 4697 resurrectionem
1214 4637 1333 4716 angelis
1357 4638 1432 4718 ipsis
1458 4655 1524 4700 esse
1556 4640 1702 4700 subtilius

96 4738 232 4813 captum
244 4748 309 4792 esse
320 4746 487 4804 sensuum3
503 4746 540 4788 co
554 4726 638 4806 quod
651 4725 802 4786 sensibilis
815 4743 879 4785 uon
929 4734 1018 4808 putat
1028 4729 1192 4790 anselmus
1201 4730 1235 4790 in
1246 4730 1327 4790 libro
1338 4729 1698 4798 estrumentum.

95 4831 162 4899 est,
185 4840 287 4904 neque
306 4822 414 4883 formis
435 4820 507 4897 illis,
527 4824 560 4880 et
581 4817 779 4899 qualitatibus
798 4835 879 4898 prae·
930 4821 1031 4900 capite
1044 4837 1086 4881 rr.
1102 4842 1117 4879 ιι
1131 4822 1216 4882 Sicut
1229 4822 1325 4900 euim,
1340 4822 1395 4901 cit,
1411 4823 1572 4902 dignioris,
1588 4828 1620 4885 ct
1632 4823 1702 4884 sub

136 5103 162 5143 a
181 5086 274 5142 Pulto.
292 5082 405 5150 Αἶσθήσει
419 5080 627 5149 altemburc
641 5077 717 5147 νοητὴ
729 5079 808 5151 φύσις.
930 5100 979 5136 σιν·
1002 5083 1043 5137 καὶ
1063 5083 1170 5155 καθάπερ
1191 5084 1297 5156 δεόμεθα
1314 5088 1364 5138 τῶν
1382 5089 1426 5138 τοῦ
1440 5086 1555 5157 σώματος
1568 5084 1701 5160 ὀφθαλμῶν

138 5171 157 5226 b
176 5167 272 5239 Pluto,
288 5166 342 5222 100.
357 5165 404 5221 (til.
424 5163 561 5237 Οἱμὲνγὰρ
570 5161 602 5216 τὰ
610 5159 712 5230 αἰσθητὰ
723 5162 785 5233 μόνα
792 5161 879 5234 ὁρῶσι·
931 5163 965 5226 εἷς
978 5166 1022 5236 τὴν
1037 5167 1137 5241 θεωρίαν
1151 5171 1202 5220 τῶν
1217 5166 1324 5239 ὁρατῶν,
1342 5173 1397 5222 elo.

96 5255 188 5322 νοήσει
202 5250 250 5323 γὰρ
263 5251 293 5304 τι
306 5249 395 5315 ortu
411 5246 472 5309 εῐιιι
488 5248 562 5318 μόνον
576 5244 813 5315 mussitatum·
967 5260 989 5317 d
1008 5264 1094 5322 ιιιιιι
1109 5263 1207 5320 Moses.
1228 5270 1289 5350 piru
1309 5245 1383 5325 obn
1402 5245 1466 5321 nni
1481 5271 1557 5351 pau
1571 5273 1701 5329 prorant

96 5331 462 5492 ,euocetur
477 5326 882 5477 ιιι
1112 5364 1203 5450 ιι
1219 5366 1253 5445 ι
1272 5339 1333 5417 ι
1358 5341 1501 5446 ιιι
1527 5368 1595 5448 ιι
1623 5371 1702 5450 ιι

1225 5460 1288 5539 :pu
1303 5462 1366 5513 orn
1381 5437 1439 5514 ab>
1452 5436 1511 5512 bru
1525 5462 1594 5540 pru
1609 5466 1703 5545 papa

133 5594 145 5636 ι
162 5590 228 5636 tint
240 5590 268 5634 tu
278 5589 330 5633 huc.
345 5586 396 5630 -b
407 5585 448 5640 Ep.
460 5596 501 5628 cn.
518 5605 546 5616 -
558 5584 572 5626 s
584 5582 624 5638 Ep.
634 5593 685 5625 cru.
