4134 6182
150 1898 328 1964 Pmuiobujm
336 1899 450 1954 editionis.
894 1906 913 1957 l.

149 1978 245 2029 Pietatis
261 1978 355 2029 Antonii
369 1978 492 2031 hchmiae.
875 1984 912 2035 lll.

149 2055 175 2106 ll.
189 2055 216 2106 P.
229 2055 333 2121 llionpsii
345 2056 454 2121 elogium.
853 2063 912 2114 llll.

149 2134 243 2185 lunum
256 2133 383 2185 illustrium
397 2135 427 2187 de
435 2135 533 2187 Patauio
542 2138 678 2190 testimonia.
865 2140 913 2192 lli.

382 2305 666 2369 enoteootttntn

146 2508 172 2551 U
189 2510 287 2561 onmes
307 2510 346 2554 nn
358 2511 521 2555 THEObOGlh
538 2511 602 2556 test
622 2513 746 2566 musone
765 2514 915 2560 Phthdtt’tts

342 2602 379 2647 AG
395 2602 514 2647 NATURA
529 2604 716 2651 uisentibus.

145 2773 223 2828 Error
239 2779 257 2828 l.
278 2778 412 2844 Explicatur
424 2780 553 2845 theologice
571 2794 622 2843 ros,
640 2783 733 2847 ejusque
752 2796 797 2833 non
818 2785 913 2848 protrita

174 2856 310 2920 signiticatio
328 2856 431 2908 uaditur.
453 2858 511 2908 'l'unr
533 2859 633 2921 eiusdem
655 2860 755 2911 scientim
778 2860 911 2924 diuisique

174 2946 215 2997 qna
232 2935 334 3000 suscepti
358 2935 433 3001 operis
452 2935 586 2986 intornmtur
607 2938 707 3003 partitio.
736 2937 769 2989 lle
793 2939 913 3005 principiis

175 3013 307 3077 tlteologia,
335 3027 385 3078 qim
412 3013 502 3079 quidem
531 3028 558 3065 ex
576 3013 620 3066 ilde
642 3020 756 3081 petuntur.
782 3016 815 3067 Ea
843 3031 911 3083 porro

174 3090 254 3156 scripto
268 3090 312 3141 llei
326 3090 405 3152 uerbo,
426 3095 472 3141 tnnr
493 3105 520 3141 eo
534 3092 595 3157 quod
610 3093 729 3145 traditione
745 3098 841 3156 constat,
863 3099 910 3145 tum

174 3173 264 3234 uboqne
290 3168 321 3218 ab
337 3168 440 3221 Ecclesia
465 3169 610 3235 interpretato
631 3172 766 3223 continetur.
787 3172 911 3238 Exponltur

174 3254 268 3298 reerunr
282 3247 325 3297 illa
341 3246 461 3309 sententia,
479 3260 529 3312 qua
547 3248 603 3299 nibil
617 3249 645 3299 de
659 3249 742 3300 divinis
761 3250 828 3300 rebus
842 3264 910 3302 asse-

173 3326 263 3376 rendum
277 3325 348 3377 docet
361 3325 406 3376 nisi
427 3326 487 3390 quod
508 3324 531 3375 in
542 3326 661 3391 Scriptura
679 3326 769 3391 legitur.
785 3327 858 3391 liujus
871 3328 911 3380 ln-

175 3402 298 3468 blligendre
308 3404 417 3455 rationem
427 3418 453 3454 er
468 3403 571 3455 Ecclesia
585 3405 730 3469 replendam
743 3419 801 3458 esse.
821 3420 873 3471 pag.
895 3408 906 3458 l

144 3480 224 3533 anr
239 3483 268 3533 ll.
287 3482 323 3533 lle
344 3481 463 3547 principiis
483 3482 626 3547 theologicis,
653 3497 704 3548 qus
722 3497 749 3534 ex
769 3484 875 3535 conciliis
888 3491 916 3555 et

174 3559 275 3612 Patribus
289 3560 447 3612 adstruuntur.
460 3559 592 3612 ostenditur
605 3560 686 3611 horum
705 3562 750 3611 nint
763 3561 787 3611 ln
803 3576 831 3613 eo
844 3563 910 3614 sitam

174 3651 229 3700 esse,
244 3638 307 3704 qnod
320 3652 346 3689 er
360 3638 407 3689 ilis
419 3638 447 3689 de
459 3637 580 3689 traditione
591 3643 689 3699 constat,
700 3642 810 3704 quatenus
819 3639 909 3704 quidem

174 3716 308 3768 uendendi
325 3716 449 3767 necessitas
462 3715 561 3767 indidem
578 3715 684 3767 elicitur.
701 3717 751 3788 Qua
763 3717 869 3769 eandem
882 3732 910 3772 ac

173 3794 258 3845 &beto
271 3794 392 3845 lamando
408 3794 454 3845 sint
466 3794 560 3845 Patrurn
575 3794 712 3857 testimonia,
734 3800 757 3845 et
777 3796 805 3846 ad
824 3796 910 3861 proba-

173 3871 243 3923 tiones
261 3872 404 3936 theologicas
417 3871 555 3923 adhibenda.
571 3871 641 3935 Cujus
655 3873 689 3923 rei
705 3874 788 3937 regula
808 3874 910 3938 quaedam

172 3949 235 4001 utilas
248 3950 437 4017 praescribuntur.
894 3954 909 4003 8

144 4026 223 4079 dnrnr
239 4029 277 4080 tlt.
298 4029 332 4079 ite
354 4028 498 4094 philosophia
520 4034 543 4079 et
563 4028 681 4081 dialectica
704 4035 813 4094 quatenus
840 4045 909 4082 assu-

172 4112 262 4157 mantur
283 4108 314 4159 ad
331 4121 397 4158 usnnr
419 4108 550 4173 bieolog‘n.
570 4106 729 4173 Proponuntur
744 4113 844 4160 veterum
858 4123 910 4160 sen-

174 4186 246 4236 tentie
262 4186 377 4251 quaedam,
395 4200 445 4250 quar
472 4185 539 4248 buius
558 4186 695 4237 commercio
717 4186 762 4237 ibis
776 4186 910 4240 interdicere

173 4263 284 4315 rideam.
310 4263 343 4314 Ex
366 4263 467 4315 Platonis
480 4263 623 4330 philosophia
637 4263 748 4329 prodiisse
762 4265 845 4316 multas
858 4264 910 4317 he·

173 4355 241 4403 rests,
255 4348 280 4393 et
292 4357 334 4394 cur
348 4342 376 4393 ad
390 4341 431 4392 bas
446 4341 611 4407 producendas,
631 4342 748 4395 Platonica
761 4357 829 4408 quam
843 4345 910 4395 hris-

174 4421 251 4472 totelea
273 4422 305 4471 sit
326 4420 408 4485 aptior.
422 4419 593 4484 categoriarum
606 4421 696 4471 nomine
710 4426 782 4472 tohrm
799 4435 909 4486 organum

175 4498 251 4563 mica
272 4499 403 4551 Aristotelia
421 4498 610 4563 comprehensum
629 4498 658 4549 ab
678 4499 772 4551 Socrate
791 4500 908 4565 historice,

177 4579 266 4644 dnsqne
282 4591 353 4629 cansa
367 4577 496 4640 conjicitur.
512 4576 590 4627 hriani
604 4582 626 4627 et
642 4577 776 4628 Eunomiani
788 4578 817 4629 ab
831 4579 910 4632 eodem

175 4657 231 4708 lilim
252 4656 370 4708 subornati
382 4656 410 4707 ad
424 4655 538 4706 heresim.
553 4654 706 4720 lleupbgsica
721 4655 848 4708 nnsmntis
861 4658 910 4709 Pa·

174 4736 358 4788 rmsmmmu.
878 4739 910 4788 15

147 4813 225 4867 dauur
240 4815 280 4865 tu.
296 4812 466 4878 Phdosopbiam
480 4817 503 4863 et
515 4811 658 4864 dialecticam
672 4812 750 4863 utilem
763 4827 814 4865 esse
823 4815 911 4867 theolo-

175 4894 225 4955 gia.
255 4890 316 4952 Quid
346 4890 376 4941 sit
396 4890 548 4956 philosophia.
571 4890 714 4956 'l'beolognm
740 4891 768 4943 ab
796 4892 911 4945 Clemente

175 4976 324 5028 mnndum
333 4973 410 5026 uocari
422 4970 567 5045 χνωστικόν.
582 4973 640 5026 iluic
652 4988 707 5025 sero
714 4974 820 5040 prodesse
834 4976 912 5041 pbilo-

175 5055 276 5120 mtam
290 5060 314 5104 et
325 5052 430 5105 liberales
443 5056 513 5114 artes,
532 5066 574 5103 nec
591 5056 677 5103 butum
689 5053 718 5104 ad
733 5060 835 5105 ornatum
849 5055 910 5106 illam

175 5133 257 5195 salue,
267 5132 308 5184 sed
321 5132 389 5183 eham
402 5130 553 5181 necessariam
566 5144 626 5182 esse.
641 5130 787 5183 dialecticam
800 5132 912 5199 imprimis

177 5211 204 5261 ad
223 5210 375 5262 retundendos
397 5208 518 5259 nordicos
535 5212 557 5259 et
570 5208 628 5259 alios
641 5208 694 5259 ildel
707 5208 783 5261 hostes
796 5212 910 5273 conterre,

178 5295 222 5340 tam
239 5288 270 5339 ad
287 5287 422 5353 gignendenn
441 5286 566 5338 diuinarum
583 5300 659 5338 rerum
680 5287 797 5339 scientiam
817 5290 910 5354 requiri.

178 5367 226 5426 ouo
238 5380 307 5419 sensa
319 5367 399 5418 Patres
411 5364 543 5431 disciplinas
556 5365 607 5417 illas
620 5365 710 5430 lougms
723 5373 824 5418 arceant.
835 5368 911 5420 iidem

179 5451 265 5515 preire,
280 5463 327 5499 non
339 5450 403 5514 sequi
420 5447 511 5501 debere.
526 5448 560 5500 lle
576 5441 683 5517 ἔριστικῇ
697 5453 721 5497 et
733 5447 856 5513 sophistica
865 5448 914 5499 dia·

179 5529 266 5591 lectica
279 5525 606 5593 etquatennsadhibeudasit.
880 5525 908 5578 21

966 1907 1052 1961 Garun
1068 1910 1096 1961 ll.
1112 1910 1241 1977 Explicatur
1258 1912 1349 1964 uberius
1364 1914 1457 1979 questio
1478 1914 1525 1978 illa,
1547 1929 1576 1966 on
1598 1916 1627 1967 ad
1644 1916 1736 1969 theole-

998 1988 1058 2051 giam
1071 1988 1214 2055 adjungenda
1228 1991 1258 2041 stt
1271 1990 1383 2042 subtiliter
1397 1993 1514 2058 disputans
1528 1993 1678 2060 philosophia.
1695 1995 1736 2047 tu-

999 2067 1091 2132 cepbori
1102 2067 1207 2131 Gregorar
1221 2083 1263 2135 pro
1278 2078 1373 2133 negante
1387 2075 1449 2137 parte
1463 2071 1600 2131 dissertatio,
1609 2073 1733 2125 etEmma-

999 2145 1071 2195 uuelis
1085 2144 1171 2198 Calecae
1186 2147 1257 2199 altera
1269 2162 1311 2214 pru
1325 2149 1461 2212 attlrmante,
1476 2164 1525 2214 qun
1539 2156 1561 2200 et
1569 2151 1639 2216 priori
1649 2153 1731 2203 verior.

998 2223 1138 2274 llclelluutur
1164 2226 1239 2290 itaque
1261 2233 1393 2291 argumenta
1424 2227 1538 2293 tregam.
1566 2228 1616 2288 Qua
1646 2231 1734 2282 ratione

997 2301 1076 2352 Patres
1093 2306 1254 2357 contentiosam
1264 2304 1326 2355 illam
1340 2305 1506 2373 philosophiam
1522 2308 1646 2359 cauendam
1659 2309 1733 2360 duxe-

997 2380 1049 2431 rint.
1065 2380 1153 2432 Erasini
1167 2382 1252 2433 insulsa
1263 2397 1331 2448 snper
1345 2384 1389 2435 hoc
1396 2384 1543 2450 expostulatio
1557 2385 1661 2437 dlluitru.
1672 2387 1732 2438 Per-

996 2471 1073 2522 peram
1087 2459 1116 2510 ab
1132 2473 1159 2512 eo
1176 2460 1244 2511 rideri
1264 2460 1413 2513 scholasticas
1426 2462 1544 2529 plerasque
1557 2465 1731 2527 controuersias,

999 2550 1048 2600 qum
1061 2543 1083 2588 et
1097 2537 1126 2588 ab
1139 2539 1236 2604 antiquis
1248 2539 1366 2605 disputatus
1379 2545 1439 2591 sunt.
1700 2543 1733 2593 30

961 2613 1048 2667 onim
1065 2617 1102 2667 lll.
1122 2616 1154 2668 ile
1173 2618 1278 2669 cautione
1300 2620 1323 2669 in
1346 2619 1481 2684 disputando
1504 2620 1533 2670 de
1559 2620 1626 2671 rebus
1650 2622 1732 2673 diuinis

995 2693 1131 2745 adhibenda.
1146 2695 1239 2747 Patrum
1249 2698 1377 2749 testimonia
1384 2697 1490 2748 subtilius
1504 2697 1588 2763 inquiri
1598 2701 1728 2751 reundum.

995 2772 1054 2823 Tum
1076 2773 1172 2825 aliorum
1194 2780 1256 2826 certo
1270 2776 1346 2827 'modo
1366 2776 1552 2841 permittentium.
1578 2776 1730 2837 Qnaestionum

995 2851 1171 2915 theologicarum
1186 2867 1269 2918 genera
1290 2854 1344 2915 duo,
1360 2867 1455 2918 quarum
1470 2855 1520 2905 alise
1534 2856 1563 2905 ad
1580 2855 1646 2908 tidem
1661 2870 1731 2921 spec-

994 2934 1050 2994 tant,
1066 2931 1116 2981 alie
1130 2931 1231 2995 minime,
1244 2937 1266 2982 et
1275 2932 1388 2997 quemodo
1398 2938 1498 2998 utrmque
1507 2933 1638 2985 tractanda.
1654 2934 1733 2986 llitan-

995 3010 1047 3060 dam
1060 3008 1144 3074 ubique
1158 3014 1205 3060 tum
1222 3011 1379 3073 temeritatem,
1403 3016 1451 3062 turn
1473 3011 1541 3061 nimis
1555 3012 1695 3064 enucleatam
1709 3020 1732 3064 et

992 3087 1082 3137 maiam
1098 3088 1273 3153 inquisitionem.
1290 3088 1437 3140 Scholastica
1451 3088 1570 3153 theologie
1584 3095 1665 3141 contra
1679 3092 1729 3155 ejus

993 3165 1082 3231 iniquos
1091 3166 1265 3231 reprehensores
1278 3165 1436 3232 patrocinium.
1452 3166 1575 3218 Haeretloos
1589 3175 1668 3219 contra
1682 3169 1730 3221 dia·

993 3244 1096 3297 lecticam
1114 3258 1227 3309 nunquam
1240 3258 1286 3295 non
1299 3244 1476 3309 argumentando
1490 3258 1594 3310 peecare.
1698 3246 1731 3299 35

959 3323 1045 3376 Garun
1061 3325 1109 3376 lll.
1128 3323 1161 3374 [le
1174 3324 1236 3376 cultu
1250 3329 1374 3390 ornatuque
1385 3324 1505 3388 theologie
1518 3338 1546 3375 er
1560 3325 1635 3391 politis
1644 3326 1731 3378 artibus

992 3403 1144 3468 adjungendo.
1168 3401 1274 3454 Veterum
1289 3402 1384 3454 diverse
1400 3401 1428 3453 de
1448 3416 1476 3453 ea
1489 3416 1514 3453 re
1528 3404 1653 3455 sententie.
1668 3403 1729 3456 Plu-

992 3481 1062 3533 rimos
1076 3481 1146 3534 rideri
1156 3496 1245 3534 omnem
1255 3481 1284 3532 ab
1297 3482 1336 3532 illa
1349 3481 1453 3532 decorent
1468 3485 1655 3532 eternamentnm
1665 3482 1731 3547 abju-

995 3560 1080 3623 dicare,
1090 3560 1185 3611 manime
1194 3560 1223 3611 ab
1232 3559 1303 3612 sactis
1317 3559 1416 3610 bitteris.
1431 3559 1505 3609 Etiam
1515 3560 1633 3623 gentilium
1642 3560 1730 3624 judicia

993 3639 1129 3692 consentire.
1153 3638 1237 3691 Plotini
1259 3638 1283 3688 in
1310 3637 1422 3703 loquendo
1446 3637 1547 3688 infantia.
1577 3638 1726 3704 Oppenuntnr

994 3716 1090 3771 aliorum
1103 3719 1196 3769 Patrem
1205 3716 1333 3768 testimonia
1347 3715 1481 3780 elegantiam
1496 3716 1518 3765 in
1534 3715 1648 3782 theologia
1662 3732 1729 3770 com·

993 3796 1155 3849 mendantium.
1174 3794 1336 3847 tloncilianter
1362 3794 1394 3844 illi
1415 3808 1493 3845 omnes
1521 3794 1625 3846 inuicem.
1655 3796 1730 3848 Stulta

949 3898 958 3915 ν
993 3874 1126 3929 Castalioms
1139 3874 1163 3924 in
1176 3872 1290 3924 vertendis
1303 3870 1383 3924 bibliis
1398 3870 1510 3923 affectatio
1520 3872 1637 3925 latinitatis
1647 3874 1729 3940 exqui-

992 3954 1049 4005 sita.
1078 3951 1183 4003 mrbaris
1204 3950 1356 4004 luendonihus
1378 3955 1488 4016 quatenus
1511 3951 1543 4001 uti
1562 3950 1639 4013 liceat,
1660 3953 1727 4004 etiam

992 4030 1139 4099 probantibus
1161 4028 1335 4095 elegantissimis
1355 4028 1514 4095 scriptoribus.
1530 4028 1667 4094 linguarum
1684 4045 1729 4082 aa·

992 4111 1061 4169 rietas
1074 4108 1179 4172 theologo
1188 4108 1289 4174 apprime
1302 4108 1373 4158 utilis.
1696 4110 1729 4161 to

959 4190 1044 4243 Canna
1058 4187 1116 4239 ttttt.
1136 4185 1169 4238 [lc
1183 4184 1301 4249 theologiae
1314 4200 1397 4250 genere
1411 4185 1546 4251 disputatur,
1561 4201 1589 4238 an
1603 4187 1634 4238 sit
1649 4188 1728 4239 seten—

992 4268 1032 4319 tia.
1048 4266 1112 4326 Quod
1123 4265 1195 4331 prinuo
1211 4264 1305 4316 dubium
1322 4278 1372 4316 esse
1389 4269 1535 4326 monstratur,
1551 4264 1604 4329 quia
1618 4264 1663 4317 tide
1676 4267 1728 4317 niti-

994 4356 1037 4398 tur.
1049 4343 1134 4396 ileinde
1147 4357 1197 4394 esse
1210 4334 1327 4395 icientiam
1342 4344 1476 4405 ostenditur,
1491 4344 1532 4393 etsi
1546 4344 1727 4409 nonquusmodi

993 4429 1047 4477 nom
1063 4437 1114 4475 esse
1134 4422 1207 4488 potuit
1222 4421 1346 4473 Aristoteli.
1368 4421 1420 4473 Non
1443 4423 1517 4474 solum
1535 4437 1585 4474 esse
1599 4424 1726 4485 seientiam,

993 4503 1107 4556 sedetiam
1121 4501 1264 4567 sapientiam.
1279 4501 1408 4552 illustratur
1422 4502 1550 4553 Aristotelis
1564 4502 1728 4553 locusinsertn

993 4582 1134 4643 Etlticorum,
1148 4580 1187 4631 ubi
1201 4580 1230 4631 de
1242 4579 1357 4630 habitibus
1367 4580 1416 4643 agit
1428 4580 1467 4645 qui
1486 4581 1548 4633 circa
1563 4595 1641 4632 nerum
1654 4595 1728 4634 oceu-

992 4666 1082 4729 pantur‚
1097 4674 1164 4726 quern
1181 4660 1256 4711 locum
1271 4659 1404 4725 interpretes
1425 4673 1469 4710 non
1483 4664 1536 4710 sunt
1548 4661 1654 4712 assecuti.
1670 4661 1728 4721 Ouid

993 4739 1101 4806 sapientia
1114 4739 1152 4801 sit,
1167 4738 1315 4803 etquomodo
1328 4736 1416 4788 did'erm
1432 4737 1561 4789 ascientia.
1697 4740 1728 4790 tn

959 4818 1045 4872 danen
1061 4817 1101 4869 ill.
1120 4816 1153 4867 [le
1168 4817 1235 4869 laude
1257 4830 1285 4867 ac
1303 4814 1498 4867 commendatione
1517 4816 1645 4882 theologie.
1666 4819 1729 4871 Hanc

993 4911 1038 4948 nou
1055 4896 1128 4948 solum
1151 4894 1179 4946 ad
1201 4895 1338 4946 intellectum
1360 4898 1383 4945 et
1406 4893 1525 4945 scientiam
1547 4896 1668 4960 pertinere,
1688 4900 1727 4949 sed

993 4975 1060 5026 eiiam
1074 4975 1103 5025 ad
1116 4974 1237 5025 voluntatis
1250 4973 1364 5025 allectum.
1380 4974 1457 5039 ltaque
1469 4988 1548 5024 rernm
1566 4979 1589 5025 et
1601 4974 1729 5028 ahsolutum

994 5054 1133 5118 theologum,
1147 5057 1251 5103 sanctum
1267 5056 1441 5118 essenportere.
1458 5051 1586 5115 eujusmodi
1602 5057 1729 5117 gnosticum

991 5130 1099 5183 informat
1111 5131 1214 5183 Clemens
1224 5130 1396 5192 alexandrinus,
1405 5135 1444 5180 aut
1449 5129 1590 5181 hierarcham
1600 5132 1727 5198 Dionysius.

995 5209 1119 5276 Episcopus
1133 5209 1253 5275 primarios
1273 5221 1324 5260 esse
1336 5208 1462 5271 heotogos.
1478 5208 1532 5259 Fide
1550 5210 1666 5274 preditum
1682 5214 1728 5263 iun-

993 5288 1073 5359 primis
1087 5288 1216 5357 theologum
1233 5286 1315 5338 dehere
1332 5301 1381 5339 esse
1398 5291 1445 5338 tum
1458 5287 1545 5339 ceteris
1558 5288 1686 5353 virtutihus,
1701 5304 1728 5342 ac

995 5381 1076 5433 purunr
1102 5365 1131 5418 ab
1153 5366 1214 5418 omni
1233 5379 1301 5432 praua
1321 5365 1389 5416 animi
1416 5366 1543 5418 allectione.
1565 5366 1679 5420 Nonnulla
1701 5371 1729 5420 de

994 5447 1062 5509 huius
1074 5446 1150 5512 operis
1165 5444 1276 5506 instituto,
1295 5444 1356 5515 quod
1369 5445 1481 5509 triplicem
1503 5445 1619 5511 theologiae
1633 5447 1727 5498 tonnam

996 5524 1162 5590 complectitur,
1178 5524 1250 5588 deque
1259 5524 1308 5587 ejus
1322 5522 1432 5575 deisona
1445 5524 1593 5589 repentibus.
1697 5527 1728 5576 52
