3942 6168
285 390 346 450 not
791 382 1116 445 THEOLOGIGORUM
1137 382 1366 444 DDGMATUM.

287 555 382 615 Porro
414 552 602 632 inquantum
633 549 713 610 nihil
743 555 865 629 oportet
895 566 960 610 esse
988 549 1055 610 aino
1106 549 1400 625 minus,accidentis
1413 546 1588 609 scilicetrei
1602 545 1731 606 mentio.
1745 544 1864 607 Names

286 664 388 720 causa,
410 644 442 705 id
456 644 582 705 estsine
599 661 645 717 re,
667 643 743 721 quia
763 642 789 702 si
812 641 879 702 sine
900 659 991 702 eausa
1004 641 1054 715 sit,
1105 661 1169 722 quo
1183 661 1247 703 csse
1270 648 1432 723 eruperunt
1453 642 1488 701 in
1504 658 1576 720 quae
1600 644 1733 720 potestas
1751 638 1865 699 Domini

286 738 416 819 perinde
431 743 477 798 est
495 743 587 815 atque
604 736 630 796 si
644 753 709 795 non
727 735 778 811 ait,
798 753 864 795 non
878 734 997 795 babens
1010 733 1057 793 rei
1106 742 1223 815 agerat,
1248 756 1287 798 ex
1300 737 1354 797 illo
1368 754 1424 816 per
1446 734 1653 796 accessionem
1675 730 1828 810 potestatis
1839 738 1867 791 et

286 847 422 906 causam,
435 829 629 909 remipsam3
641 828 809 888 intantum
820 828 918 888 Deum
931 826 1058 905 dignius
1105 828 1203 889 factus
1217 834 1248 889 θῖ
1262 830 1362 890 dictus
1380 833 1426 889 θεῖ
1439 822 1620 889 Dominus¹.
1631 847 1648 882 n
1666 823 1753 898 Quod
1765 822 1867 883 deinde

286 923 412 983 credam
424 940 490 982 non
503 939 569 981 esse
582 938 677 1000 quam
697 938 761 981 esse
775 920 842 980 sinc
861 936 962 979 musa.
984 917 1057 978 Sine
1106 923 1218 1001 probat
1239 940 1279 984 ex
1305 939 1342 983 eo
1370 921 1454 1001 quod
1478 919 1570 980 initio
1597 917 1725 997 quidem
1747 933 1867 995 operum

286 1034 378 1076 causa
396 1016 482 1076 enim
505 1019 551 1073 eat
570 1014 712 1093 quirem
735 1030 800 1072 non
821 1011 976 1083 habendo,
992 1028 1058 1070 non
1107 1015 1234 1076 nonnisi
1247 1017 1326 1076 Deus
1343 1019 1493 1075 vocatur:
1513 1011 1578 1073 alc
1586 1008 1866 1092 pampininquit

286 1106 381 1167 babet
393 1123 528 1168 causam.
550 1107 631 1166 Deus
648 1112 754 1166 autem
767 1105 834 1165 sine
847 1121 950 1178 causa,
966 1102 999 1163 id
1013 1107 1060 1163 est
1106 1106 1218 1168 creauit
1241 1106 1320 1168 Deus
1341 1105 1446 1167 coelum
1470 1113 1498 1165 et
1521 1112 1644 1165 terram.
1670 1101 1710 1160 nt
1729 1098 1784 1160 ubi
1803 1100 1867 1159 uni·

287 1199 354 1260 sinc
371 1218 416 1275 re,
433 1217 497 1259 esse
520 1216 585 1258 non
608 1198 710 1259 debet.
736 1199 782 1257 lta
794 1196 916 1275 quoties
929 1193 1057 1255 ostendo
1106 1217 1196 1260 versa
1209 1199 1348 1278 perfecit,
1373 1199 1537 1278 ipsumque
1550 1195 1602 1255 vel
1623 1193 1760 1254 maxime
1778 1191 1869 1252 homi

287 1309 361 1352 eum
377 1291 444 1351 sine
458 1308 550 1351 <ausa
563 1308 628 1350 esse
641 1296 792 1369 tanquam
806 1289 857 1362 sit,
873 1288 933 1349 hoc
947 1286 1059 1346 consti·
1108 1309 1182 1352 nem
1190 1290 1245 1370 qui
1257 1292 1382 1371 proprie
1395 1291 1563 1351 Dominum
1572 1286 1786 1348 intellecturus
1798 1289 1868 1359 erat,

286 1389 342 1444 tuo
356 1402 421 1444 non
444 1401 509 1443 esse
530 1382 634 1457 illum;
651 1383 725 1461 quia
744 1382 770 1441 si
792 1380 911 1453 fuisset,
928 1378 1058 1439 omnino
1108 1384 1258 1444 Dominus
1276 1385 1372 1444 etiam
1394 1383 1644 1461 cognominatur.
1669 1379 1758 1438 Tunc
1783 1377 1869 1437 ctiam

287 1471 1059 1553 sinecausanoniuisset.»Etincap.nu1idipsum
1109 1475 1259 1535 Dominus
1285 1494 1402 1536 nomen
1424 1475 1577 1554 adjnnxit.
1604 1473 1642 1532 Et
1659 1470 1776 1549 aceepit
1799 1471 1871 1530 Deus

288 1567 349 1628 late
362 1568 579 1647 persequitur:
595 1567 732 1641 «Otium,
750 1565 863 1645 inquit,
883 1563 932 1624 sui
946 1567 1060 1623 natura
1108 1567 1259 1627 Dominus
1272 1566 1434 1628 bominem
1447 1583 1541 1644 quem
1554 1564 1657 1625 finxit.
1678 1563 1716 1622 Et
1734 1562 1872 1640 maecepit

288 1678 353 1720 non
367 1661 464 1734 novit,
488 1659 563 1720 binc
576 1663 718 1720 censetur
736 1658 762 1718 si
780 1662 863 1735 agat,
883 1656 909 1716 si
923 1672 981 1715 nea
1000 1673 1058 1715 no·
1109 1659 1259 1719 Dominus
1273 1658 1383 1720 Deus¹.
1396 1679 1411 1716 n
1423 1658 1484 1719 Sed
1497 1657 1564 1717 baec
1577 1655 1752 1716 observatio
1761 1653 1871 1712 Tertul-

288 1751 381 1812 luissc
401 1751 559 1812 videbitur
576 1769 718 1811 exercere
737 1750 909 1810 bonitatem
931 1747 1059 1807 interim
1108 1752 1186 1812 liani
1208 1752 1326 1812 nullius
1349 1756 1395 1811 θεῖ
1413 1748 1567 1810 momenti
1589 1746 1753 1808 silentem
1775 1745 1871 1824 ipsum

288 1849 409 1905 nattum
422 1844 561 1904 nominc.
581 1845 699 1904 Natura
722 1843 808 1903 enim
821 1860 853 1901 sc
875 1858 940 1900 non
959 1845 1061 1919 potest
1109 1844 1265 1904 adeamus.
1293 1843 1434 1904 Primum
1461 1859 1523 1902 vax
1545 1840 1600 1901 illa
1621 1847 1704 1920 θῖριος
1726 1838 1870 1909 Bonnam

289 1935 371 1995 nulle
384 1954 454 2015 quaa
468 1954 500 1996 se
518 1936 562 1996 ita
581 1935 698 2013 dirigit,
715 1940 750 1995 ut
764 1935 790 1993 si
812 1932 975 1994 cessaverit
994 1949 1059 1992 nou
1109 1953 1203 2014 quam
1221 1936 1425 2016 Septuaginta
1437 1937 1626 2015 posuerunt,
1641 1930 1806 2011 respondet
1822 1929 1873 1990 He

288 2028 338 2088 sit.
356 2028 416 2089 Sed
428 2029 558 2089 cessavit
576 2028 743 2107 aliqtrando
765 2026 799 2086 in
818 2027 881 2087 Deo
896 2024 1060 2085 Marcionis
1109 2027 1221 2089 braicae
1240 2047 1305 2089 non
1323 2046 1415 2102 tritu,
1430 2045 1501 2106 quae
1520 2026 1646 2105 proprie
1665 2029 1712 2085 est
1729 2033 1809 2104 κύριος
1825 2023 1872 2084 aad
1956 2054 1957 2091 t

288 2120 327 2179 de
340 2139 433 2199 opere
447 2120 581 2181 bonitas.
598 2121 678 2197 Ergo
693 2138 758 2180 uon
770 2117 830 2179 fuit
844 2116 994 2177 naturalis
1007 2117 1061 2176 bo·
1109 2138 1186 2196 nans,
1205 2123 1290 2200 quod
1308 2127 1354 2182 cst
1371 2122 1647 2199 tetragrammaton
1665 2122 1698 2175 et
1715 2117 1871 2195 mysticum

289 2212 371 2271 uitas
397 2229 467 2291 quae
491 2213 594 2292 potuit
614 2211 782 2291 aliquando
810 2228 950 2284 ramasse,
976 2210 1061 2288 quod
1109 2232 1145 2273 ac
1157 2213 1285 2292 plenum
1298 2231 1415 2274 nomen
1433 2212 1499 2273 Dei.
1516 2210 1633 2271 Idcirco
1647 2208 1775 2268 nonnisi
1788 2208 1871 2286 plone

289 2304 485 2365 naturalibus
506 2324 571 2365 non
597 2305 678 2365 licat.
706 2303 783 2363 Etsi
802 2322 867 2363 rron
890 2303 949 2362 erit
968 2308 1059 2362 natu·
1109 2306 1250 2367 absoluto
1260 2308 1327 2385 jam
1344 2306 1462 2367 mundo
1482 2307 1668 2382 usurpatum
1692 2301 1869 2361 establose.

289 2395 373 2472 ralis,
384 2397 451 2474 jam
472 2416 529 2457 nee
553 2403 670 2457 aeterua
697 2395 860 2468 credenda,
881 2400 939 2454 etc.
951 2417 967 2451 n
986 2395 1060 2468 Qum
1110 2399 1189 2458 Cum
1201 2399 1287 2459 enirn
1300 2399 1450 2459 hactenus
1463 2396 1565 2456 solum
1585 2394 1641 2453 Dci
1662 2410 1778 2453 nomen
1791 2392 1871 2452 ndbi·

289 2488 426 2549 nimium
438 2490 498 2549 lata
512 2488 648 2569 profecto
662 2493 779 2567 patant.
797 2488 875 2548 Nam
894 2492 925 2548 et
944 2487 983 2547 de
998 2488 1061 2547 Deo
1110 2490 1479 2570 buisset,dcmumcapite
1486 2484 1871 2549 secundoGenearlversuu
1957 2500 1958 2503 ’

290 2599 363 2640 vera
382 2581 524 2642 similiter
544 2580 689 2655 efficient,
710 2598 811 2658 neque
832 2580 952 2640 bonum
970 2579 1061 2639 illum
1110 2584 1157 2644 uti
1171 2584 1265 2664 erepit
1278 2590 1309 2644 et
1321 2583 1437 2644 eximio
1451 2581 1506 2643 illo
1520 2596 1695 2657 arcanoque
1712 2577 1800 2640 :Iatoe
1810 2588 1871 2639 scat

290 2691 392 2751 neque
412 2673 659 2752 omnipotentem
679 2691 781 2752 neque
806 2674 904 2734 Deum
926 2690 991 2733 esse
1010 2674 1062 2733 de·
1109 2677 1307 2757 perorationes
1319 2675 1389 2737 eoeli
1406 2683 1432 2736 et
1450 2683 1539 2734 terroe
1552 2670 1671 2753 qnando
1686 2679 1788 2732 creato
1800 2679 1868 2741 amnt,

290 2764 396 2844 nique,
412 2766 494 2844 quod
510 2766 641 2826 infinitis
659 2766 780 2826 saeculis
798 2766 838 2826 ab
860 2784 953 2846 opere
975 2785 1062 2826 vaca·
1110 2768 1143 2828 r'n
1168 2767 1217 2829 die
1239 2788 1296 2850 qno
1323 2768 1395 2848 fecit
1423 2766 1567 2828 Dominus
1599 2764 1679 2826 Deus
1704 2763 1823 2831 coelun,
1848 2773 1871 2823 et

289 2856 410 2918 tionem
427 2858 582 2919 habuerit.
608 2858 817 2932 Quamobrem
839 2864 922 2918 recte
942 2859 1061 2936 alioqui
1110 2868 1230 2922 terram.
1247 2862 1346 2943 Quem
1364 2860 1402 2920 ad
1421 2860 1526 2919 locum
1543 2876 1583 2918 ex
1600 2856 1762 2917 communi
1785 2856 1871 2934 Magi·

290 2949 328 3010 de
351 2950 410 3011 bac
435 2969 469 3011 re
492 2950 629 3011 sentiens
646 2951 855 3011 Tertullianus
881 2950 1005 3031 longius
1027 2951 1062 3010 in
1110 2958 1246 3014 strorum
1267 2958 1408 3014 veterum
1430 2951 1544 3031 placito
1562 2950 1629 3011 hanc
1642 2948 1772 3010 adnotat
1795 2949 1872 3009 Aben
1958 2946 1959 3027 ᾗ

291 3042 476 3122 disputando
490 3060 585 3121 quam
599 3048 666 3103 crat
679 3061 802 3103 necesse
815 3049 990 3123 provectus,
1001 3044 1062 3104 ista
1111 3046 1209 3106 Hezra
1225 3065 1232 3105 ε
1254 3068 1269 3103 u
1279 3048 1378 3121 Quam
1389 3045 1535 3124 pretiosa,
1560 3041 1676 3120 inquit,
1700 3041 1798 3102 rerba
1809 3047 1872 3101 sunt

291 3152 403 3213 parum
416 3135 505 3196 firma
519 3154 622 3215 neque
636 3136 675 3196 ad
689 3136 851 3214 negotium
873 3136 1062 3215 pertinentia
1111 3140 1266 3217 maJ'orum
1279 3144 1457 3199 nostrorum
1470 3135 1526 3214 qui
1539 3135 1584 3194 ita
1596 3133 1765 3194 dixenrnt:
1781 3133 1872 3213 appel·

292 3225 433 3303 subjecit.
1111 3231 1210 3291 latum
1224 3227 1764 3309 estnomenplenumsupermundo
1777 3225 1870 3306 pleno,
1959 3226 1960 3233 ’

332 3319 397 3379 Vll.
414 3318 474 3378 Sed
494 3319 655 3398 superiora
678 3317 731 3378 illa
749 3320 987 3400 qualiacumque
1007 3322 1064 3382 im·
1112 3324 1186 3402 quia
1212 3323 1354 3384 nondum
1380 3322 1531 3382 hactenus
1553 3318 1669 3380 ibitis
1695 3318 1763 3378 ulla
1784 3318 1873 3378 brarat

292 3410 418 3489 piorum
430 3416 606 3471 commenta
618 3410 707 3471 facile
720 3416 767 3471 θεῖ
784 3411 962 3490 dissolvere,
980 3415 1064 3493 qnod
1111 3416 1192 3476 tenti
1219 3415 1357 3476 nominis
1382 3422 1539 3493 capax.‘¹n
1571 3411 1670 3489 Igitur
1697 3410 1873 3473 vocabulum

293 3520 358 3562 non
376 3520 440 3563 nno
454 3502 547 3563 modo
560 3508 680 3564 veteres
691 3502 820 3564 iaciunt.
842 3506 922 3565 Sunt
944 3506 1000 3584 qui
1013 3525 1065 3586 ap
1112 3507 1191 3570 illud
1211 3526 1275 3574 uana
1296 3525 1361 3568 non
1382 3506 1441 3567 hoc
1466 3503 1620 3583 significat
1636 3503 1721 3581 quod
1743 3504 1874 3564 Graecum

293 3595 475 3673 pellationes
494 3595 568 3655 istas
582 3600 613 3655 ct
626 3604 726 3676 σχέσεις
740 3594 799 3657 hnc
812 3602 858 3675 est
878 3597 1065 3659 habitudines
1112 3609 1204 3681 κύριος,
1228 3605 1264 3661 ut
1292 3598 1475 3660 Tertulliani
1503 3595 1623 3657 notatio
1649 3595 1703 3655 illa
1726 3594 1872 3676 procedat.

292 3692 325 3747 θῖ
352 3686 510 3748 relationes
532 3687 689 3763 creatoris,
714 3689 849 3765 Domini,
877 3695 1064 3769 crebrasque
1114 3693 1261 3767 Quamvis
1286 3692 1344 3752 bac
1369 3691 1464 3752 etiam
1495 3688 1687 3767 Augustinus
1720 3689 1819 3750 utitm
1845 3688 1872 3748 in

293 3798 359 3840 non
372 3798 411 3840 cx
429 3785 546 3841 aeterno
563 3780 657 3841 frrisse
671 3788 798 3841 censent
811 3782 846 3842 in
866 3784 939 3857 Deo,
960 3784 1013 3844 sed
1026 3802 1065 3845 ex
1114 3787 1217 3866 primo
1245 3782 1280 3845 de
1305 3782 1409 3848 Genesi
1433 3780 1474 3843 od
1501 3781 1628 3842 litteram
1656 3780 1713 3842 ubi
1735 3781 1872 3851 hominis,

293 3878 433 3951 tempore
446 3873 584 3952 erupisse.
596 3873 804 3934 Tertullianus
814 3879 923 3935 contra
937 3876 1066 3938 Hermo-
1113 3882 1252 3957 primum
1265 3894 1358 3938 causa
1372 3876 1540 3936 Dominum
1564 3874 1691 3954 cepisse
1710 3875 1774 3936 dici
1788 3876 1874 3936 Deum

294 3982 406 4044 genem
428 3965 567 4026 scribens
590 3967 625 4026 in
646 3966 728 4026 hanc
746 3967 933 4028 sententiam
956 3969 999 4029 sic
1022 3970 1066 4031 lo·
1113 3970 1231 4046 scribit,
1244 3966 1876 4048 utadmonereturuquantumeiexpediat

294 4058 426 4137 quitur:
443 4058 523 4120 «Dei
544 4076 660 4120 noman
677 4058 810 4119 dicimus
832 4078 954 4140 semper
971 4061 1065 4124 fuisse
1113 4063 1228 4124 babere
1254 4062 1423 4124 Dominum
1446 4062 1556 4136 Deunu
1585 4060 1644 4120 hoc
1666 4067 1713 4121 cst
1734 4060 1794 4123 sub
1818 4059 1876 4138 ejus

295 4151 378 4231 apud
391 4151 592 4230 semetipsum
605 4156 637 4211 θῖ
654 4151 689 4212 in
704 4152 880 4231 semetipso,
897 4154 1066 4215 Dominum
1113 4155 1327 4217 dominatione
1340 4153 1530 4215 obedienter.
1540 4150 1703 4214 viverat»

295 4261 370 4303 vero
393 4261 458 4303 non
485 4261 616 4323 semper,
647 4244 769 4305 diversa
793 4245 879 4305 enim
902 4246 1066 4327 utriusque
1154 4248 1234 4308 Vill.
1257 4245 1507 4308 oetemmidem
1520 4245 1712 4324 Auffrstinus
1732 4246 1878 4307 existimat

296 4336 444 4396 conditio.
469 4337 550 4396 Deus
572 4336 752 4397 substantie
775 4338 884 4417 ipsius.
896 4355 1010 4399 nomen
1033 4339 1067 4401 id
1115 4340 1246 4401 nomina
1259 4339 1313 4400 illa
1326 4342 1428 4419 σχεταῖ
1435 4356 1507 4418 quse
1520 4339 1560 4398 ad
1573 4343 1690 4399 creatas
1702 4357 1754 4399 ras
1767 4354 1877 4417 compa
1909 4336 1960 4383 Μ

296 4433 343 4487 θεῖ
354 4427 537 4500 divinitatis,
554 4429 704 4489 Dominus
714 4447 789 4490 vero
808 4447 873 4490 non
887 4430 1067 4492 substantias
1115 4440 1235 4509 rantur,
1255 4430 1427 4510 «quamvis
1442 4429 1655 4511 temporaliter
1669 4431 1709 4491 de
1728 4433 1792 4494 Deo
1808 4429 1876 4491 inci·

296 4520 348 4580 sed
378 4521 538 4599 potcstatis
563 4540 570 4581 :
592 4521 798 4581 substantiam
826 4540 947 4603 semper
974 4523 1067 4584 brisso
1115 4526 1204 4605 piant
1217 4524 1290 4599 dici,
1306 4541 1371 4583 non
1384 4528 1490 4584 tamen
1504 4523 1563 4602 ipsi
1577 4522 1759 4584 substantie
1773 4523 1826 4585 Dei
1834 4540 1876 4582 ac·

298 4629 370 4673 cum
384 4630 440 4672 suo
462 4613 589 4673 nomine
606 4614 690 4693 quod
704 4620 750 4675 est
773 4616 865 4691 Deus,
891 4621 996 4696 pastea
1011 4617 1068 4677 Du
1117 4617 1225 4679 cidisse
1245 4616 1382 4695 aliquid,
1411 4615 1463 4676 sed
1484 4614 1531 4676 illi
1552 4621 1700 4677 creaturae
1728 4618 1767 4677 ad
1794 4631 1877 4695 quam

334 4841 356 4881 a
374 4826 450 4881 sues
472 4824 573 4881 uerri.
603 4809 647 4885 tt·
668 4835 796 4918 unmp
820 4836 891 4889 um
915 4836 978 4917 apt
1005 4835 1067 4890 aar
1510 4836 1602 4889 :nun
1618 4837 1651 4887 ru
1671 4812 1762 4918 iupa
1779 4840 1817 4891 ur
1833 4834 1878 4889 nu

299 4942 351 4991 nn
364 4917 403 4994 ab
422 4943 450 4993 n
468 4916 536 4995 alc
555 4916 634 5000 stu
654 4918 694 5000 ir
711 4917 779 4997 alc
796 4943 849 4996 nu
861 4944 937 5025 repr
958 4942 1070 4997 ainau

299 5119 383 5179 cortus,
398 5117 450 5182 qula
469 5121 530 5168 retro
547 5116 651 5182 ignotum
666 5117 756 5183 quando
773 5131 841 5183 quem
860 5122 949 5171 constat
967 5132 1026 5183 use,
1041 5132 1070 5171 er
1117 5119 1176 5186 ipsis
1202 5132 1278 5170 rerum
1296 5118 1427 5184 primordiis
1449 5118 1585 5183 monuerit,
1610 5120 1749 5188 proindeqm
1774 5132 1877 5186 nummo

299 5191 344 5243 boc
366 5191 416 5258 ipsc
435 5197 525 5245 consul
544 5194 605 5258 quod
624 5207 738 5259 nunqnam
753 5193 822 5246 berit
837 5195 938 5259 ignotus,
953 5195 1004 5247 idco
1027 5209 1070 5248 nec
1117 5194 1186 5246 morit
1203 5194 1294 5259 ignotas
1312 5202 1379 5260 uque
1397 5195 1506 5247 lamias.
1530 5214 1541 5242 ι
1563 5194 1692 5261 Siquidem.
1709 5196 1815 5263 mrito
1833 5193 1878 5262 pri·

300 5267 408 5319 incanus.
427 5286 437 5313 r
453 5268 565 5320 Nimirum
579 5283 636 5335 quas
651 5270 674 5321 in
689 5284 731 5321 nos
747 5271 848 5322 rationes
858 5275 1023 5333 contractant,
1034 5286 1071 5321 rc-
1118 5269 1206 5321 nordio
1220 5283 1304 5332 reram,
1319 5269 1422 5323 conditu
1438 5284 1515 5323 earum
1530 5285 1582 5324 cum
1595 5272 1652 5337 ipsis
1665 5274 1748 5339 petitu
1759 5274 1878 5339 commu

300 5340 420 5407 torquebo,
435 5344 595 5409 mundumque
609 5344 737 5397 luculenter
757 5358 809 5396 com
827 5345 933 5397 dunusci
953 5345 1041 5398 cmseri
1056 5359 1071 5397 ι
1119 5349 1167 5406 esu
1181 5344 1238 5411 ipsis
1252 5345 1282 5397 ad
1295 5345 1339 5397 boc
1353 5344 1463 5412 probatis,
1475 5351 1500 5399 ut
1510 5347 1571 5399 Dens
1584 5354 1765 5414 caqnmcnctm.
1784 5348 1878 5401 nim

302 5416 368 5470 nobis
385 5417 456 5470 Deum
478 5432 555 5485 posse,
571 5418 695 5486 officiaque
714 5419 831 5486 caldoris
852 5420 969 5485 bomrari,
985 5420 1024 5488 qui
1041 5419 1071 5472 ab
1120 5421 1198 5472 debis
1211 5421 1275 5472 satis.
1291 5420 1323 5473 ll.
1338 5422 1368 5477 ll.

330 5596 339 5638 l
355 5594 406 5650 Cap.
421 5594 510 5639 rra-i
522 5595 574 5640 Gen.
589 5594 720 5651 1.-SCap.
733 5607 761 5639 ιι.
