3952 6170
333 314 392 374 366
836 300 1160 373 semiustulentur
1189 298 1416 375 mudeuurt.

372 492 625 547 recurrerentur
639 467 1106 552 insuperatorunbeooeare
1154 472 1258 531 uestra
1278 470 1438 547 potestate,
1454 462 1508 539 sed
1521 462 1615 537 etiam
1627 462 1653 522 si
1665 461 1805 535 nolumus
1818 462 1890 531 afficit
1917 474 1955 571 Q

369 565 605 649 propositionum
618 563 653 625 dc
660 562 770 645 srttrrrr'o
784 559 1026 642 cnutippeutr'bus.
1042 559 1074 625 E
1074 578 1106 621 na
1155 561 1238 640 quod
1257 565 1367 639 potest,
1392 559 1470 621 simut
1489 562 1535 625 eet
1556 555 1718 629 necessitas
1735 554 1887 631 mordet»
1915 559 1955 625 A„

373 659 406 721 in
419 659 481 731 Deo
497 677 577 729 ueros
590 675 660 725 esre,
681 655 713 717 in
731 674 759 725 se
777 673 828 715 rore
840 653 933 736 [uirus
947 671 998 717 ner
1013 671 1103 717 emor.
1154 672 1225 733 pure
1240 654 1453 733 plicuerunt
1465 649 1606 725 lilrertnte
1616 653 1742 729 pugnat.
1757 647 1849 721 Altero
1858 658 1891 711 cst
1911 647 1955 739 „g

1159 768 1175 807 n
1188 747 1359 811 mcundum
1371 762 1467 824 quum
1477 743 1607 817 dieiruus
1618 759 1739 811 neeesse
1747 746 1843 805 essem
1853 742 1893 803 liat

372 846 396 906 1.
413 842 601 907 Pcrdifficilis
613 844 624 865 '
637 860 673 905 ee
689 858 810 920 semper
830 844 876 909 cst
893 838 958 903 aba
976 836 1106 917 prestio
1155 838 1275 919 aliquid
1287 839 1337 902 rol
1349 838 1392 903 ite
1404 838 1469 913 fiat,
1485 841 1521 899 ut
1534 835 1560 899 si
1572 836 1711 901 dicaturus
1723 852 1893 901 nmcesceur

332 938 370 999 de
393 955 544 1015 consensu
563 936 675 999 diuinae
699 932 900 1014 praescientiae
924 948 996 1005 cupa
1008 930 1106 995 libem
1156 932 1491 1013 bcumscmpcrvtvccc
1499 934 1529 993 et
1536 933 1646 997 cuncta
1653 926 1894 1008 proescbeputpu

332 1035 420 1099 motu
434 1029 618 1103 voluntatis,
635 1047 670 1088 nc
683 1025 819 1091 multum
833 1025 971 1087 humana
984 1028 1105 1103 pertur-
1155 1024 1223 1087 lrrcc
1236 1026 1398 1089 necessitas
1410 1042 1475 1097 non
1501 1023 1581 1087 tollit
1601 1021 1783 1091 libertatem.
1804 1021 1894 1083 «Siurt

332 1123 418 1197 berit
442 1123 566 1202 ingenio
592 1140 656 1189 nen
682 1120 783 1193 solnm
810 1117 1027 1197 imperitorum
1054 1115 1108 1185 sen
1156 1136 1213 1179 nec
1226 1123 1359 1198 potestus
1372 1116 1439 1196 ejus
1459 1115 1620 1189 minuitur,
1636 1130 1708 1179 cunr
1722 1111 1894 1175 dicimrmon'

332 1216 426 1279 etiam
440 1215 699 1289 doctissimorum,
716 1228 851 1292 quorum
871 1208 1038 1277 uurrnullos
1051 1208 1108 1271 im·
1156 1209 1281 1289 fallique
1305 1228 1370 1273 non
1392 1226 1491 1289 posse.
1521 1207 1572 1270 Sic
1591 1206 1684 1273 etiam
1708 1222 1777 1273 utun
1793 1203 1894 1267 dicimus

332 1309 411 1389 pulit
436 1314 471 1369 ut
493 1307 544 1369 rcl
570 1304 796 1388 prescientiam
823 1322 859 1363 nc
879 1300 1108 1381 providentium
1156 1319 1279 1367 neeesse
1292 1320 1357 1371 esse
1380 1299 1665 1375 utsumrolurnns,
1679 1297 1776 1359 libem
1791 1295 1894 1361 suun

332 1402 487 1483 eriperent
500 1401 582 1475 lico,
598 1397 665 1473 rel,
688 1397 771 1479 qrmd
785 1415 850 1459 nou
864 1394 963 1455 multu
978 1398 1024 1461 cst
1036 1411 1106 1473 per-
1156 1394 1295 1471 arbitrie,
1318 1400 1349 1465 et
1370 1410 1480 1457 rerum
1503 1391 1611 1473 proerrl
1633 1389 1728 1453 dubio
1741 1388 1894 1459 dicimruct

332 1496 466 1569 tersius,
483 1493 547 1567 iuno
561 1509 635 1551 uero
650 1491 760 1565 codem
773 1487 882 1567 recidit
895 1487 991 1565 litque
1004 1485 1108 1555 exilio
1156 1505 1221 1551 non
1252 1487 1321 1563 ideo
1347 1487 1452 1567 ipsum
1472 1485 1606 1549 liberum
1633 1482 1794 1547 arbitrium
1817 1499 1894 1543 nme

332 1602 540 1665 consequeus,
583 1582 776 1649 divinitutcm
807 1597 934 1653 omnem
969 1578 1109 1641 firnditus
1156 1579 1238 1640 sitnti
1261 1580 1451 1659 subjicimus,
1476 1597 1546 1658 quie
1568 1577 1678 1641 adimit
1698 1575 1891 1639 libertatem.»

332 1682 493 1757 negarent.
513 1677 594 1745 Alam
609 1673 730 1751 subluto
752 1671 960 1753 prescientia,
986 1670 1108 1741 nullum
1158 1671 1231 1735 Huc
1244 1672 1435 1751 Augustinus
1444 1671 1576 1749 cujusin
1588 1669 1691 1735 verbis
1704 1666 1893 1735 nmesutssillr

327 1770 395 1849 jam
409 1788 474 1831 esse
488 1767 631 1837 cuncludi
645 1768 745 1843 ileum
757 1765 892 1839 affirmat
905 1764 1107 1843 Augustinus,
1158 1762 1291 1824 libertati
1307 1764 1460 1825 contraria
1480 1781 1544 1825 esse
1567 1766 1768 1829 monstrubit,
1791 1760 1893 1840 prend

332 1868 367 1937 ut
380 1863 469 1927 initio
484 1861 591 1941 capitis
612 1858 779 1940 superioris
797 1858 998 1929 ostendimus.
1014 1857 1108 1935 Atqui
1158 1874 1259 1917 unum
1270 1856 1387 1935 aliquid
1400 1855 1527 1918 definite
1541 1861 1587 1917 est
1598 1874 1634 1916 ee
1647 1853 1838 1915 determinate
1847 1857 1892 1912 tan

332 1954 357 2017 si
372 1957 454 2017 Deus
466 1955 571 2025 futura
586 1957 669 2017 certo
688 1951 834 2015 scitante
854 1967 949 2030 quum
963 1949 1057 2023 liunt,
1073 1967 1109 2010 eu
1158 1949 1278 2011 ratione
1285 1949 1439 2021 munitatis
1448 1948 1511 2013 sire
1521 1948 1690 2028 potestatis,
1698 1943 1892 2028 quumacbonis

331 2064 454 2110 neceam
477 2064 542 2109 esse
567 2044 691 2107 ridetur
712 2043 791 2109 tien.
815 2043 895 2115 Nam
912 2042 938 2103 si
961 2059 1026 2115 nou
1044 2058 1109 2103 csse
1157 2041 1264 2121 ipsius.
1281 2040 1330 2102 Sic
1339 2041 1492 2102 moriendi
1506 2037 1893 2120 necessitasejusmodiesnt

331 2138 437 2203 fierive
451 2142 599 2220 possunt,
615 2141 716 2217 potest
728 2135 804 2203 tnlsu
815 2153 880 2199 esse
895 2133 950 2197 Dei
963 2133 1106 2209 scicntiu;
1158 2152 1259 2217 neque
1273 2134 1354 2217 npori
1366 2133 1474 2197 uirens
1486 2151 1550 2197 nun
1566 2132 1672 2215 possit,
1692 2150 1789 2213 neque
1805 2128 1893 2193 nonni

332 2233 415 2311 quod
440 2250 506 2295 non
527 2231 633 2295 minus
660 2227 793 2307 impium
816 2233 862 2289 est
885 2226 985 2303 dicut,
1014 2244 1109 2304 ιιιιιιιιι
1157 2227 1338 2299 moriturum.
1367 2227 1447 2293 Num
1468 2231 1499 2291 et
1519 2243 1626 2289 carmus
1652 2221 1791 2303 hebetia
1806 2238 1891 2287 semo

332 2323 462 2389 omnino
477 2323 600 2387 nullrrm
613 2338 679 2393 esse
692 2322 803 2397 Deum.
1157 2319 1258 2389 ricudi
1276 2320 1471 2397 necessarias,
1499 2323 1531 2397 et
1548 2317 1650 2397 reipsa
1673 2314 1827 2395 aliquunde
1843 2331 1891 2375 mo

372 2416 459 2491 Hune
487 2412 731 2491 ¹controversiam
756 2412 837 2481 benc
872 2409 963 2475 multi
990 2414 1110 2479 ueteres
1157 2411 1267 2477 rietur.
1284 2412 1323 2477 At
1338 2411 1456 2487 estella
1474 2409 1724 2489 necessitasque
1737 2408 1770 2469 iu
1782 2404 1892 2481 benet

332 2510 570 2587 pertractarunt,
585 2524 649 2565 non
661 2504 763 2565 solum
772 2502 941 2578 christiani,
952 2501 1006 2563 sed
1015 2502 1109 2565 etium
1158 2504 1224 2587 ipso
1237 2509 1268 2567 et
1277 2504 1415 2583 potentia
1424 2509 1470 2565 cst
1484 2502 1624 2569 absoluta
1633 2507 1666 2565 et
1675 2520 1738 2573 unu
1751 2499 1840 2579 mque
1850 2499 1891 2573 ,cir

333 2598 458 2659 ethnici.
475 2599 576 2676 Atque
604 2602 640 2657 ut
665 2596 704 2656 ab
729 2595 789 2655 illis
813 2594 927 2667 ordiar,
943 2594 1109 2659 inseiilam
1158 2598 1354 2675 cumscriptu,
1370 2596 1403 2656 in
1416 2595 1535 2657 actione
1557 2614 1630 2656 vero
1646 2590 1893 2667 minimedeterp'r
1954 2650 1955 2677 ἶ

333 2690 496 2771 explicarit
515 2689 707 2769 Augustinus
730 2705 801 2749 oum
823 2686 969 2751 aduersus
992 2687 1110 2753 Cicero·
1157 2694 1240 2751 nutu.
1253 2689 1294 2749 Ut
1315 2707 1439 2753 neeesse
1457 2694 1503 2749 est
1525 2688 1647 2750 homiui
1670 2686 1818 2759 rohrntale
1836 2681 1892 2749 velle
1954 2680 1955 2721 ³

332 2801 406 2845 nem
421 2781 600 2861 Stoicosquc
614 2778 781 2861 disputat¹.
803 2780 896 2858 Cujus
913 2780 1015 2841 omnis
1028 2780 1108 2841 ratio
1157 2780 1206 2841 rcl
1220 2780 1313 2851 nolle,
1334 2782 1407 2861 quia
1427 2780 1576 2843 nummulis
1590 2786 1620 2841 et
1641 2781 1734 2845 insila
1746 2773 1891 2843 usuam

331 2877 395 2945 dure
409 2876 449 2941 ud
472 2874 572 2954 cupite
585 2874 723 2939 reuocari
737 2877 847 2953 petest.
870 2873 1010 2945 Primum
1022 2873 1108 2943 cuim
1156 2873 1225 2950 isto,
1254 2892 1321 2941 non
1341 2880 1388 2937 cst
1412 2880 1518 2936 tamen
1545 2873 1671 2935 volendi
1696 2872 1771 2937 aetio
1790 2865 1890 2950 ipsarel

332 2968 542 3034 necessitatem
570 2984 697 3043 omnent
713 2971 807 3046 neget
835 2965 969 3041 libertati
996 2965 1107 3039 vohun·
1158 2965 1285 3033 uolendi
1305 2967 1485 3045 necessaris.
1508 2967 1598 3043 Qupd
1612 2966 1753 3045 Pelagius
1765 2960 1835 3045 aprrd
1845 2962 1889 3023 m·

163 3083 308 3131 rauranum
332 3060 603 3141 tutispbstarc.Est
617 3060 702 3121 enim
713 3059 811 3123 alteru
828 3077 923 3138 epure
937 3076 1003 3125 nnn
1016 3055 1108 3121 estin
1156 3058 1317 3139 grusduunt
1335 3059 1378 3135 ita
1405 3058 1616 3140 concipiebat:
1643 3057 1734 3123 Poste
1752 3056 1780 3121 in
1801 3059 1888 3121 numu

174 3139 255 3184 diviua
273 3146 294 3183 ot

366 3315 445 3366 ‘llaec
458 3312 578 3365 difficultas
596 3316 714 3378 tantopere
728 3311 850 3364 commorit
863 3325 902 3363 eus
916 3310 1001 3363 scholar
1021 3309 1107 3362 ttreolu·
1155 3309 1240 3377 cipitia.
1257 3310 1414 3364 succumbunt
1426 3311 1486 3363 enim
1496 3308 1888 3380 numerumnunerum
1953 3318 1954 3375 t

333 3404 386 3455 gos,
400 3403 458 3455 quos
480 3388 557 3440 dicere
575 3388 712 3439 nominales
730 3386 839 3445 solemus,
857 3386 1012 3438 uidebamus
1030 3385 1065 3454 (ln
1085 3385 1104 3437 1.
1155 3386 1273 3438 doctorum
1296 3384 1380 3445 auritio
1399 3402 1506 3454 superare
1521 3388 1656 3454 potuissent.
1671 3386 1726 3441 ltec
1741 3395 1806 3441 autor
1822 3380 1890 3454 pd-

333 3464 386 3516 dtst.
411 3463 532 3515 tulitin.
560 3476 585 3528 q.
615 3460 689 3528 unic.)
712 3461 802 3513 Gabdcl
825 3461 873 3515 Bicl
900 3461 967 3528 (lbid.
994 3474 1016 3525 q.
1042 3460 1104 3512 nuto.
1154 3460 1245 3515 nimbus
1268 3467 1291 3513 et
1311 3463 1401 3527 ignum
1422 3462 1591 3530 vituperabitur
1610 3463 1656 3515 orit
1672 3465 1734 3518 ursa
1751 3464 1888 3525 mouens

333 3544 380 3590 art.
401 3537 448 3604 2.),
464 3536 586 3602 Gregorius
607 3532 756 3588 Ariminensis
775 3536 843 3603 (ibid.
867 3551 890 3602 q.
911 3548 939 3588 ιι.
962 3540 1005 3586 ιιι.
1030 3534 1067 3602 2.)
1084 3541 1108 3587 et
1154 3541 1242 3593 nature
1256 3537 1342 3595 lumine
1356 3538 1546 3602 demorstruntur.
1559 3541 1620 3593 sicu
1636 3538 1796 3595 eudemitsiut
1811 3535 1889 3604 ruebit

333 3612 447 3665 mamlius
464 3611 501 3680 (P.
524 3613 543 3662 1.
561 3626 584 3676 q.
600 3610 655 3678 ιιι.)
672 3611 806 3663 eonlrmare
826 3625 872 3664 uon
886 3610 1045 3673 dubitaverint,
1060 3611 1107 3661 im·
1156 3612 1231 3669 diviua
1256 3613 1397 3685 prescientia
1414 3614 1577 3679 futurorumet
1595 3614 1708 3677 libertatis
1720 3612 1888 3679 inditnentjrp-

333 3689 434 3755 peruium
448 3687 491 3739 sibi
506 3687 597 3738 modum
607 3700 666 3748 csse,
681 3700 726 3752 qno
742 3687 818 3738 divina
830 3687 974 3753 prescientia
987 3691 1107 3752 creabunt
1156 3690 1204 3738 tens
1223 3688 1310 3754 operari
1325 3694 1348 3739 et
1360 3703 1405 3741 non
1419 3680 1549 3757 operans»
1575 3691 1605 3741 lll
1630 3710 1642 3737 a
1664 3688 1729 3744 Circa
1748 3683 1888 3761 mprtnrtppit

333 3764 425 3815 libertas
439 3768 516 3815 mutuo
536 3762 693 3815 masilientnr.
715 3763 822 3814 Proiecto
840 3763 861 3814 st
879 3777 943 3814 mens
963 3761 1028 3814 nobis
1049 3766 1109 3814 esset
1156 3762 1261 3829 mysteria
1271 3764 1397 3827 tunam,
1413 3765 1585 3828 lucernalibus,
1604 3766 1781 3821 Eucharistiae
1792 3760 1821 3815 ut
1830 3754 1889 3815 ἐπὶ

333 3853 423 3893 omnem
435 3840 525 3905 penum
546 3838 700 3891 dmentutem
717 3838 818 3899 utem,
842 3843 888 3891 tum
911 3838 943 3889 rei
966 3837 1038 3904 ipsius
1055 3838 1107 3901 eri·
1155 3839 1297 3905 ροιίιιὶιιιιιι
1307 3840 1403 3906 erigitur
1416 3840 1440 3893 lu
1454 3840 1574 3909 Scriptura
1586 3842 1726 3895 etPatribm
1739 3838 1888 3903 homiuum
1952 3876 1953 3889 ,

333 3915 426 3978 dentiae,
442 3914 600 3989 communique
619 3913 784 3979 sternamur,
798 3922 847 3969 tum
862 3914 1002 3983 pcrsrrssioui
1018 3927 1107 3979 quoque
1156 3916 1405 3981 supersistentiam
1416 3917 1442 3971 itt
1454 3917 1590 3984 manum
1602 3918 1666 3971 aas.
1683 3918 1736 3971 tim
1754 3917 1814 3983 tgbu
1825 3906 1889 3965 ruth
1952 3898 1953 3947 i

333 3995 417 4042 nostre
440 4004 485 4043 nou
509 3987 621 4040 levissime
648 3989 826 4041 adversaremur.
852 3988 1010 4040 Difficultntonr
1038 3989 1107 4054 igitur
1156 3990 1229 4061 priprp
1243 3993 1324 4057 pedu.
1340 3992 1397 4049 Nam
1411 3993 1434 4047 iu
1448 3994 1633 4061 secundossndu
1653 4000 1708 4055 snat
1727 3987 1889 4053 mmlullti'r

333 4065 437 4126 latemur,
452 4065 491 4116 scd
506 4079 551 4116 non
565 4064 741 4130 ejusmodique
756 4079 834 4116 omues
853 4064 979 4130 explicandi
995 4064 1047 4116 nodi
1067 4079 1107 4115 ra·
1155 4066 1215 4118 dicia
1235 4066 1298 4119 circa
1318 4068 1537 4139 praedestinationem
1555 4074 1578 4123 ct
1592 4070 1769 4137 reprobationem
1783 4073 1802 4121 at
1819 4063 1888 4117 litu!

332 4140 406 4193 tiones
427 4140 562 4207 praeludat,
586 4155 681 4206 queque
698 4138 785 4191 nullum
806 4138 852 4191 inci
876 4141 962 4191 aditum
983 4139 1104 4213 permittat.
1155 4141 1371 4195 administrationem
1386 4144 1493 4196 universi.
1510 4146 1535 4196 ln
1549 4146 1614 4198 tertio
1635 4146 1707 4213 gradu
1725 4142 1888 4207 remitteret*

334 4216 475 4283 Quapropter
487 4216 547 4267 ultro
566 4216 733 4282 patrocinemur
747 4215 832 4268 llidnco
846 4216 913 4276 Rutu,
929 4215 1034 4279 theologo
1053 4230 1107 4268 sane
1155 4229 1233 4270 summ
1246 4217 1353 4270 attnbnta
1371 4218 1411 4271 lici
1427 4219 1522 4271 naturali
1536 4221 1621 4273 lumine
1639 4228 1701 4285 nota,
1717 4220 1743 4274 de
1755 4217 1825 4287 qaus
1835 4220 1887 4267 law

333 4292 421 4363 madito
437 4305 466 4345 ac
483 4291 595 4359 prodenti.
610 4291 649 4357 uui
667 4306 695 4345 er
709 4291 788 4355 ordine
808 4291 852 4358 (br
871 4292 975 4345 ruentia
993 4292 1038 4345 Det
1055 4291 1107 4342 dis·
1155 4307 1200 4347 nun
1228 4298 1302 4360 polest
1323 4295 1423 4353 anobis
1443 4295 1539 4349 muneri
1561 4297 1663 4363 capua
1684 4290 1887 4363 raldepuspltttt¹

334 4372 382 4434 put.
404 4381 454 4421 xrs.
479 4372 535 4419 sert.
552 4365 592 4434 ιι.)
607 4366 685 4419 statuit
704 4384 710 4416 ι
728 4367 738 4418 l
759 4385 768 4413 ι
784 4366 892 4429 Quamvis
901 4381 945 4419 non
955 4371 1031 4419 uractc
1041 4372 1107 4432 atque
1156 4374 1242 4421 euseb.
1259 4369 1377 4431 Quomodo
1391 4371 1454 4424 cirea
1467 4372 1565 4425 dianam
1575 4374 1887 4431 ιιίιιιιὶιιιιιἕιιιιιιίιιιιιιιιὶιῑΙ

335 4443 433 4508 periente
455 4442 514 4494 sicut
533 4441 556 4491 in
570 4441 642 4509 patria
654 4456 702 4568 per
724 4441 809 4494 claram
830 4441 948 4503 visionem,
968 4443 1014 4493 inro
1034 4455 1107 4515 neque
1156 4446 1199 4496 cu't
1213 4446 1237 4499 in
1251 4446 1294 4498 hae
1308 4447 1353 4498 rita
1366 4447 1467 4511 difficile,
1486 4450 1600 4515 quomodo
1614 4465 1708 4505 maneus
1720 4450 1791 4502 eden
1809 4444 1887 4497 lm*

333 4522 396 4567 tanta
409 4514 519 4579 claritate,
535 4521 640 4582 quantam
670 4517 830 4583 eqnibnsdam
845 4517 975 4568 veritatibus
990 4517 1108 4569 interiori·
1155 4502 1230 4571 bititer
1244 4518 1340 4573 essentia
1353 4522 1437 4587 dirina,
1453 4525 1550 4590 potuerit
1569 4539 1619 4578 esse
1632 4516 1727 4583 scientia
1743 4513 1886 4587 ultennsmfi
1951 4540 1952 4591 j

334 4591 378 4643 bns
390 4607 419 4644 ac
439 4590 583 4644 sensibilibus
599 4593 723 4654 halremus;
739 4592 886 4645 nibilominus
899 4600 1006 4659 qrrontunr
1024 4593 1108 4644 suflicit
1156 4596 1304 4662 producendi,
1320 4598 1379 4649 sicut
1398 4600 1465 4651 modo
1480 4605 1514 4652 est
1532 4602 1627 4654 scientia
1639 4601 1706 4667 liujus
1725 4596 1795 4653 mundi
1808 4614 1813 4647 t
1828 4594 1886 4659 titt·

335 4672 362 4719 ut
373 4667 474 4732 placcat
486 4671 509 4718 et
520 4667 564 4721 sibi
577 4669 701 4721 utstatim
717 4670 806 4721 animm
819 4669 919 4734 tbculopi
940 4669 978 4734 qni
992 4668 1055 4721 nont
1066 4682 1106 4719 sa-
1155 4671 1224 4722 tnerit
1248 4686 1299 4724 esse
1324 4674 1419 4726 selentia
1446 4674 1510 4727 lude
1531 4676 1693 4743 predestinati,
1719 4677 1774 4729 sicu
1794 4670 1848 4724 uodo
1863 4670 1887 4716 ⁵¹

334 4755 389 4809 pere
401 4741 431 4794 ad
452 4741 605 4808 uouentem,
620 4758 741 4811 mannus
753 4745 777 4799 iu
801 4744 844 4799 trae
859 4745 904 4797 utta
923 4748 1040 4811 penetrare
1057 4743 1107 4794 dis-
1155 4747 1250 4799 utura
1267 4748 1332 4804 tuta
1355 4750 1492 4817 reprobati:
1511 4754 1626 4819 monada
1644 4752 1801 4821 supremus
1815 4742 1887 4799 Μ

335 4817 403 4870 cumn
417 4824 439 4869 et
454 4816 527 4868 uerbis
541 4832 652 4883 erponem
666 4820 813 4885 modumque
828 4821 887 4889 Deus
901 4826 963 4872 certo
977 4818 1106 4886 prescitab
1155 4823 1223 4875 sinum
1245 4823 1276 4891 sit
1293 4826 1394 4891 cognitio
1408 4833 1432 4879 et
1447 4842 1511 4882 amer
1524 4829 1561 4880 sui
1578 4831 1712 4883 montium
1730 4828 1813 4883 edom
1828 4816 1886 4873 ω

336 4898 419 4944 eterno
433 4892 516 4956 tuturo,
532 4893 585 4944 licet
602 4894 641 4945 illa
660 4895 747 4959 possint
766 4910 810 4946 nnn
828 4910 877 4946 csse
892 4899 983 4961 propter
997 4894 1107 4946 libertatis
1156 4898 1215 4950 minc
1230 4899 1390 4965 differentium.
1409 4922 1419 4950 ι
1436 4903 1554 4957 Postremo
1576 4904 1605 4958 lll
1619 4924 1630 4954 ι
1645 4906 1761 4959 tardiores
1779 4893 1885 4966 rugant

335 4966 518 5030 indifferentium,
547 4981 614 5032 quarn
644 4967 787 5034 praescientia
818 4975 892 5021 serrat
917 4970 1020 5021 illesam.
1046 4989 1056 5016 ι
1086 4968 1107 5020 ll
1155 4968 1263 5027 illitterati
1273 4977 1366 5029 credere
1380 4976 1462 5030 debent
1474 4980 1529 5032 licet
1538 4995 1584 5033 uon
1593 4982 1727 5048 intelligant,
1737 4972 1884 5032 ostiumst!lui

338 5043 481 5109 «Tanarum
501 5042 627 5109 perniciosa
641 5058 764 5109 parumque
777 5048 825 5096 tota
838 5046 888 5096 Adri
899 5045 1042 5109 dogmatibus
1058 5048 1106 5099 cri·
1155 5054 1178 5101 ct
1190 5050 1282 5103 litterati
1301 5053 1406 5105 doctores
1422 5068 1513 5107 serrare
1533 5061 1638 5109 tenentur
1652 5057 1719 5110 ammi
1736 5048 1884 5123 praprrtfiw

336 5117 379 5168 rau
392 5117 458 5171 debet
470 5118 509 5171 itta
522 5118 592 5175 nimia
604 5119 710 5173 omisso
723 5120 793 5175 animi
807 5120 843 5175 rol
857 5121 931 5186 potins
945 5122 1045 5189 ignaria,
1055 5137 1106 5189 uua
1154 5130 1181 5177 rrt
1198 5127 1316 5178 crederent
1337 5128 1392 5180 ticet
1412 5143 1457 5182 nou
1478 5131 1643 5198 intelligerem
1659 5132 1794 5185 ιιιίιῦιιιιῑιιι
1808 5120 1884 5175 Μ’

337 5192 452 5243 modetia
465 5193 641 5261 humilitatisque
651 5200 758 5261 pretextu
767 5195 826 5257 tattit
837 5196 926 5263 aliquus
940 5198 1067 5263 mentones,
1083 5203 1107 5250 et
1154 5201 1252 5265 partor
1267 5207 1393 5257 etstrcnm
1412 5220 1465 5259 cunr
1488 5207 1529 5260 lici
1540 5208 1626 5262 analio
1638 5208 1738 5263 taboram
1756 5194 1885 5275 ΝΜ
1950 5222 1951 5245 ²

337 5279 377 5317 cos
389 5267 530 5333 potissimum
543 5271 623 5335 quibus
632 5270 707 5322 minus
716 5272 790 5338 placet
802 5272 864 5336 regia
875 5270 913 5323 'rin
926 5273 1027 5325 devians
1041 5288 1106 5340 pre·
1154 5278 1222 5331 rnodo
1235 5278 1340 5345 supuius
1352 5279 1471 5348 erpbcalo.
1490 5301 1501 5330 ι
1516 5283 1548 5341 E.
1563 5285 1594 5338 li.

366 5491 375 5534 l
389 5490 438 5535 tub.
447 5490 472 5535 t.
485 5491 511 5537 de
522 5492 586 5538 civit.
598 5494 645 5547 eat,
657 5507 705 5550 cup
716 5508 744 5538 rr.
757 5503 779 5540 et
790 5508 809 5539 u.
818 5497 865 5539 -2
879 5495 925 5540 tit.
937 5497 959 5540 l'.
972 5498 998 5557 rie
1011 5497 1073 5544 civit.
1086 5500 1133 5551 bct,
1146 5513 1194 5559 onp.
1208 5514 1228 5547 x.
