3952 6170
347 322 493 383 onouo
513 318 1023 398 inconsummatum,
1045 321 1118 382 nie.
1141 322 1197 399 ιιι,
1220 322 1303 384 aar.
1326 323 1364 384 ιι.
1592 329 1648 388 νει

71 488 283 553 n'nminterior
302 485 478 568 superficies
492 485 572 546 vasis
584 484 764 564 hujusmodi
785 490 831 545 ast
879 485 959 547 Deus
980 485 1057 547 citra
1078 486 1176 548 ullam
1201 496 1285 568 σχέσιν
1305 492 1360 548 aut
1384 486 1586 551 habitudinem
1611 491 1652 552 ad

71 582 199 645 ambiens
210 586 241 642 et
261 579 506 641 circumcludens
527 578 627 657 ipsam
645 595 759 656 equom
781 577 831 637 vel
878 581 993 659 locum.
1005 581 1053 641 Ad
1064 581 1150 641 hunc
1161 580 1291 640 modum
1302 580 1431 660 perinde
1440 587 1486 642 est
1496 581 1652 663 habetque

71 676 188 749 sinum,
219 672 454 734 intolerabiliter
487 671 619 732 absurde
654 670 831 749 intelligunt
879 692 912 734 se
935 675 1027 748 Deus,
1049 691 1121 734 cum
1143 673 1177 733 in
1197 673 1316 733 mundo
1332 691 1397 734 esse
1419 673 1531 734 dicitur
1554 674 1602 736 vel
1617 676 1651 735 in

70 774 228 831 creatorem
253 785 319 828 esse
346 767 381 827 in
411 765 540 826 mundo.
565 764 608 824 De
632 763 719 823 nulla
746 764 831 824 enim
880 766 946 845 ipso
969 765 1072 846 potius
1094 765 1241 839 mundus,
1262 771 1355 844 atque
1372 766 1407 826 in
1427 765 1549 827 infinita
1567 774 1651 829 retro

69 861 227 923 substantia
244 858 396 940 spirituali
409 857 527 918 nedum
552 856 591 916 de
613 860 750 916 creatore
772 856 832 917 hoc
880 858 1050 918 aeternitate
1070 857 1179 918 habuit
1196 875 1268 918 curn
1288 857 1322 918 in
1345 858 1432 919 nullo
1456 859 1517 919 alio
1540 860 1594 922 sed
1616 862 1651 921 in

70 954 194 1033 cogitare
205 953 250 1014 ias
265 957 323 1013 est.
338 950 497 1030 Sapientes
511 954 614 1009 autem
633 953 663 1010 et
677 950 831 1028 praecipue
880 951 980 1029 scipso
998 949 1082 1011 soltus
1096 951 1248 1010 existeret.

69 1047 200 1109 tooure
217 1045 318 1125 gentis
339 1043 578 1105 martanorum
603 1041 705 1120 potius
724 1040 832 1104 dicum
920 1044 985 1103 Vll.
1009 1045 1165 1103 Postremo
1189 1043 1228 1103 de
1247 1042 1350 1102 vacuis
1370 1043 1430 1104 illis
1453 1049 1484 1104 et
1507 1044 1652 1107 inanibus

69 1139 224 1200 dicendum
245 1156 328 1213 esse,
356 1135 510 1197 mundum
533 1151 598 1195 esse
627 1134 661 1193 in
694 1139 831 1195 creatore
880 1141 967 1196 extra
987 1136 1141 1195 mundum
1168 1134 1272 1214 spatiis
1294 1153 1394 1195 unum
1418 1136 1478 1197 hoc
1502 1137 1652 1200 adnotare

69 1249 157 1311 quam
169 1228 380 1292 mentoremin
394 1227 523 1299 mundo,
533 1230 565 1287 et
577 1231 747 1286 creatorem
761 1246 831 1288 oon·
879 1228 1035 1304 volumus,
1053 1227 1175 1287 tametsi
1189 1244 1225 1287 ea
1247 1244 1374 1306 negasse
1391 1228 1514 1289 videtur
1533 1228 1650 1291 Aristo

69 1324 161 1385 tinere
177 1323 331 1384 mundum
347 1339 442 1401 quum
455 1323 626 1380 mentorem
649 1318 831 1380 contineris
878 1321 1031 1396 teles‚hac
1041 1325 1147 1380 tamen
1157 1320 1195 1379 de
1207 1337 1298 1379 causa
1304 1337 1431 1399 negasse
1437 1339 1507 1399 quse
1517 1322 1653 1384 christia-

69 1417 189 1477 mundo.
207 1416 244 1476 In
260 1415 321 1476 hoc
341 1433 415 1476 vero
436 1411 519 1493 quod
533 1410 642 1471 dicunt
661 1416 830 1473 creatorem
880 1415 929 1474 nis
950 1413 1129 1474 hominibus
1149 1412 1333 1492 persuadere
1356 1414 1451 1492 possit
1470 1414 1578 1493 negari
1591 1416 1650 1476 mi-

69 1508 141 1569 nihil
153 1509 198 1569 sui
216 1508 332 1568 habere
353 1512 439 1567 extra
458 1503 625 1579 mundum,
642 1521 707 1563 non
720 1521 830 1564 verum
880 1505 1251 1585 nimedebuisse.erippe
1262 1522 1395 1565 vacuum
1406 1504 1519 1565 idcirco
1528 1508 1652 1585 negavit

69 1601 161 1662 dicere
185 1601 340 1676 ridentur,
366 1617 439 1660 aum
465 1602 553 1658 extra
578 1612 830 1676 unamquamque
879 1600 963 1678 quod
984 1604 1071 1660 extre
1086 1598 1199 1681 eaelum
1219 1615 1284 1658 esse
1301 1598 1424 1657 nullum
1437 1603 1544 1677 postes
1561 1600 1653 1680 scrip

69 1699 180 1774 partem
197 1694 308 1754 mundi
327 1711 359 1753 se
382 1697 484 1753 totum
505 1687 628 1749 habeat.
654 1689 724 1748 Non
746 1691 830 1750 enim
879 1691 919 1752 sit
933 1689 956 1767 ¹,
977 1692 1052 1771 quia
1078 1706 1239 1750 «vacuum
1263 1694 1309 1750 est
1329 1690 1363 1750 in
1382 1708 1445 1769 quo
1464 1691 1587 1752 nullum
1607 1698 1653 1753 est

69 1790 112 1846 esi
125 1786 157 1846 in
171 1786 248 1847 cmlo
266 1791 389 1866 partem
406 1784 542 1863 aliquam
565 1780 726 1860 designare
744 1788 832 1843 exue
879 1803 1002 1864 corpus,
1017 1784 1071 1844 sed
1086 1801 1150 1844 esse
1160 1780 1291 1862 potestl.
1306 1780 1321 1840 u
1336 1783 1437 1856 Quare
1451 1801 1523 1843 cum
1537 1790 1650 1863 praeter

69 1897 157 1958 quam
167 1896 198 1940 se
206 1884 308 1940 totum
321 1882 440 1939 mentor
459 1893 524 1935 non
537 1872 659 1935 habeat.
682 1874 831 1947 Quemad·
879 1878 1034 1937 mundum
1048 1876 1220 1954 mundique
1230 1879 1331 1954 partes
1342 1880 1373 1935 et
1382 1893 1452 1955 quse
1462 1894 1501 1936 ex
1511 1876 1571 1936 illis
1581 1895 1653 1937 con-

69 1972 189 2032 modum
201 1971 286 2032 enim
299 1972 333 2031 in
347 1989 412 2031 una
428 1973 516 2049 parte
532 1966 600 2025 ooeli
613 1970 669 2040 est,
690 1967 733 2027 sic
753 1973 785 2027 et
796 1966 831 2028 in
880 1974 971 2045 stent,
995 1968 1119 2029 nullum
1136 1967 1270 2046 emplius
1292 1972 1416 2046 putaret
1434 1986 1522 2047 posse
1540 1987 1652 2048 corpus

69 2062 196 2142 qualibet
206 2064 278 2139 alia,
289 2068 348 2124 eto.
880 2080 956 2137 esse,
971 2062 1109 2140 adeoque
1123 2065 1210 2120 extra
1228 2059 1395 2134 mundum,
1409 2066 1652 2122 consentaneum

8 2180 23 2221 ιι
104 2156 152 2215 vl.
162 2156 209 2217 ld
217 2172 375 2216 summam
384 2155 483 2215 Deum
493 2159 579 2213 exue
587 2152 742 2213 mundum
752 2169 828 2229 esse,
880 2159 946 2215 erat
954 2159 990 2215 ut
1000 2151 1302 2233 quodreipsadocuit
1311 2151 1517 2227 concluderet,
1529 2154 1653 2215 nullum

5 2320 7 2329 y
69 2247 140 2309 nihil
149 2254 194 2309 est
206 2248 291 2309 aliud
301 2264 396 2327 quam
407 2263 472 2306 non
490 2245 613 2306 definiri
629 2244 696 2323 ejus
711 2245 831 2306 ambitu
880 2254 967 2309 extra
980 2247 1134 2309 mundum
1151 2263 1284 2306 vacuum
1298 2245 1474 2306 consistere.
1490 2245 1653 2308 Christiani

70 2340 215 2420 quomodo
227 2340 356 2419 angelus
372 2344 457 2399 certo
477 2337 531 2400 illo
544 2337 578 2396 in
599 2355 662 2416 quo
685 2342 731 2397 est
749 2336 828 2415 loco,
879 2358 954 2401 vero
967 2340 1023 2419 qui
1040 2345 1127 2401 extra
1144 2340 1300 2400 mundum
1321 2338 1562 2399 innumerabilia
1583 2359 1654 2419 pro·

70 2433 224 2493 selaninra
236 2438 344 2493 nostro
364 2448 504 2509 corpore,
526 2447 629 2508 neque
646 2428 690 2489 sie
710 2429 753 2489 ibi
766 2448 831 2491 esse
880 2433 989 2493 ducis
1009 2434 1071 2504 Deo
1091 2450 1179 2511 posse
1202 2449 1331 2510 corpora
1349 2450 1414 2491 non
1433 2431 1586 2509 dubitant,
1603 2452 1654 2494 va·

71 2526 235 2605 otperinde
256 2525 376 2587 nonsit
395 2528 483 2583 extra
503 2522 628 2596 coelum,
648 2540 712 2581 non
730 2522 831 2583 ullum
881 2543 975 2586 cuum
990 2525 1053 2585 illio
1069 2542 1134 2585 esse
1153 2524 1293 2584 confiteri
1314 2523 1438 2599 debent,
1452 2524 1477 2584 si
1491 2543 1564 2585 uere
1575 2524 1652 2586 defi·

70 2618 104 2677 sit
118 2618 177 2678 illic
199 2618 344 2697 spatium,
370 2617 429 2676 hoc
448 2620 494 2676 est
514 2615 600 2675 locus
622 2613 715 2674 ullus.
739 2615 831 2675 Recte
881 2620 982 2678 nitum
1015 2623 1061 2679 est
1085 2616 1124 2676 ab
1155 2615 1317 2677 Aristotele
1347 2634 1490 2677 vacuum.
1520 2618 1563 2677 De
1590 2636 1652 2697 quo

71 2711 144 2771 enim
158 2711 246 2771 Philo
260 2711 388 2771 Judaeus
405 2708 548 2768 observat
573 2707 701 2766 «Deum
716 2706 831 2787 ubique
881 2711 1014 2790 amplius
1025 2710 1195 2770 imitatores
1208 2709 1378 2771 Aristotelis
1389 2710 1564 2789 philosophi
1574 2712 1654 2791 cogi-

71 2822 127 2865 esse
139 2822 174 2864 ae
191 2821 357 2882 nusquam.
378 2802 549 2880 Nusquam,
567 2798 717 2879 quoniam
733 2801 832 2878 regio
880 2803 1002 2864 tabum.

72 2914 136 2957 nem
147 2916 184 2957 ac
197 2897 303 2956 locum
317 2896 382 2975 ipse
399 2912 472 2955 cum
486 2891 667 2972 corporibus
682 2910 744 2951 una
763 2911 833 2971 pro
921 2895 1086 2974 Gregorius
1102 2893 1228 2973 quidem
1248 2894 1405 2972 Nyssenus
1423 2893 1456 2952 in
1470 2893 1653 2954 duodecimo

71 2988 158 3049 drmit.
175 2990 211 3049 ld
230 2994 335 3049 eutem
352 2986 437 3066 quod
457 2985 538 3061 fecit,
563 2984 597 3045 in
617 2984 704 3044 nullo
722 3001 832 3045 eorum
881 2988 960 3049 libro
970 2989 1117 3049 adversus
1128 2985 1470 3055 Eunomium‚vacuum
1483 2985 1560 3045 illud
1567 2990 1655 3045 extra

72 3099 131 3160 qna
144 3081 223 3141 iacta
234 3085 306 3141 sunt
317 3077 522 3140 continentes
536 3080 581 3137 est
590 3076 700 3137 dicere.
713 3076 832 3156 Ubique
881 3081 995 3142 coelum
1018 3080 1153 3160 spatium
1177 3077 1341 3156 impugnet
1363 3076 1462 3154 megis
1487 3082 1524 3136 ut
1547 3095 1654 3138 rernm

71 3191 145 3249 νοιο,
157 3172 475 3253 quoniamviressuas
487 3188 543 3249 per
553 3173 708 3229 terramet
718 3187 832 3247 aquam
881 3172 1149 3253 percipiendarum
1165 3169 1344 3231 difficultate
1360 3169 1571 3229 Eunomiauos
1586 3188 1655 3248 per-

72 3271 205 3327 etaerem
220 3285 256 3326 ac
270 3264 382 3326 ooelum
394 3263 581 3337 diffundens,
593 3261 713 3321 nullam
724 3262 833 3322 mundi
881 3267 958 3327 fecte
978 3284 1010 3326 se
1037 3266 1135 3326 Deum
1157 3279 1248 3323 nosse
1266 3261 1418 3340 jactantes
1446 3261 1652 3339 convinceret,

72 3364 178 3438 partem
197 3358 377 3420 destinatam
397 3355 602 3434 relinquit⁰.»
627 3354 707 3413 Deus
728 3353 832 3433 itaque
882 3376 978 3439 quam
991 3362 1027 3418 ut
1039 3357 1153 3417 falsum
1168 3353 1247 3415 illud
1264 3373 1300 3414 eo
1312 3352 1470 3434 praecipua
1486 3354 1655 3432 quastione

71 3457 226 3531 antequam
251 3450 355 3510 locum
382 3452 510 3522 crearet,
536 3446 571 3506 in
593 3445 660 3506 loeo
681 3462 745 3506 esse
768 3464 833 3506 non
882 3452 1014 3531 dignum
1027 3467 1091 3510 esse
1101 3443 1289 3527 J'udicaiet'.

72 3544 169 3621 potiit.
183 3544 305 3603 Verum
318 3546 354 3602 ut
371 3536 833 3600 beneGuillelmusPsrisiensis
921 3545 1037 3606 Auctor
1061 3540 1275 3603 commentarii
1305 3539 1339 3599 in
1369 3537 1573 3600 Hecaemeron
1602 3540 1656 3618 qui

71 3635 161 3698 inito
183 3653 281 3716 quem
307 3632 467 3695 abnuimus
491 3632 559 3692 loco
580 3631 741 3705 admonet,
769 3630 831 3690 duo
882 3635 1059 3697 Erntathius
1077 3634 1288 3695 Antiochenus
1308 3631 1495 3708 inscribitur,
1521 3653 1537 3689 a
1560 3649 1656 3712 supra

72 3735 133 3789 sunt
142 3728 306 3809 cogitanda
319 3725 353 3785 in
368 3724 423 3785 Dei
434 3723 640 3784 immensitate
652 3739 722 3800 quae
735 3721 832 3782 aciem
882 3730 996 3790 coelum
1006 3728 1049 3789 eit
1060 3745 1125 3788 esse
1138 3727 1247 3787 lumen
1259 3725 1343 3804 quod
1357 3723 1515 3785 obscurari
1527 3743 1592 3785 non
1603 3742 1657 3803 po

72 3828 171 3882 nostru
182 3820 298 3883 mentis
305 3818 454 3879 hebetant
460 3835 496 3877 ae
505 3815 688 3889 retundunt,
699 3814 832 3875 alterum
880 3828 951 3896 test,
965 3826 1070 3900 estque
1092 3818 1309 3897 incorruptum
1326 3821 1356 3876 et
1371 3822 1524 3877 aeternum
1541 3816 1575 3876 in
1593 3834 1656 3894 quo

72 3914 143 3992 quod
164 3914 297 3975 dicimus
321 3910 433 3991 (neque
457 3908 541 3969 enim
561 3906 651 3967 aliter
674 3905 759 3985 loqui
779 3912 834 3966 aut
882 3915 1000 3993 degunt
1017 3911 1119 3991 angeli
1131 3921 1154 3970 ⁰.
1175 3932 1190 3968 ο
1211 3908 1265 3969 Cui
1284 3908 1413 3969 succinit
1432 3914 1463 3969 et
1482 3908 1657 3969 llethodius

71 4004 232 4086 intelligere
259 4005 319 4064 ista
348 3998 531 4082 possumus)
567 4000 667 4060 Deum
700 4016 765 4059 esse
802 3998 833 4059 in
882 4006 1044 4088 presbyter
1064 4001 1372 4081 Hierosolymitanus,
1390 4000 1454 4060 sive
1476 4000 1656 4061 Timotheus

72 4098 187 4173 munde,
200 4097 337 4159 alterum
354 4094 437 4175 quod
452 4100 546 4154 totum
559 4090 671 4151 ibiubi
684 4095 740 4151 est.
753 4090 834 4151 Neu·
883 4099 1022 4160 oratione
1050 4096 1082 4157 in
1110 4094 1324 4175 Hypapanten.
1353 4093 1411 4166 Qui
1436 4097 1467 4152 et
1493 4092 1656 4153 beatorum

72 4194 145 4251 trum
163 4208 240 4252 vero
257 4187 384 4269 proprie
397 4187 437 4248 de
457 4187 521 4246 Deo
535 4184 658 4245 dioitrrr.
675 4182 834 4262 Siquidem
883 4209 955 4252 cum
968 4189 1087 4251 Christo
1103 4185 1302 4266 regnantium
1317 4185 1422 4246 sedem
1433 4183 1497 4245 illie
1511 4201 1586 4259 esse,
1600 4201 1655 4264 pe-

72 4299 128 4343 non
140 4283 239 4344 solum
260 4284 354 4356 Dans,
378 4279 433 4341 sed
454 4296 512 4338 uec
531 4277 656 4356 spiritus
669 4275 752 4337 ullus
764 4293 834 4354 pro
883 4283 973 4346 finde
986 4286 1022 4342 ut
1036 4280 1099 4357 ille,
1116 4278 1289 4341 confirmat.

74 4374 131 4454 pris
140 4374 283 4437 existitin
294 4390 423 4452 corpore
433 4371 487 4432 sed
496 4370 530 4430 in
539 4369 650 4449 seipso,
662 4366 834 4447 praesertim

104 4611 123 4651 a
138 4595 230 4661 Ptine,
253 4593 291 4651 de
316 4589 439 4666 Consus.
459 4591 532 4662 [ἕπῃ.
547 4590 588 4662 'Q
601 4592 729 4663 πανταχοῦ
743 4606 780 4652 τε,
795 4585 836 4640 καὶ
885 4584 977 4658 ἔρημον
993 4582 1143 4636 ἀπολέλοιπε
1157 4584 1201 4634 τοῦ
1215 4581 1319 4651 κόσμον.

75 4676 334 4752 νῦδαροῖιοοριὸέὸηκεν
351 4669 412 4728 εἶναι
428 4676 507 4747 ρόνῳ·
524 4672 634 4746 οὐδαμοῦ
661 4672 719 4744 μὲν,
744 4672 783 4725 ὅτι
796 4670 837 4723 καὶ
921 4669 1046 4723 hinist.
1064 4671 1131 4720 text.
1146 4663 1210 4719 lut).
1231 4659 1345 4715 latret
1373 4655 1435 4714 εἷναί
1448 4678 1533 4732 φασιν,
1549 4655 1655 4733 {vairpi

74 4763 149 4834 χώραν
159 4762 200 4816 ml
209 4765 286 4816 τόπον
301 4759 374 4822 αὐτὸς
387 4761 439 4821 τοῖς
452 4757 550 4829 σώμασι
564 4756 749 4829 συγγεγέννηκε·
766 4753 795 4808 rb
809 4752 835 4807 δὲ
883 4750 987 4824 ὑπάρχει
1001 4756 1084 4821 σῶμα,
1099 4747 1201 4801 δυνατὸν
1212 4745 1238 4799 δὲ
1252 4745 1372 4818 γενέσθαι.

74 4847 193 4914 monsig
216 4845 241 4899 ἐν
255 4843 336 4897 sibod
356 4848 406 4896 τῶν
421 4842 559 4913 γεγονότων
588 4840 654 4911 θέμις
668 4837 742 4891 εἰπεῖν
757 4837 836 4908 περιέ·
919 4834 1085 4889 οΕιιεΤιτιι.
1105 4829 1219 4892 Ἐξωθεν
1234 4828 1261 4882 δὲ
1275 4833 1319 4882 τοῦ
1337 4828 1441 4901 οὐρανοῦ
1456 4833 1507 4899 φῶς
1535 4820 1597 4879 εἶναι
1614 4824 1658 4880 ἀο-

75 4929 159 5000 psoius·
175 4931 304 5002 πανταχοῦ
318 4927 354 4991 δὲ,
369 4927 407 4979 ὅτι
430 4923 474 4987 τὰς
489 4924 602 4995 δυνάμεις
626 4921 701 4975 αὐτοῦ
724 4920 765 4973 διὰ
778 4923 832 4992 γῆς,
882 4918 993 4980 ulturos,
1007 4914 1049 4968 uoti
1060 4914 1192 4987 ἄφθαρτον,
1204 4911 1244 4966 καὶ
1258 4912 1369 4978 αἰώνιον,
1393 4910 1418 4965 ἐν
1437 4905 1573 4983 ᾧᾶγγελοι
1596 4910 1659 4962 διαι-

74 5010 217 5076 uatem,
233 5012 304 5085 ἀέρος
325 5029 368 5073 τε,
396 5006 437 5061 καὶ
455 5005 560 5079 οὐρανοῦ
574 5005 662 5067 τείνας,
680 5003 751 5076 μέρος
764 5001 833 5056 οὐδὲν
882 5006 984 5054 τῶνται.

98 5190 108 5233 l
121 5190 166 5237 lib.
178 5191 186 5236 Ι
204 5192 231 5237 de
243 5191 308 5245 aab,
320 5201 369 5246 erp.
382 5199 413 5232 ιτ.
425 5194 469 5231 νοτ.
480 5185 570 5231 oo.-n
582 5183 631 5229 lib.
644 5183 694 5229 111.
