4134 6182
334 281 371 338 li
753 273 790 332 [N
813 273 911 333 OPL'S
931 272 1259 334 THEOLOGICORUM
1282 275 1511 336 noGMnt'ttt.

333 430 392 490 hoc
405 433 451 489 est
462 424 591 498 Caluini,
608 440 734 483 causam
747 422 922 497 labefactat,
939 428 969 483 ct
982 422 1109 483 catholi-

332 522 527 584 eammirum
540 519 573 578 in
587 518 715 578 modum
725 514 915 577 confirmati.
932 516 1009 577 Cum
1023 515 1107 576 enim

332 614 495 696 Augustini
508 612 609 673 verbis
621 628 730 672 rerum
742 608 883 670 Ecclesiae
897 608 1012 688 dogma
1025 625 1107 668 com-

334 710 502 788 probasset,
530 729 546 765 «
560 706 634 780 Quis
655 721 741 778 sano,
767 702 877 782 inquit,
900 701 1020 761 homini
1040 720 1107 782 per-

332 804 461 863 suaserit
513 800 602 861 aliter
637 798 775 859 docuisse
811 796 1018 876 augustinum
1068 796 1106 856 de

332 895 489 969 Trinitate,
512 911 608 973 quam
622 890 781 953 Africanas
796 888 960 963 Ecclesias;
982 894 1012 949 et
1033 890 1107 949 istus

333 1009 438 1051 rursus
451 989 550 1064 aliter,
564 1006 658 1067 quam
677 987 845 1048 catholicus
868 1003 1032 1046 consensus
1049 984 1107 1044 fer-

332 1090 401 1159 ret,
426 1082 577 1144 sensisse?
602 1104 617 1140 a
647 1081 795 1141 ffiaeulure
819 1079 878 1139 hoo
904 1077 1105 1157 quidem,'ac

330 1177 512 1237 verissime:
537 1176 591 1235 sed
616 1193 679 1254 quo
711 1173 806 1234 semel
839 1171 1013 1245 constituto,
1040 1175 1105 1230 tota

330 1271 460 1332 istorum
471 1269 554 1347 jacet
572 1268 708 1344 haeresis,
733 1286 802 1347 quac
825 1267 970 1327 adversus
995 1265 1105 1325 ltoma·

331 1384 378 1425 nae
405 1361 600 1444 professionis
625 1361 802 1440 antiquam,
830 1363 1034 1436 testatumque
1071 1357 1105 1417 fi-

330 1459 403 1518 dem
412 1457 480 1518 sola
492 1474 525 1516 se
534 1454 638 1534 scripti
644 1453 730 1514 verbi
744 1453 824 1514 futih
839 1450 1033 1513 cavillatione
1054 1451 1104 1510 de

330 1551 436 1612 tendit.

196 1683 208 1713 u
369 1644 420 1703 Vl.
439 1642 503 1701 Hoc
522 1641 616 1720 igitur
635 1645 760 1719 excepto
780 1657 839 1699 usu
856 1638 980 1698 testium
993 1637 1102 1716 hujus-

220 1791 263 1821 „
328 1735 424 1811 modi,
445 1752 508 1795 non
525 1738 608 1793 certa
627 1732 759 1813 penitis,
783 1749 884 1810 neque
905 1729 1103 1790 dubitationis

328 1847 436 1908 expers
447 1826 560 1902 omnis,
583 1825 687 1887 autad
704 1824 861 1887 catholica
880 1822 952 1884 fidei
965 1829 1101 1884 statuen-

328 1923 404 1983 dum
411 1923 537 2002 dogma,
548 1922 660 1982 idonea
667 1918 855 1980 eritillorum
866 1918 1003 1979 assertio.
1013 1917 1102 1989 Quod

327 2019 492 2098 prudenter
509 2016 698 2096 Augustinus
718 2032 782 2074 non
801 2032 865 2073 uno
884 2012 918 2072 in
938 2012 1006 2071 loco
1020 2029 1102 2071 oom-

327 2111 463 2172 mendat.
479 2110 571 2170 Velut
587 2110 621 2169 in
634 2106 762 2188 epistola
773 2123 831 2167 err.
852 2126 867 2163 a
884 2106 991 2183 Neque
1005 2105 1099 2180 enim,

326 2203 436 2283 inquit,
450 2201 659 2282 quorumlibet
676 2199 907 2278 disputationes,
922 2196 1006 2257 velut
1020 2197 1100 2258 Seri-

326 2300 432 2374 pturas
453 2294 615 2354 canonicas
630 2291 745 2352 habere
768 2290 936 2365 debemus,
957 2295 992 2349 ut
1011 2288 1101 2349 nobis

326 2404 389 2446 nou
401 2386 502 2461 liceat,
518 2384 604 2445 salva
622 2381 866 2456 honorificentia,
882 2399 951 2461 quae
970 2380 1031 2440 illis
1050 2380 1101 2440 de

325 2479 416 2539 betur
435 2476 625 2551 hominibus,
647 2475 764 2554 aliquid
789 2474 823 2533 in
847 2491 955 2534 eorum
981 2472 1100 2552 scriptis

324 2571 511 2651 improbare,
528 2575 620 2649 atque
633 2585 788 2648 respuere,
808 2566 834 2626 si
854 2565 930 2626 forte
950 2565 1101 2626 inveneri·

324 2681 395 2724 mus
408 2665 493 2744 quod
514 2663 602 2723 aliter
622 2660 780 2735 senserint,
801 2677 896 2737 quem
913 2657 1026 2718 veritas
1045 2658 1100 2718 ha-

324 2757 387 2833 bet,
408 2757 512 2817 divino
536 2754 689 2834 adjutorio
709 2751 759 2813 vel
781 2752 821 2811 ab
843 2751 912 2811 aliis
931 2751 1096 2829 intellecta,

325 2850 406 2910 vela
416 2849 516 2910 nobis.
525 2848 608 2909 'iulis
623 2865 680 2927 ego
694 2864 764 2907 sum
776 2846 809 2905 in
822 2845 940 2924 seriptis
952 2844 1096 2921 aliorum,

324 2943 401 3004 tales
419 2943 489 3003 volo
521 2960 585 3003 esse
610 2940 813 3002 intellectores
842 2955 995 2999 meorum.
1017 2961 1032 2996 »
1061 2940 1099 2999 Et

324 3037 410 3113 alibi,
444 3043 608 3118 postquam
641 3034 738 3096 Libris
775 3033 869 3094 saeris
903 3018 1095 3108 canonicam,

323 3137 353 3191 ct
370 3131 410 3191 ab
436 3130 506 3192 falsi
530 3130 702 3210 suspicione
722 3133 822 3189 tutam
841 3127 1001 3188 veritatem
1019 3144 1098 3187 asse·

322 3224 395 3299 ruit,
411 3242 484 3284 mox
502 3225 541 3284 de
559 3223 676 3284 caccus
690 3221 794 3281 scribit
814 3220 880 3279 sic:
908 3241 923 3277 a
952 3221 988 3280 ln
1009 3239 1098 3299 opus

322 3316 400 3377 culis
423 3322 527 3376 autem
549 3315 770 3396 posteriorum,
800 3330 869 3390 quia
888 3312 975 3371 libris
1009 3311 1098 3371 innu-

323 3410 525 3472 merabilibus
556 3409 761 3483 continentur,
798 3408 852 3467 sed
883 3405 971 3466 nullo
1004 3406 1097 3466 modo

322 3504 368 3564 illi
404 3505 558 3565 canonicae
596 3502 871 3563 sacratissimarum
914 3499 1097 3559 Litterarum

323 3596 496 3658 auctoritati
508 3600 716 3676 coequentur,
732 3594 826 3655 etiam
845 3593 878 3652 in
895 3591 1095 3672 quibuscum·

322 3708 382 3769 que
402 3707 510 3750 eorum
536 3688 690 3749 invenitur
716 3687 825 3747 eadem
851 3685 975 3760 veritas,
1004 3685 1096 3766 longe

319 3789 423 3844 umen
449 3790 494 3844 est
519 3784 622 3863 impar
649 3781 824 3843 auctoritas.
849 3782 956 3861 ltaque
985 3780 1093 3857 ineis,

319 3878 345 3938 si
372 3896 434 3958 qua
465 3878 542 3938 forte
574 3882 737 3956 propterea
763 3874 920 3935 dissonare
948 3878 1096 3954 putantur

320 3991 340 4031 a
359 3989 445 4047 vero,
472 3971 546 4051 quia
573 3988 637 4030 non
657 3975 692 4029 ut
719 3969 893 4029 dictasunt
920 3969 1095 4050 intelligim-

319 4070 380 4140 tur,
407 4070 512 4125 tamen
540 4063 673 4125 liberum
700 4063 743 4123 ibi
769 4063 865 4125 habet
890 4063 986 4124 lector
1009 4064 1096 4124 audi-

318 4163 404 4218 torve
422 4158 666 4237 judiciumque
685 4156 736 4216 rel
759 4155 908 4235 approbet
928 4156 1012 4235 quod
1025 4157 1093 4236 pla-

319 4251 426 4326 cuerit,
439 4250 489 4311 vel
509 4250 663 4330 improbet
677 4249 761 4327 quod
779 4247 939 4309 offenderit
954 4267 961 4307 :
978 4254 1009 4308 et
1023 4249 1093 4309 ideo

319 4349 430 4404 crmctu
443 4342 595 4421 ejusmodi
607 4342 668 4402 nisi
680 4342 730 4402 vel
748 4347 830 4402 certa
847 4342 976 4416 ratione,
991 4341 1042 4402 vel
1055 4360 1093 4402 err

1159 424 1256 498 titate,
1272 423 1471 503 doctrinaque
1483 424 1694 504 praepolleant,
1716 442 1779 483 non
1799 424 1868 483 ideo
1880 441 1932 484 re·

1159 534 1231 576 rum
1251 523 1369 597 putem,
1405 517 1479 596 quia
1499 518 1558 597 ipsi
1594 518 1638 577 ita
1672 522 1842 592 senserunt,
1880 517 1931 577 sed

1160 610 1235 688 quia
1255 611 1332 671 mihi
1352 610 1402 671 vel
1420 630 1475 692 per
1497 611 1567 672 illos
1593 617 1731 673 auctores
1758 611 1929 687 canonicos,

1159 702 1391 782 improbabili,
1420 705 1504 784 quod
1530 724 1549 764 a
1571 723 1645 765 vero
1666 722 1729 764 non
1757 703 1930 779 abhorreat,

1159 796 1343 874 persuadere
1357 803 1532 876 potuerunt.
1555 818 1570 855 a
1595 797 1695 876 Atque
1708 797 1803 875 hujus
1815 798 1933 878 generis

1159 890 1315 949 sententia
1329 896 1411 966 sunt,
1440 890 1478 951 de
1504 892 1566 951 suis
1594 890 1788 970 aliorumque
1816 893 1933 971 scriptis

1159 981 1274 1041 similes
1295 981 1418 1058 multae,
1447 983 1664 1045 modestissimi
1687 1003 1722 1045 ae
1750 985 1931 1046 sanctissimi

1159 1074 1301 1150 doctoris,
1327 1094 1364 1136 ex
1394 1075 1507 1156 quibus
1517 1076 1635 1156 aliquot
1656 1077 1749 1137 refert
1770 1077 1930 1139 Gratianus

1159 1168 1191 1228 iu
1221 1169 1353 1245 decreto,
1377 1170 1568 1231 distinetione
1591 1174 1651 1233 xi.
1668 1172 1714 1231 Ex
1741 1171 1854 1251 quibus
1867 1173 1930 1234 evi-

1158 1262 1233 1323 dens
1260 1269 1305 1324 est
1328 1265 1526 1343 antiquorum
1552 1270 1676 1344 patrum
1701 1284 1858 1345 responsa,
1882 1286 1931 1327 ex-

1157 1360 1206 1416 tra
1219 1357 1393 1436 synodales,
1404 1358 1575 1439 eodemque
1586 1358 1731 1438 probatos
1742 1359 1782 1419 ab
1797 1359 1932 1421 Ecclesia

1158 1467 1326 1526 consessus,
1353 1458 1407 1512 aut
1430 1453 1506 1512 citra
1533 1451 1704 1512 traditionis
1737 1451 1929 1531 apostolica,

1158 1561 1253 1621 quum
1279 1544 1451 1622 adstrurmt,
1471 1545 1583 1621 fidem,
1599 1564 1663 1606 non
1679 1545 1794 1606 habere
1815 1552 1931 1606 certam

1156 1635 1423 1718 indubitatumque
1456 1640 1608 1719 probandi
1648 1640 1836 1716 firmitatem,
1879 1640 1932 1700 sed

1156 1729 1347 1808 probabilem
1378 1733 1537 1809 duntaxat,
1575 1739 1605 1794 et
1636 1734 1674 1793 iis
1701 1732 1839 1797 terminis
1860 1732 1933 1793 defi·

1156 1822 1265 1899 uitam,
1288 1842 1365 1903 quos
1386 1826 1587 1906 Augustinus,
1611 1824 1725 1905 aliique
1738 1825 1841 1885 Patres
1857 1844 1933 1905 praa·

1156 1916 1304 1978 scribunt.

1195 2010 1265 2073 Vll.
1286 2012 1494 2084 Quamobrem
1524 2013 1715 2074 cautionibus
1746 2016 1933 2094 qmbusdam
1965 2026 2056 2067 aaran

1155 2105 1406 2182 praemuniendus
1434 2112 1479 2166 est
1501 2105 1561 2166 hoc
1592 2106 1660 2167 loco
1691 2106 1876 2189 theologus,
1899 2119 1933 2174 ut
1955 2079 2056 2187 Ἢ

1154 2197 1231 2258 sciat
1241 2199 1315 2278 quid
1329 2199 1363 2258 in
1376 2199 1503 2260 illorum
1520 2201 1699 2261 securitate
1709 2205 1879 2281 huctando,
1895 2225 1933 2267 ex

1154 2307 1252 2369 eaque
1278 2292 1474 2355 conficiendis
1504 2296 1820 2374 argumentationibus
1843 2302 1933 2379 sequi

1154 2383 1274 2449 debeat.
1295 2387 1413 2447 Harum
1434 2387 1546 2467 prima,
1569 2387 1614 2448 uti
1627 2407 1683 2467 par
1703 2396 1759 2465 est,
1775 2391 1815 2452 ad
1838 2392 1933 2475 officii

1153 2475 1255 2556 legem
1267 2496 1303 2538 ae
1315 2479 1447 2555 virtutis,
1465 2480 1524 2541 hoc
1538 2486 1584 2542 est
1597 2482 1636 2542 ad
1654 2482 1860 2545 imbuendum
1880 2503 1932 2545 vo

1153 2569 1279 2631 luntatis
1296 2571 1439 2633 affectum
1452 2574 1559 2635 attinet
1579 2593 1586 2633 :
1611 2582 1646 2635 ut
1665 2594 1739 2656 erga
1756 2577 1826 2638 illos
1842 2579 1933 2658 pium

1152 2664 1235 2725 hunc
1249 2665 1455 2745 etplacidum,
1471 2686 1542 2728 cum
1552 2669 1724 2729 reverentia
1742 2671 1880 2750 quadm
1902 2678 1933 2733 et

1152 2758 1268 2820 honore
1280 2778 1436 2821 servemus
1451 2778 1458 2818 ε
1475 2779 1531 2821 nec
1545 2763 1744 2842 contemptim
1757 2782 1820 2839 eos,
1836 2769 1932 2845 atque

1152 2852 1313 2915 inciviliter
1333 2854 1515 2930 habeamus,
1540 2855 1566 2916 si
1587 2857 1703 2934 quain
1725 2876 1758 2918 re
1780 2858 1932 2920 titubasse

1152 2946 1208 3006 visi
1223 2954 1293 3008 sunt
1306 2948 1405 3023 nobis,
1423 2953 1476 3009 ant
1495 2949 1535 3008 ab
1554 2949 1615 3009 illis
1628 2956 1797 3031 utcumque
1810 2953 1930 3015 dissen-

1151 3040 1256 3101 timus.
1272 3042 1446 3103 Meminisse
1457 3042 1516 3103 hoc
1529 3041 1613 3103 enim
1627 3050 1756 3123 oportet,
1766 3047 1850 3126 quod
1861 3047 1932 3127 pul-

1152 3134 1225 3195 chre
1247 3135 1395 3215 scriptum
1422 3142 1506 3196 csta
1534 3137 1678 3198 Facundo
1701 3139 1928 3218 Hermionensi,

1152 3245 1269 3289 errores
1289 3234 1414 3308 patrum
1438 3251 1454 3286 (ι
1474 3228 1676 3291 luminarium
1701 3250 1765 3293 esse
1780 3232 1929 3311 defectus,

1152 3338 1221 3398 quae
1261 3320 1332 3381 licet
1380 3339 1605 3400 nonnunquam
1646 3323 1815 3403 splendoris
1879 3327 1930 3388 sui

1151 3412 1335 3474 detrimenta
1358 3414 1537 3490 sustineant,
1561 3434 1625 3476 non
1652 3423 1757 3479 tumen
1782 3419 1931 3482 amittunt

1150 3506 1316 3568 luminaria
1343 3527 1408 3569 esse
1436 3509 1520 3588 quod
1546 3516 1639 3579 suntr
1661 3556 1669 3571 .
1692 3532 1708 3570 r>
1755 3513 1848 3591 Cujus
1882 3514 1930 3575 rei

1150 3601 1306 3680 singulare
1326 3602 1415 3663 nobis
1437 3603 1613 3684 exemplum
1640 3605 1756 3686 praebet
1783 3607 1930 3688 Augusti·

1149 3714 1219 3770 nus,
1235 3713 1308 3756 eum
1323 3696 1469 3757 adversus
1490 3698 1635 3777 Cypriani
1649 3700 1688 3760 de
1706 3700 1858 3762 haereticis
1875 3703 1929 3764 dc·

1148 3806 1212 3848 nuo
1235 3788 1430 3869 baptizandis
1459 3809 1595 3852 errorem
1622 3799 1729 3855 eontra
1756 3794 1929 3859 donatistas

1149 3882 1294 3963 disputat.
1316 3884 1484 3962 Nunquam
1505 3885 1587 3945 enim
1608 3886 1668 3946 uisi
1690 3887 1857 3950 honorifice
1887 3891 1928 3953 de

1149 3994 1186 4035 co
1204 3974 1351 4055 loquitur,
1373 3994 1430 4037 nec
1453 3976 1517 4039 sine
1535 3978 1713 4057 praefatione
1732 3981 1840 4056 venia,
1860 4001 1928 4044 non

1148 4074 1213 4129 tarn
1231 4088 1315 4145 eum,
1332 4088 1426 4149 quam
1442 4071 1619 4150 opinionem
1635 4073 1745 4153 ipsam,
1770 4075 1804 4135 in
1825 4094 1927 4155 quam

1147 4163 1289 4224 incautus
1315 4182 1351 4224 ao
1377 4165 1515 4225 nesciens
1545 4165 1727 4246 impegerat,
1749 4168 1871 4245 refellit,
1895 4176 1928 4231 et

1148 4257 1259 4337 arguit.
1295 4257 1395 4336 Hujus
1423 4259 1578 4338 specimen
1606 4260 1640 4320 iu
1667 4278 1730 4321 uno
1762 4261 1829 4322 loco
1864 4263 1927 4325 de-

1147 4357 1317 4412 monstrare
1329 4352 1401 4412 satis
1420 4351 1522 4413 bresit.
1546 4354 1582 4413 ln
1595 4352 1674 4414 libro
1690 4359 1775 4415 sexto
1793 4353 1828 4415 de
1839 4355 1928 4439 Bap-

319 4438 374 4498 illa
392 4436 540 4498 canonica
558 4435 737 4497 ἃῑῑθῑθΐὶῒθῒθ
755 4436 968 4511 defendantur,
986 4440 1021 4496 Ui
1039 4435 1092 4496 de·
1147 4443 1344 4506 tirmocootru
1355 4445 1538 4523 Donatistae,
1553 4447 1651 4527 capite
1665 4448 1928 4522 secrmdo:«Qua-

320 4536 507 4592 monstretur
520 4530 583 4591 sive
598 4529 724 4591 omnino
738 4530 868 4606 itaessc,
884 4529 1027 4591 sivetieri
1040 4548 1094 4609 po
1146 4545 1287 4618 propter,
1309 4539 1424 4620 inquit,
1460 4540 1590 4601 reddens
1618 4541 1754 4602 debitam
1777 4561 1924 4606 reveren-

318 4624 423 4700 tuisse,
440 4624 523 4703 quod
536 4623 586 4685 vel
599 4624 788 4704 disputatum
802 4623 845 4683 ibi
857 4630 913 4699 est,
926 4621 975 4684 vel
988 4641 1093 4683 narra·
1145 4631 1230 4707 tiam,
1256 4632 1446 4712 dignumque
1464 4633 1626 4708 honorem,
1647 4640 1798 4713 quantum
1818 4637 1925 4713 vulco,

318 4723 398 4792 tum,
412 4717 439 4777 si
459 4718 508 4777 cui
529 4717 728 4797 displicuerit,
745 4723 798 4777 aut
817 4718 940 4778 credere
960 4717 1093 4778 noluerit
1145 4723 1320 4803 persolvens
1332 4726 1633 4807 pacificoepiscopo,
1656 4734 1687 4789 et
1700 4728 1833 4808 glorioso
1841 4749 1929 4793 mar-

317 4811 651 4891 nonrcprehenditur2.
667 4832 683 4869 a
703 4811 820 4871 Tumin
834 4811 962 4892 epistola
974 4827 1037 4888 xix,
1053 4811 1094 4872 ad
1145 4818 1207 4897 tyri
1221 4819 1384 4899 cypriano,
1405 4820 1504 4881 audeo
1513 4825 1618 4882 umen
1629 4821 1731 4882 diacre
1744 4840 1817 4883 eum
1831 4824 1927 4889 ahter

317 4900 554 4985 Hieronymum,
580 4908 648 4983 post
668 4903 751 4964 idem
772 4904 943 4984 expositum
963 4904 1002 4964 de
1016 4904 1092 4964 scri·
1145 4912 1273 4972 sensisse
1295 4913 1334 4973 de
1362 4912 1570 4990 schismaticis,
1604 4913 1654 4976 vel
1676 4915 1826 4977 hereticis
1845 4915 1927 4999 bap

316 4997 457 5076 ptoribus
480 4997 635 5058 canonicis
660 4995 813 5074 judicium
834 5015 937 5073 suum,
963 5019 979 5055 a
1007 4997 1090 5057 Alios
1143 5004 1284 5081 tizandis,
1301 5023 1397 5085 quam
1412 5012 1517 5086 posim
1526 5007 1639 5069 verius
1654 5009 1791 5088 prodidit
1803 5018 1828 5087 ⁵,
1838 5016 1922 5074 etc.»

317 5101 420 5157 autem
447 5097 490 5157 ita
503 5096 584 5176 lego,
607 5095 718 5173 inquit,
738 5101 773 5155 ut
792 5094 982 5175 quantalibet
1001 5114 1089 5156 sanc·
1146 5096 1242 5176 Igitur
1255 5098 1281 5158 si
1295 5116 1357 5178 quo
1377 5098 1410 5158 in
1435 5117 1537 5160 errore
1558 5100 1765 5182 deprehensos
1791 5122 1928 5185 magnos

342 5349 459 5465 ἱὼθριιὲο.
473 5347 543 5390 Beza-
555 5347 658 5395 -2Lib,
668 5349 698 5393 X.
716 5347 779 5393 Cont.
796 5318 869 5392 faut.
879 5361 898 5391 c.
908 5359 956 5390 v.-
972 5349 986 5394 3
999 5349 1028 5392 Ut
1041 5350 1062 5391 tn
1072 5347 1138 5403 cpi.
1155 5354 1178 5393 et
1189 5350 1227 5393 lib.
1238 5350 1264 5394 de
1274 5354 1331 5397 Dono
1340 5364 1447 5407 peruror.
1459 5366 1480 5399 c.
1495 5354 1595 5398 xxia-l
1607 5355 1706 5402 nrum.
1726 5356 1846 5401 -iiTom.
1861 5359 1913 5403 vlt

313 5422 336 5467 d,
376 5421 444 5464 .d..
