3956 6168
280 303 330 363 be
350 303 423 364 bno
446 303 589 376 DEIQUE
609 299 951 376 PacteatnTlTlssUS,
973 302 1046 362 LIB.
1068 302 1107 377 V,
1130 303 1214 363 CAP.
1237 301 1317 363 VIII.
1533 302 1589 360 stt

43 466 102 525 Vll.
117 467 220 546 Atque
229 472 266 526 ut
276 466 476 546 antiquorum
489 466 771 528 sententiasomnes
819 465 957 544 ejusdem
970 466 1092 546 operis:
1115 467 1268 542 «Omnia,
1288 464 1400 544 iuquit,
1417 483 1473 545 per
1490 466 1593 546 ipsum

11 559 114 637 (pade
124 558 183 618 huc
194 576 230 618 re
243 565 316 619 sunt
328 559 514 634 innumerae,
533 564 616 619 certa
628 559 662 618 in
673 559 772 638 capita
819 558 900 619 facta
919 563 992 618 sunt
1014 564 1164 637 tanquam
1183 576 1239 638 per
1262 559 1420 634 virtutem,
1442 564 1593 636 tanquam

11 650 154 710 conbram
171 668 237 729 qno
250 650 368 710 facilius
381 652 510 712 retineri
520 651 625 711 animo
639 650 767 729 possint,
820 668 876 729 per
896 651 1079 729 sapientiam
1101 650 1165 725 Dei,
1187 656 1218 711 et
1237 650 1343 726 Patris,
1368 668 1433 710 non
1450 650 1484 709 in
1504 650 1592 728 geni-

11 746 130 822 quatuor
158 742 211 803 vel
242 743 380 822 quiaque
412 744 598 803 constituam
622 742 770 821 loquendi
819 742 896 802 toris
909 748 1020 803 natura
1031 743 1270 819 delitescentem,
1287 741 1459 821 cujusmodi
1467 742 1593 802 inestiu

11 833 209 913 appellandive
234 836 329 896 Verbi
350 835 517 910 formulas,
552 834 665 914 quibus
692 833 771 894 illud
819 834 959 911 bomine,
980 835 1068 896 verbi
1082 837 1192 913 gratia,
1213 836 1305 896 insita
1324 834 1370 894 illi
1396 834 1545 913 sapientia
1563 840 1594 896 et

12 926 100 1005 ipsum
118 927 203 1006 quod
227 928 307 1001 dico,
331 928 479 988 affirmari
501 928 541 987 ab
561 927 621 987 illis
637 926 769 999 videtur,
820 927 928 996 uirbis,
943 928 997 988 sed
1009 928 1133 1007 proprie
1152 947 1187 988 ao
1206 945 1262 1007 per
1280 927 1413 1006 seipsam
1428 926 1594 988 subsisten-

13 1018 133 1078 t'erbum
154 1018 210 1079 Dei
224 1018 293 1098 ejus
304 1037 369 1080 esse
385 1018 646 1080 vimefficientem
659 1022 690 1078 et
703 1036 771 1078 om·
819 1024 884 1079 tem
894 1029 916 1080 ².
930 1040 945 1076 ο
962 1021 999 1080 Et
1010 1020 1104 1100 paulo
1114 1026 1205 1100 post:
1223 1041 1239 1077 c
1251 1018 1365 1079 Filium
1374 1020 1497 1099 operari
1506 1019 1591 1093 dicit,

12 1110 211 1190 nipoteutiam.
230 1112 310 1172 Nam
333 1112 487 1191 imprimis
507 1110 658 1190 ejusmodi
674 1109 773 1170 nomi·
821 1110 907 1171 velut
922 1111 1070 1172 virtutem
1088 1111 1264 1172 naturalem
1277 1117 1308 1171 et
1326 1111 1551 1172 substantivam
1563 1116 1595 1172 et

13 1202 268 1282 nbrrsmsignitur
281 1222 351 1283 quae
367 1204 482 1265 duecte
501 1202 772 1263 etobvianotione
821 1203 1039 1264 subsistentem
1063 1203 1225 1264 Potnias.»
1253 1205 1290 1264 Et
1310 1204 1457 1263 eumdem
1475 1203 1594 1264 confert

13 1312 120 1355 ausam
141 1295 328 1356 efficientem
339 1294 389 1356 vel
409 1295 605 1357 efficientiam
617 1295 717 1373 ipsam
731 1292 772 1352 si·
822 1312 895 1355 cum
911 1295 1012 1356 calore
1031 1296 1086 1375 qui
1100 1302 1146 1357 est
1154 1296 1188 1355 in
1200 1296 1283 1374 igne.
1299 1296 1351 1355 Fst
1365 1301 1470 1355 autem
1482 1296 1515 1356 in
1530 1297 1593 1357 Deo

13 1387 153 1463 gnilleant.
180 1388 233 1448 Sic
259 1389 345 1449 enirn
375 1406 512 1467 persaepe
538 1395 658 1467 δύναμις,
678 1386 711 1446 id
728 1389 774 1445 est
822 1405 948 1466 prorsus
956 1388 1040 1448 idem
1049 1395 1161 1466 δύναμις,
1173 1388 1205 1448 id
1215 1393 1261 1448 est
1274 1387 1376 1455 uirtus,
1390 1390 1549 1463 οτένέργεια,
1561 1389 1593 1449 id

15 1478 94 1538 uirtus
105 1478 209 1539 Petris
222 1480 415 1555 nominatur,
444 1485 475 1540 et
503 1479 607 1539 addito
620 1487 706 1558 σοφίας
717 1495 771 1537 νο·
822 1484 869 1540 est
881 1478 1053 1561 efficientia,
1064 1482 1149 1558 quod
1158 1481 1197 1541 ad
1206 1479 1284 1540 illud
1297 1478 1406 1540 attinet
1417 1480 1501 1558 quod
1514 1480 1595 1542 inest

15 1570 120 1645 eubulo,
143 1581 247 1652 δύναμις
270 1582 312 1634 καὶ
333 1581 418 1652 σοφία,
443 1573 539 1632 virtus
561 1579 590 1631 et
613 1569 770 1651 sapientia.
822 1570 857 1631 in
878 1572 945 1651 ipsa
965 1574 1019 1632 Dei
1042 1573 1224 1647 substantia,
1241 1571 1304 1632 sive
1327 1572 1430 1651 potius
1446 1573 1531 1650 quod
1549 1579 1594 1633 est

17 1662 158 1725 Interdum
170 1671 202 1726 et
216 1671 336 1745 ἐνέργεια,
358 1665 417 1725 hoc
433 1669 479 1725 est
498 1662 629 1744 operatio
647 1661 697 1722 vel
708 1660 775 1741 effi·
822 1661 888 1741 ipsa
900 1664 1082 1725 substantia.
1100 1664 1216 1724 Idcirco
1232 1669 1297 1723 tam
1311 1669 1420 1743 ἐνέργεια
1431 1664 1528 1723 Patris
1538 1684 1593 1744 up-

16 1753 118 1816 u'entio.
134 1757 215 1817 'lum
238 1775 289 1817 ors
311 1757 456 1836 quaeum
480 1755 586 1830 Patris,
609 1760 639 1813 et
662 1754 688 1813 si
712 1771 774 1833 qua
824 1755 956 1833 pellatur
974 1756 1069 1816 Filius
1087 1773 1182 1835 qnam
1200 1764 1311 1836 δύναμις.
1332 1755 1392 1815 Sed
1409 1756 1543 1817 Hilarius
1560 1757 1595 1817 in

17 1852 77 1905 sunt
88 1848 145 1909 aba
157 1867 295 1928 quonam
309 1848 451 1927 exemplu
468 1848 580 1928 partim
594 1847 688 1926 paulo
702 1851 774 1905 ante
823 1845 903 1907 libro
935 1848 1064 1927 septimo
1091 1852 1173 1909 recte
1190 1847 1306 1907 indicat
1330 1848 1594 1926 quemadmodum

18 1936 65 1997 boc
76 1938 107 1999 ln
119 1942 216 2020 capite
233 1942 333 2021 posita
348 1946 431 2010 sunt,
448 1940 562 2021 partim
579 1940 613 1999 iu
631 1938 720 1998 libris
739 1935 774 1999 de
823 1937 1060 2018 intelligendum
1075 1941 1114 2000 sit
1127 1940 1239 2000 Filium
1251 1958 1316 2000 esse
1335 1941 1389 2000 Dei
1403 1940 1550 2000 virtutem
1563 1947 1595 2002 et

22 2027 165 2105 Trinitate,
189 2033 328 2094 maxime
360 2034 394 2093 in
418 2032 554 2092 secundo
581 2035 613 2090 et
634 2034 720 2090 sexto
740 2029 774 2088 in
823 2032 1017 2110 sapientiam.
1044 2054 1057 2089 τ
1084 2032 1232 2107 Christus,
1256 2031 1369 2109 inquit,
1392 2032 1541 2111 sapientia
1564 2038 1595 2092 et

20 2122 167 2198 quibusda
185 2126 322 2186 secundo
337 2143 470 2205 persona
488 2122 646 2183 Trinitatis
659 2122 772 2201 agitur.
823 2121 922 2184 virtus
934 2129 979 2184 est
993 2125 1058 2199 Dei,
1075 2142 1141 2184 non
1154 2123 1216 2198 ille,
1237 2129 1274 2183 ut
1293 2123 1424 2201 intelllgi
1441 2123 1529 2197 solet,
1544 2124 1593 2183 in·

20 2214 160 2284 enimin
169 2216 510 2297 appellationibusquia
519 2216 692 2276 cavendum
698 2214 775 2275 illud
823 2219 921 2276 tenne
932 2215 1090 2295 potestatis
1101 2221 1156 2276 aut
1169 2233 1276 2275 sensus
1289 2215 1397 2277 efficax
1410 2221 1524 2289 motus,
1541 2217 1595 2276 sed

21 2310 100 2367 estne
110 2308 150 2368 sic
163 2309 364 2370 effectrixilla
375 2310 422 2369 vis
438 2313 493 2368 aut
503 2307 658 2388 efficientia
670 2324 774 2366 sume·
824 2312 936 2368 natura
949 2314 1059 2369 tenens
1071 2325 1128 2387 per
1141 2307 1333 2367 nativitatem
1352 2307 1531 2367 substantiae
1545 2327 1596 2368 ve-

20 2401 224 2480 ttu,tanquam
248 2402 288 2462 sit
308 2402 448 2462 accidens
465 2400 611 2479 quiddam
625 2417 660 2458 ac
674 2417 730 2477 per
743 2416 775 2458 se
824 2398 959 2475 ritatem,
971 2400 1020 2460 his
1032 2400 1227 2459 internarum
1240 2415 1346 2458 rerum
1360 2399 1530 2476 significata
1541 2418 1597 2460 no-

22 2488 131 2552 mInIme
142 2499 226 2553 extet
241 2499 273 2553 et
288 2493 441 2567 subsistat,
456 2492 509 2552 sed
521 2510 595 2551 mox
609 2491 654 2550 uti
669 2489 776 2550 effecta
825 2490 962 2553 minibus
973 2497 1029 2552 est.
1044 2512 1060 2549 ο
1075 2491 1134 2552 Ubi
1152 2491 1211 2552 hoo
1225 2490 1370 2569 preclare
1383 2491 1509 2565 indicat,
1525 2492 1595 2552 ideo

23 2598 61 2640 res
72 2590 121 2657 est,
134 2585 291 2646 dilabatur
311 2605 347 2647 ao
365 2584 485 2645 diffluat
497 2604 504 2644 τ
517 2603 587 2664 quae
600 2583 660 2643 luit
671 2583 775 2661 opinio
825 2583 952 2644 vocibus
965 2585 1031 2644 istis
1045 2601 1116 2662 quse
1128 2584 1253 2644 intimas
1263 2588 1294 2643 et
1306 2583 1493 2643 inherentes
1504 2583 1594 2645 affec-

24 2672 148 2736 Sebellii:
170 2678 363 2739 ideiroonon
383 2695 455 2737 raro
480 2678 645 2735 ἐνοποστάτου
668 2691 776 2734 vocem
824 2674 925 2736 tiones
954 2682 986 2737 et
1008 2675 1170 2756 qualitates
1192 2673 1375 2752 significant,
1401 2675 1455 2734 Dei
1483 2674 1596 2737 Filium

23 2764 165 2843 adjiciunt,
193 2776 249 2829 aut
270 2781 380 2845 ζῶντος,
409 2768 442 2829 id
466 2771 512 2827 est
535 2764 718 2825 cotuatensis
745 2771 777 2849 et
825 2767 984 2847 appellari,
1009 2774 1045 2828 ut
1067 2766 1275 2844 intelligamus
1298 2783 1362 2826 non
1384 2772 1470 2826 extre
1496 2768 1596 2828 Deum

25 2856 135 2919 cientes.
168 2863 220 2922 Sic
255 2866 374 2940 martyr
406 2859 542 2939 Ignatius
562 2857 675 2917 Filium
688 2862 777 2919 vocet
826 2861 948 2921 Patrem
963 2859 1052 2921 illum
1067 2860 1197 2921 existere
1215 2859 1255 2918 ab
1274 2875 1373 2937 eoque
1393 2859 1593 2937 sejunctum:

26 2951 160 3012 «anons
169 2952 283 3013 mune
298 2952 500 3014 substantiam
513 2949 651 3028 genitam
662 2954 692 3010 et
699 2950 775 3011 Ver·
825 2953 966 3030 quamvis
978 2970 1043 3013 non
1054 2951 1212 3030 qualitatis
1221 2950 1320 3010 instar
1331 2950 1514 3028 cogitandus
1526 2957 1572 3013 est
1585 2971 1593 3014 t

22 3036 84 3101 bom
96 3043 427 3105 amsannvuwasic
437 3041 629 3103 Antiocheae
639 3042 777 3120 synodus
825 3044 879 3104 sed
888 3043 1059 3104 substantia
1067 3044 1106 3104 stt
1114 3062 1149 3104 aa
1158 3046 1400 3122 perseconstet,
1416 3043 1550 3106 existens
1562 3046 1595 3105 in

23 3138 111 3194 canna
124 3136 254 3197 Paulum
269 3138 505 3198 samosatenum
520 3138 634 3208 coacta,
647 3133 681 3193 in
695 3135 775 3213 epis·
826 3137 914 3196 Patre
937 3141 973 3196 ut
992 3141 1024 3195 et
1045 3134 1078 3194 in
1098 3135 1165 3214 ipso
1185 3136 1274 3194 Pater
1292 3133 1405 3194 existit.
1427 3134 1543 3195 Eodem
1561 3136 1596 3196 in

23 3222 73 3283 1⁰1ss
89 3228 231 3305 synodica
251 3229 290 3290 de
310 3229 419 3289 eodem
435 3227 511 3287 Filio
523 3226 673 3305 loquens:
691 3227 777 3287 «Per
824 3246 938 3307 genere
958 3226 1106 3307 loquendi
1129 3225 1286 3305 singulare
1307 3226 1391 3286 istud
1410 3232 1458 3286 est
1477 3226 1596 3289 Nicolai

24 3332 110 3393 quern
119 3319 231 3400 inquit,
243 3322 333 3382 Pater
343 3320 449 3382 omnia
459 3318 531 3379 fecit
542 3336 607 3378 nou
627 3324 776 3397 tanquam
826 3318 957 3380 Cusani¹
977 3340 984 3380 :
1003 3341 1019 3376 a
1031 3321 1122 3393 Dens,
1138 3319 1252 3397 inquit,
1265 3322 1385 3379 creator
1398 3323 1455 3393 est,
1464 3323 1495 3378 et
1506 3320 1596 3381 lesus

25 3424 68 3484 ptr
78 3409 323 3488 instrumentum,
337 3430 438 3492 neque
452 3411 537 3471 velut
548 3428 604 3489 per
617 3411 777 3472 scientiam
825 3412 938 3473 creatio
949 3412 1027 3490 ejus.
1043 3432 1058 3468 ο
1076 3412 1120 3472 Ac
1132 3410 1225 3490 paulo
1239 3415 1308 3490 post
1322 3429 1330 3469 ε
1348 3431 1364 3466 «
1380 3410 1419 3469 Et
1432 3410 1506 3488 quia
1519 3410 1594 3483 dixi,

25 3502 305 3581 uousubdstentem,
318 3505 406 3564 itaut
417 3502 776 3583 genueritPaterFilium
824 3503 929 3583 ipsum
955 3521 1021 3567 esse
1046 3503 1233 3563 creationem
1258 3501 1327 3577 Dei,
1352 3502 1487 3563 attende.
1517 3504 1596 3566 Nam

25 3589 58 3651 sic
79 3598 222 3675 unquam
244 3598 399 3657 viventem
424 3595 638 3675 operationem
659 3600 690 3655 et
702 3595 775 3655 sub·
825 3596 906 3656 Deus
924 3600 970 3656 est
990 3600 1121 3656 creator.
1143 3595 1202 3656 Sed
1218 3595 1308 3654 lesus
1327 3598 1372 3653 est
1387 3593 1454 3673 ipsa
1471 3597 1594 3658 creatio.

25 3686 166 3749 nuaram
184 3690 292 3749 omnia
309 3689 343 3749 in
363 3687 508 3748 omnibus
527 3685 772 3755 efficientem»
827 3688 905 3748 Nam
925 3688 1027 3748 solum
1044 3687 1077 3747 in
1094 3688 1169 3748 Iesu
1188 3691 1316 3766 apparet
1328 3686 1375 3745 vis
1388 3688 1544 3749 creatoris.
1561 3688 1597 3748 ln

26 3774 136 3853 Cylillm
147 3782 223 3842 item
244 3781 324 3842 libro
334 3781 375 3841 XI
392 3780 425 3840 in
438 3779 579 3841 loannem
590 3798 602 3841 .·
613 3778 778 3840 Subeuten·
826 3798 863 3840 eo
875 3780 960 3840 enim
969 3779 1123 3840 revelatur
1130 3777 1356 3857 omnipotentia
1362 3779 1505 3839 creantis.
1517 3781 1598 3841 Deus

27 3872 71 3927 tea
82 3870 180 3934 Patra
193 3874 335 3934 virtutem
344 3872 505 3953 appellarit
513 3872 552 3931 Et
562 3871 635 3931 alibi
649 3891 656 3931 ι
675 3869 775 3933 Viven-
826 3878 911 3932 creat
919 3871 1074 3932 creatione
1086 3871 1202 3931 omnia.
1212 3870 1331 3931 Greatio
1340 3873 1598 3933 autemastlesus

27 3964 71 4018 lem
90 3963 145 4023 vim
165 3974 194 4027 et
211 3967 310 4026 munio
329 3962 525 4025 molientem.
548 3964 682 4042 »duple
694 3964 778 4025 idem
826 3982 883 4044 per
901 3962 1079 4043 quemfecit
1099 3968 1130 4023 et
1149 3962 1273 4022 sacua
1294 3982 1310 4017 ο
1333 3961 1393 4022 Ubi
1409 3963 1597 4025 creationem

26 4052 78 4110 loto
96 4058 189 4136 mpite
209 4063 296 4119 sexto
316 4057 388 4117 libri
408 4056 548 4135 ejusdem
570 4055 726 4116 undecimi
744 4056 778 4116 in
827 4075 884 4136 pro
903 4057 935 4115 vi
954 4073 990 4115 ac
1008 4055 1145 4134 potentia
1163 4053 1287 4114 creandi
1308 4053 1480 4132 usurpavit,
1500 4061 1536 4115 nt
1559 4075 1597 4117 ex

25 4138 146 4207 Ioannou
159 4149 259 4210 multa
272 4148 311 4210 de
322 4148 528 4228 appellatione
541 4147 599 4208 ista
610 4147 779 4226 proprieta-
827 4146 1027 4227 sapientibus
1051 4150 1189 4224 apparet.
1212 4145 1290 4205 Num
1312 4145 1383 4205 ideo
1409 4146 1598 4207 creationem

27 4236 100 4311 lepte
125 4239 190 4301 Filii
212 4241 344 4315 disserit,
371 4258 442 4319 quaa
466 4244 512 4299 est
538 4248 650 4319 δύναμις,
676 4239 709 4299 id
733 4245 780 4300 est
827 4257 892 4300 esse
906 4238 1020 4298 Filium
1031 4238 1085 4313 ait,
1096 4238 1169 4316 quia
1183 4241 1229 4296 est
1237 4254 1298 4296 crs.
1312 4236 1401 4310 Quod
1410 4243 1456 4298 est
1464 4238 1598 4300 alterum

28 4323 105 4387 cirita
129 4338 158 4392 et
181 4332 345 4415 efficientia
372 4332 479 4392 Patris.
507 4332 544 4391 Et
570 4330 650 4391 libro
676 4331 777 4410 primo
827 4330 1014 4392 vocabulum
1037 4329 1076 4390 ab
1101 4328 1260 4389 nonnullis
1284 4334 1426 4390 veterum
1446 4329 1598 4392 tributum

59 4542 174 4601 ultast.
191 4545 271 4617 epist.
290 4542 776 4619 111.Αι1Μα9οαθο.Ὅςὲατιναῦτοΰ
863 4543 968 4601 dlbld.
994 4542 1041 4606 Ὣς
1054 4542 1080 4596 δὲ
1090 4543 1130 4597 διὰ
1145 4543 1225 4611 ζώσης
1239 4542 1331 4617 lesing,
1341 4544 1381 4596 καὶ
1396 4549 1561 4617 παντουργοῦ.

27 4617 95 4692 λογος,
116 4626 143 4681 οὗ
164 4628 245 4701 ρητος,
268 4627 325 4681 ἀλλ’
346 4628 475 4696 οὖσιώὸης·
499 4626 527 4679 οὐ
546 4628 593 4699 γάρ
615 4626 665 4681 ἔστι
686 4629 774 4689 λαλιᾶς
863 4644 878 4684 e
902 4629 996 4685 Clatt..
1025 4628 1113 4699 Γέγονε
1134 4626 1176 4698 μὲν
1198 4625 1247 4698 γὰρ
1268 4626 1300 4680 τὰ
1319 4627 1400 4680 πάντα
1414 4626 1446 4680 δι’
1461 4627 1546 4693 αὐτοῦ,
1566 4631 1600 4694 ὡς

28 4699 124 4779 Μγθρνν
136 4712 248 4784 φώνημα·
270 4710 326 4765 ἀλλ’
347 4709 464 4783 ἐνεργείας
482 4711 562 4778 litiani<
576 4710 647 4763 uiola
660 4712 774 4782 γεννητή.
827 4711 868 4764 διὰ
883 4712 1018 4783 δυνάμεως,
1034 4712 1067 4775 ὡς
1080 4709 1121 4764 διὰ
1134 4709 1220 4781 σοφίας
1232 4714 1276 4765 τοῦ
1290 4711 1355 4771 θεοῦ,
1372 4710 1413 4763 καὶ
1434 4712 1533 4784 πατρὸς,
1555 4712 1600 4767 οὖν

57 4789 71 4843 b
90 4792 149 4847 Sta.
165 4795 228 4851 Ant.
246 4802 315 4850 lom.
332 4794 343 4849 l
360 4792 495 4849 biblioth.
514 4797 650 4849 Petrum.
671 4792 708 4845 Δι’
720 4787 776 4846 οὔὸ
828 4791 852 4846 ἐν
869 4800 899 4867 τῇ
914 4794 983 4865 φύσει
999 4799 1042 4848 τοῦ
1052 4795 1214 4867 γεννήσαντος
1221 4794 1398 4865 κρυπτομένης,
1408 4795 1491 4867 ὥσπερ
1499 4790 1540 4848 οὖν
1549 4794 1599 4850 ἔστι

28 4870 93 4943 πατὴρ
104 4877 180 4931 πάντα
192 4877 334 4946 πεποίηκεν,
344 4875 393 4949 οὔχ
406 4876 440 4938 ὡς
453 4875 486 4929 δι’
500 4875 614 4948 ὀργάνου,
629 4875 682 4929 ott’
697 4877 731 4938 ὡς
744 4874 777 4928 δι’
827 4877 867 4930 καὶ
882 4875 906 4930 b
922 4875 1044 4949 ἀνθρώπῳ
1061 4877 1136 4949 τυχὸν
1153 4875 1168 4944 ἣ
1188 4874 1358 4948 ἐνυπάρχουσα
1372 4875 1440 4947 αὐτῷ
1459 4879 1543 4947 capla,
1558 4880 1599 4931 rel

28 4947 142 5029 Μνήμης
152 4960 329 5025 ἄννποστάτον,
339 4961 503 5031 γεννήσαντος
516 4958 561 5031 ple
575 4964 619 5013 τοῦ
633 4959 776 5031 τατροςτὸν
828 4959 936 5031 δύναμις
954 4959 1015 5011 ἀλλ’
1031 4959 1097 5021 ἰδίως
1107 4959 1161 5030 μὲν,
1171 4960 1212 5012 καὶ
1223 4959 1277 5012 καθ’
1293 4959 1380 5026 ἑαυτὴν
1394 4958 1544 5030 ὑφεστώσης.

27 5033 122 5104 illuit<
135 5046 215 5106 ζῶσαν
233 5043 364 5117 ἐνέργειαν,
385 5043 427 5095 καὶ
444 5040 619 5105 ἔνυπόοτατον,
635 5040 778 5115 ἐνεργοῦντα
865 5040 968 5114 flbid.
996 5040 1181 5113 Ἐργαζορένου
1203 5043 1319 5108 δηλονότι
1339 5046 1381 5094 τοῦ
1402 5042 1493 5112 πατρὸς
1514 5041 1528 5093 ὁ
1548 5040 1599 5103 υἱὸς

29 5118 168 5180 tuma
183 5129 267 5181 πᾶσιν.
830 5121 967 5197 ἐργάζεται,
982 5123 1017 5186 ὡς
1029 5123 1128 5194 δύναμις
1142 5125 1228 5194 φυσική
1244 5142 1280 5187 τε,
1294 5124 1335 5175 καὶ
1351 5122 1481 5189 odardum,
1495 5123 1536 5174 καὶ
1547 5120 1598 5175 ἔνο·

56 5218 68 5257 ⁶
95 5207 182 5265 Ctun.
196 5210 246 5279 Τὴν
261 5208 425 5265 ἐνοπόοτατον
440 5212 483 5263 τοῦ
492 5210 651 5281 γεννήσαντος
664 5208 776 5279 δύναμιν.
829 5209 951 5268 πόστατος
965 5204 1050 5259 αὐτοῦ.

49 5463 124 5513 teau.
136 5469 174 5515 lib.
187 5469 214 5515 ΙΙ
226 5470 300 5516 Βατία.
