4096 6190
331 345 392 405 648
833 345 1157 410 ΤΗΕΟῙιΟὓΙΟΟΒῦΜ
1183 345 1400 408 DOGMATUM

332 510 386 588 qui
398 527 491 590 opera
504 529 570 584 sure,
586 517 703 590 quanto
716 509 860 573 meliores
873 510 999 586 Ararim,
1016 517 1102 573 tanto
1152 513 1321 594 disputans,
1333 518 1369 573 ut
1377 510 1471 572 refert
1481 510 1685 590 Augustinus,
1704 528 1801 571 ceam
1812 529 1932 573 asum·

334 601 540 664 elaboratione
565 603 806 683 perfectioraque
832 605 894 665 sive
914 623 1020 685 parra,
1040 607 1103 666 sive
1152 625 1205 669 mo
1222 606 1295 681 Deo,
1316 605 1404 685 cujus
1422 609 1469 664 cst
1483 602 1697 682 intelligibilis,
1715 608 1809 683 atque
1823 603 1932 665 ineffa-

333 696 566 773 magnueadem
581 701 647 757 arte
659 697 835 776 perficiunt.
854 719 865 755 ι
1152 698 1222 759 brhs
1229 697 1436 777 pulchritudo
1448 695 1672 776 usqueadhaec
1679 700 1815 771 terrena
1825 696 1933 758 etima

372 787 453 848 Vlll
469 788 653 850 Ammonius
667 790 1104 869 quoqueeodemexPlatonis
1153 791 1329 871 pertingere
1352 788 1551 850 flosculorum
1586 794 1678 868 atque
1696 786 1846 849 foliorum
1862 789 1933 869 pul-

333 878 412 939 libro
430 881 641 942 testimouium
662 881 788 962 profert,
806 901 870 987 quo¹
886 885 1045 946 neminem
1062 884 1105 945 ait
1154 883 1327 944 claritudine
1356 881 1585 962 comprobavit3
1608 899 1680 960 quae
1710 880 1819 940 omnia
1842 881 1932 959 qnasi

333 989 398 1032 csse
411 977 478 1033 tam
490 992 623 1052 parrum
636 973 808 1051 hommem,
820 994 873 1054 qur
887 976 1026 1037 dumam
1035 994 1105 1055 pro
1154 976 1323 1055 abjectaet
1293 973 1933 1053 etrclocissimepereuntiuderentissimes

333 1063 502 1126 videntium
525 1066 737 1146 subterfugere
755 1068 860 1147 possit.
885 1068 943 1141 Qui
962 1069 1047 1129 locus
1067 1069 1106 1129 si·
1153 1068 1326 1131 formarum
1339 1085 1467 1128 suarum
1476 1084 1625 1127 numeros
1637 1065 1754 1126 hahere
1766 1083 1932 1144 nonposse

334 1156 482 1217 millimus
502 1164 548 1219 est
570 1159 609 1233 ei,
634 1158 745 1239 quiesi
762 1160 796 1219 iu
813 1159 932 1221 Psalmo
956 1177 1102 1222 annuns:
1155 1161 1328 1237 confirmat,
1344 1160 1403 1221 nisi
1416 1158 1489 1219 iude
1502 1158 1688 1233 formentur,
1702 1156 1758 1217 uhi
1770 1156 1876 1218 forma
1886 1157 1934 1217 in-

337 1248 399 1324 Quo
414 1247 495 1310 ibeo
515 1249 637 1332 szit'tu
658 1258 718 1328 tuo,
739 1259 768 1312 et
782 1270 838 1333 quo
856 1252 966 1331 osocie
987 1260 1039 1313 tuo
1057 1254 1106 1332 [ιι
1154 1253 1332 1332 telligibilis,
1358 1258 1389 1313 et
1411 1250 1675 1311 incommutabilis
1697 1248 1794 1310 simul
1813 1247 1933 1310 habeus

333 1340 436 1421 giam?
448 1341 486 1402 Si
499 1342 651 1404 ascendero
671 1344 701 1403 ιἰι
717 1342 832 1413 coelum.
853 1350 909 1405 ete.
932 1350 977 1420 ut,
994 1345 1020 1405 si
1032 1364 1106 1406 vera
1155 1346 1261 1407 omnia
1274 1342 1479 1425 perseverat¹.
1493 1364 1508 1401 ιι
1528 1342 1588 1404 Sed
1598 1342 1684 1403 aliud
1696 1346 1753 1414 est,
1767 1341 1933 1420 providere

334 1433 373 1493 sit
394 1434 559 1495 Clementis
577 1436 790 1509 Alexandrini,
812 1437 1006 1516 aliorumque
1025 1443 1107 1499 vete·
1156 1439 1255 1498 Deum
1278 1457 1333 1517 per
1355 1456 1387 1498 se
1406 1437 1499 1497 rebus
1516 1435 1657 1514 singulis,
1680 1433 1767 1494 aliud
1789 1432 1849 1493 sub
1866 1435 1933 1511 ejus

334 1542 406 1586 rum
422 1527 565 1607 suspicio,
582 1546 707 1609 prorsus
727 1528 816 1589 illum
831 1530 903 1590 iude
916 1530 1106 1592 transtulisse
1155 1531 1287 1609 imperio
1311 1536 1342 1591 et
1365 1528 1546 1590 auctoritate
1568 1528 1601 1587 id
1624 1526 1701 1586 alies
1722 1524 1836 1586 facere.
1856 1526 1933 1587 Vide

336 1618 420 1678 Plato
446 1618 596 1681 rideatur.
626 1620 728 1680 Verba
751 1621 907 1682 Ammonii
933 1623 965 1681 in
991 1622 1107 1684 librum
1157 1622 1268 1683 Plotini
1289 1622 1429 1700 ejusdem
1449 1620 1545 1680 libros
1565 1618 1644 1678 duos
1665 1616 1700 1678 de
1726 1615 1931 1690 Prouidentia,

335 1710 505 1773 Aristotelis
518 1711 553 1773 de
563 1712 805 1794 [deprecatione
819 1734 831 1775 .·
849 1736 864 1771 u
878 1715 948 1775 Non
962 1716 1045 1775 euim
1054 1734 1108 1795 po
1156 1716 1211 1794 qui
1225 1720 1298 1775 suut
1311 1714 1458 1774 enneadis
1470 1712 1570 1772 tertia
1584 1710 1750 1785 secundus,
1766 1714 1799 1769 et
1811 1711 1931 1771 tertius.

335 1808 395 1863 test
408 1821 472 1864 esse
487 1806 651 1884 quispiam,
667 1811 702 1866 ut
716 1806 759 1866 ait
772 1806 968 1867 Atheniensis
984 1808 1105 1888 hospes,
1198 1807 1248 1868 IX.
1271 1806 1403 1886 Cyrillus
1417 1803 1644 1865 Alexandrinus
1655 1803 1690 1862 in
1703 1801 1842 1861 secundo
1855 1801 1932 1862 libro

335 1896 385 1955 vel
399 1902 464 1956 tam
478 1898 618 1977 pusillus,
634 1904 669 1957 ιιι
689 1899 830 1958 interrae
850 1899 1041 1978 profrmdum
1060 1919 1109 1961 su·
1157 1906 1259 1960 contro
1286 1897 1449 1973 dulcinum,
1475 1893 1611 1955 Platonis
1639 1894 1826 1974 opinionem
1849 1893 1933 1954 iilam

335 1986 424 2049 biens
443 1989 538 2050 latere
558 1991 654 2070 possit
674 1990 901 2070 providentiam
919 1991 1016 2067 illam,
1038 2012 1108 2071 quoe
1158 1990 1303 2068 exagitat,
1320 2007 1415 2068 quam
1428 1987 1504 2064 dixi,
1520 2004 1591 2066 quse
1605 2003 1729 2046 summo
1749 1986 1814 2045 Deo
1828 2003 1932 2046 rernm

336 2082 442 2141 omnia
464 2083 559 2143 etiam
582 2083 713 2144 minima
736 2083 982 2163 contemplatur;
1007 2103 1109 2164 neque
1158 2083 1356 2157 caducarum,
1365 2086 1396 2141 ct
1407 2079 1601 2159 singularum
1610 2077 1930 2139 molitionemadimit

336 2177 400 2234 tam
414 2192 557 2253 magnus,
574 2180 714 2255 utsupra
729 2176 842 2236 coelum
856 2176 965 2252 evolet,
982 2183 1012 2237 et
1021 2182 1109 2238 extra
1158 2176 1204 2235 Ex
1223 2192 1286 2255 qua
1306 2174 1393 2252 sequi
1411 2172 1492 2232 istud
1515 2170 1658 2245 ostendit,
1674 2169 1797 2229 nullam
1811 2169 1933 2230 illarum

337 2266 548 2328 moderantem
559 2268 1105 2348 cunctaprovidentiamconsistut⁰.s
1158 2284 1267 2328 curam
1283 2285 1348 2327 esse
1369 2283 1463 2346 penes
1483 2265 1595 2338 Deum,
1616 2284 1632 2320 a
1648 2281 1735 2342 quas,
1753 2260 1841 2322 velut
1859 2262 1934 2323 ludi-

338 2357 477 2420 Plotinus
489 2379 613 2440 quoque
627 2361 781 2441 duplicem
796 2362 829 2421 iu
846 2361 990 2422 universo
1005 2363 1108 2442 prori-
1159 2378 1249 2421 crum
1262 2359 1422 2438 quiddam,
1439 2357 1496 2417 diis
1512 2356 1580 2416 aliis
1596 2354 1793 2416 fabricandas
1811 2356 1934 2415 manda

337 2450 476 2512 dentiam
489 2454 645 2533 agnoscit,
662 2472 872 2530 commrmcm,
890 2459 920 2514 et
932 2455 1108 2534 propriam3
1159 2453 1238 2514 verit
1248 2462 1269 2513 ⁶.
1286 2474 1302 2510 ιι
1318 2452 1362 2512 Ac
1374 2450 1505 2511 subinde
1519 2466 1625 2510 rerum
1635 2448 1729 2508 etiam
1742 2449 1934 2508 tenuissima·
2046 2508 2047 2533 ,

341 2549 406 2603 cet
418 2546 593 2606 communis
606 2547 733 2625 quidem
739 2546 828 2625 jussu
846 2546 982 2625 quodam
999 2547 1111 2606 aselli·
1159 2563 1242 2621 rum,
1258 2540 1932 2620 uilissimanrmqueproridentismessetnm
2046 2538 2047 2593 l

339 2634 475 2697 citudine
489 2637 587 2699 libero
601 2639 747 2718 regioque
764 2639 894 2718 imperio
908 2644 1112 2700 cunetacom·
1160 2656 1199 2699 er
1229 2638 1404 2700 Alexandro
1439 2632 1684 2714 Aphrodisiensi,
1708 2638 1780 2693 tum
1811 2632 1932 2693 aliunde

337 2726 576 2811 ponit:propria
587 2748 660 2790 vero
675 2729 925 2809 singillatimjam
933 2748 1027 2810 opera
1038 2750 1112 2810 qua·
1160 2731 1287 2810 probat3
1306 2729 1407 2791 ethoc
1427 2730 1702 2806 argumentamur
1717 2725 1831 2785 eodem
1847 2725 1933 2786 affert
2046 2748 2047 2803 ι

338 2819 423 2895 dam,
451 2826 487 2880 ut
513 2822 557 2883 ita
589 2823 731 2897 dixerim,
761 2823 926 2884 manuaria
953 2823 1111 2903 opificium
1160 2822 1259 2883 simile
1277 2822 1334 2897 iili,
1356 2839 1418 2900 quo
1442 2824 1488 2880 est
1509 2835 1583 2878 usus
1604 2816 1701 2891 Plato,
1725 2817 1814 2896 quod
1832 2835 1932 2896 neque
2046 2824 2047 2877 Ἰ

337 2913 540 2990 attrectando,
551 2915 694 2994 opificem
702 2918 804 2995 ipsum
814 2915 923 2995 opifice
935 2916 1110 2978 conditione
1159 2915 1303 2976 uoluntas
1316 2913 1395 2974 desit
1407 2910 1533 2972 invidiae
1547 2908 1648 2970 omnis
1661 2927 1772 2989 expers
1792 2911 1868 2983 Deo,
1883 2928 1934 2971 ne

338 3002 478 3082 impleti.
492 3028 507 3064 ιι
526 3006 662 3068 Plurade
675 3009 784 3069 eodem
794 3013 977 3086 argumento
991 3008 1111 3070 Atticus
1160 3026 1221 3088 que
1232 3011 1365 3086 potestas
1382 3025 1389 3065 ι
1405 3022 1444 3065 ex
1454 3020 1516 3083 quo
1528 3002 1710 3078 accessesit,
1722 3000 1819 3062 rebus
1831 3003 1930 3063 omni·

338 3095 512 3159 Platonicus
523 3106 631 3161 contra
639 3101 835 3162 Aristotelem
847 3101 930 3180 apud
945 3100 1111 3163 Eusebium
1159 3099 1218 3160 hus
1227 3100 1266 3160 ab
1280 3098 1333 3159 illo
1343 3096 1510 3178 provideri.

338 3187 491 3267 disseruit,
507 3210 543 3251 ae
562 3210 669 3254 rerum
688 3193 780 3253 etiam
798 3192 988 3267 infimarum,
1006 3198 1036 3254 et
1051 3194 1111 3254 sin·
1199 3191 1360 3254 Nemesius
1372 3190 1456 3251 idem
1466 3188 1576 3249 eadem
1589 3186 1709 3248 ratione
1718 3185 1830 3262 utitur,
1845 3187 1930 3266 eique

337 3281 494 3358 gruarium
515 3303 622 3345 curram
644 3286 744 3346 aDeo
763 3286 830 3364 geri
850 3284 993 3365 probavit
1004 3283 1026 3345 ¹.
1050 3287 1110 3347 Sed
1159 3285 1289 3346 alteram
1303 3282 1444 3361 adjungit
1455 3300 1521 3342 non
1534 3279 1639 3340 minus
1647 3276 1808 3340 firmam‘.
1821 3280 1927 3353 cites,

338 3390 403 3433 non
417 3375 572 3437 minorem
580 3377 713 3438 vicissim
723 3376 847 3456 plagam
859 3377 968 3456 accipit
978 3376 1036 3437 iste
1045 3378 1110 3457 ipse
1159 3370 1929 3457 inqut‚hassolesq1uspiamcunasafferreporese
2046 3382 2047 3385 ’

339 3464 435 3541 Plato,
457 3468 544 3546 cujus
564 3487 690 3529 causam
715 3467 850 3529 defendit
873 3469 1109 3548 Attic1u3quod
1159 3469 1200 3529 ob
1219 3487 1295 3549 quas
1315 3467 1402 3528 nulla
1421 3466 1460 3527 sit
1483 3464 1679 3543 singularum
1700 3482 1810 3525 rernm
1829 3463 1929 3544 prori-

339 3555 484 3618 inferiora
503 3560 580 3635 haec,
601 3566 632 3620 et
653 3559 814 3620 mutabilia
834 3578 898 3621 non
921 3580 940 3622 a
960 3561 1023 3622 Deo
1041 3579 1111 3641 pro
1158 3561 1273 3623 dentis.
1285 3561 1346 3623 Aut
1359 3559 1444 3620 enim
1457 3559 1603 3637 ignorare
1614 3558 1712 3617 Deum
1723 3555 1845 3616 bonum
1855 3574 1928 3629 esse,

339 3656 454 3727 creata,
471 3651 525 3712 sed
540 3652 606 3732 ejus
616 3653 705 3731 jussu
719 3651 757 3713 ab
772 3652 944 3714 minorihus
960 3652 1040 3715 facta
1052 3654 1110 3714 diis
1158 3654 1334 3715 utiliorum
1348 3651 1442 3712 etiam
1458 3667 1567 3711 curem
1581 3654 1684 3728 gerat;
1700 3652 1757 3707 eut
1768 3648 1865 3723 nolle,
1878 3654 1930 3709 ant

338 3741 503 3803 arbitratus
517 3750 581 3821 est;
597 3744 636 3804 ab
650 3745 820 3824 iisdemque
833 3747 992 3825 procurari
1007 3747 1111 3826 siugu—
1159 3765 1224 3808 non
1238 3763 1345 3827 posse3
1366 3743 1452 3823 atqui
1465 3740 1641 3823 ignorantia
1651 3740 1929 3820 quidem,etinsci
2046 3784 2047 3807 t

338 3834 437 3913 latim,
451 3853 509 3897 uec
527 3837 585 3897 nisi
603 3838 746 3899 universe
763 3837 803 3897 ab
824 3856 948 3899 summo
967 3840 1055 3899 Deo:
1076 3838 1110 3898 in
1158 3839 1202 3899 tia
1216 3855 1342 3917 prorsus
1356 3855 1376 3897 a
1392 3833 1735 3897 beataillasubstantia
1747 3839 1796 3894 est
1815 3832 1928 3893 alienu·
2046 3902 2047 3917 ,

337 3946 399 4007 qno
411 3947 476 3989 uon
487 3930 602 4007 minus,
613 3930 678 3991 imo
689 3930 825 3992 fortassis
839 3931 932 3991 etiam
946 3930 1110 3990 abundius
1159 3930 1247 3991 sima.
1263 3931 1316 3990 Est
1333 3929 1418 3989 enim
1435 3927 1571 4007 cognitio
1584 3927 1663 4006 ipsa,
1679 3931 1710 3987 et
1725 3925 1885 4005 sapientia,
1899 3930 1928 3984 et

337 4020 489 4098 deliravit,
518 4040 614 4102 quam
639 4022 806 4103 discipulus
829 4023 895 4102 ejus
919 4021 1108 4084 Aristoteles.
1159 4021 1296 4083 scientia.
1312 4021 1445 4095 Quinam
1467 4036 1542 4080 vero
1556 4018 1677 4098 sepiens
1697 4017 1795 4079 homo
1814 4017 1927 4078 nasone

337 4112 522 4194 Quanquam
535 4115 673 4176 Plotinus
682 4116 856 4177 Platonicus
865 4115 903 4177 de
916 4114 1112 4197 providentia
1160 4114 1219 4175 hoc
1232 4118 1343 4195 potest,
1357 4114 1383 4173 si
1392 4110 1560 4191 singularia
1573 4109 1680 4171 omnia
1689 4116 1828 4191 pereant,
1839 4109 1926 4171 etiam

374 4380 394 4419 α
413 4365 523 4420 Annon.
532 4364 554 4421 f.
564 4381 628 4421 scri.
645 4364 680 4420 (hi
694 4366 741 4438 γὰρ
757 4368 785 4419 ἂν
801 4367 897 4439 γένοιτό
910 4385 957 4432 τις
965 4367 1024 4445 ὅπερ
1038 4367 1110 4436 φησιν
1160 4370 1210 4419 των
1227 4362 1265 4419 ἐπὶ
1279 4367 1390 4435 ιῆςγῆς,
1415 4362 1501 4416 καίτοι
1521 4361 1627 4433 κατάγε
1649 4364 1686 4433 τῷ
1709 4360 1819 4415 [lidron
1832 4363 1922 4428 δαισιν

338 4447 486 4516 ὁΛθήναΐος
499 4446 615 4517 {from
628 4448 693 4502 airu
707 4449 822 4522 σμικρὸς,
837 4452 901 4503 ὥστε
915 4450 1020 4512 καταδὺς
1033 4448 1066 4511 εἰς
1079 4448 1108 4503 το
1156 4448 1251 4520 ἄθυρμα
1265 4447 1328 4510 θεοῖς
1342 4446 1461 4499 δοθέντων
1477 4442 1578 4518 ἑτέροις

339 4529 411 4600 βάθος
424 4535 512 4598 τῆς
480 4550 526 4603 γης
538 4532 620 4585 luders
641 4531 686 4600 τὴν
706 4533 816 4596 ἅπαντα,
840 4530 928 4585 uei
903 4550 934 4584 τα
957 4532 1109 4604 σμικρότατα
1193 4531 1339 4589 stnss
1356 4545 1418 4600 cap.
1435 4545 1507 4585 cxiv.
1526 4528 1753 4605 Τρεῖςγᾶρταιῖτας
1765 4526 1924 4600 sirimpio«

340 4610 517 4667 ἔποπτεύουσαν
531 4616 658 4687 πρόνοιαν
684 4614 735 4668 οὐδ’
759 4615 825 4669 οὕτω
848 4615 931 4686 μέγας,
954 4615 1017 4667 ὥστε
1035 4613 1107 4685 ὓπερ·
1158 4616 1187 4668 ἅν
1199 4634 1235 4677 τις
1249 4615 1318 4687 quiq,
1334 4618 1377 4667 τοῦ
1394 4614 1426 4686 μή
1441 4613 1549 4684 γίνεσθαι
1563 4613 1681 4684 πρόνοιαν
1695 4617 1746 4664 τῶν
1760 4610 1814 4663 xati’
1827 4612 1922 4665 ἕκαστα

339 4699 428 4763 πτῆναι
441 4696 484 4751 τὸν
499 4697 602 4770 οὐρανὸν
610 4738 618 4763 ,
637 4698 677 4751 καὶ
691 4696 799 4770 γενέσθαι
814 4695 860 4759 ἔξω
874 4700 917 4764 τῆς
930 4696 1110 4768 διακοσμυὺσης
1158 4695 1457 4771 ἢγὰρᾶγνοεΐντονθιδν,
1466 4694 1588 4748 triariis
1598 4693 1743 4748 καὶτούτων
1756 4691 1921 4766 impietates·

339 4777 372 4833 τὰ
385 4778 433 4832 ὅλα
446 4780 572 4852 προνοίας.
1158 4782 1175 4849 ἤ
1185 4780 1218 4853 μὴ
1227 4779 1388 4852 portstraet
1399 4777 1564 4850 μὴδύνασθαι.
1574 4776 1725 4849 ἀλλ’ἅγνοια
1732 4775 1831 4847 ptumi
1838 4774 1923 4848 ἀμαθία

377 4861 393 4918 b
412 4861 491 4918 Ριοι.
507 4867 584 4919 Eun.
597 4864 643 4929 lv,
653 4862 699 4918 fib.
711 4863 781 4934 Vlll,
797 4878 857 4933 cap.
868 4879 896 4917 ιι.
908 4861 981 4931 Διττὴ
995 4862 1043 4935 γὰρ
1057 4861 1109 4915 ἐπι·
1158 4864 1310 4918 παντάπασιν
1333 4861 1534 4934 ἀλλοτριώτατον
1557 4865 1601 4929 τῆς
1622 4860 1741 4934 μακαρίας
1759 4858 1852 4921 odaia.
1867 4858 1923 4913 eta

342 4946 427 5017 μέλεια
456 4946 563 5011 παντὸς,
589 4952 632 5000 τοῦ
660 4946 723 5011 (for.
749 4946 789 5013 τὸ)
811 4947 853 5018 μὲν
873 4948 976 4999 acidiari
1005 4945 1111 4999 κελεύσει
1157 4947 1205 5021 γὰρ
1229 4947 1319 5020 γνῶσίς
1343 4944 1408 5010 ἐστι,
1432 4945 1473 4998 καὶ
1495 4947 1586 5017 copia,
1608 4945 1650 4996 aa
1673 4942 1804 5015 ἐπιστήμη.
1827 4942 1922 5004 anicii

340 5034 491 5099 κοσμοῦντος
505 5028 643 5102 ἀπρᾶγμονι
658 5026 802 5100 truncatu,
818 5030 941 5102 βασιλικῇ.
956 5029 986 5082 τὸ
1000 5028 1027 5082 δὲ
1039 5029 1110 5082 auii-
1158 5032 1292 5103 ἄνθρωπος,
1318 5024 1343 5083 εἶν
1364 5033 1460 5101 φρονῶν
1484 5028 1624 5100 ἀγνοήσειεν
1646 5027 1681 5090 ὣς
1703 5033 1753 5081 τῶν
1772 5026 1836 5079 κατὰ
1856 5026 1923 5097 μέμ

340 5127 420 5164 aesta
433 5113 479 5180 ἤδη
494 5111 622 5185 αὐτουργῷ
640 5132 687 5165 τινι
708 5113 821 5180 ποιήσει,
844 5117 937 5184 συναφῇ
959 5112 1067 5184 τῇπρδς
1082 5111 1110 5165 τὸ
1158 5115 1257 5169 πάντων
1265 5112 1478 5184 διαφθειρομένων,
1487 5105 1922 5182 καὶτὰκαθόλουδιῳθαρήσιοαιςίι

342 5195 509 5266 πραττόμενον
529 5195 559 5249 τὸ
576 5197 684 5267 πρᾶττον
706 5201 750 5250 τοῦ
774 5196 944 5267 πραττομένου
962 5198 1005 5262 τῆς
1018 5195 1111 5266 ρόσιιυς
1159 5196 1206 5269 γὰρ
1214 5203 1264 5250 τῶν
1271 5194 1335 5250 κατὰ
1343 5195 1416 5268 μέρος
1429 5195 1528 5249 πάντων
1539 5193 1570 5248 τὰ
1580 5194 1686 5247 καθόλου
1699 5193 1849 5248 συνίσταται.
1858 5190 1921 5249 Vide

343 5271 528 5346 nanturra«.
1159 5277 1642 5349 Gregor.uyss.1in.scrrecaen.

379 5360 478 5415 cCtu.
501 5361 525 5416 il
543 5376 604 5417 cort.
624 5360 686 5419 Jof.
718 5361 826 5434 Προνυεῖ
844 5361 871 5416 δὲ
892 5361 957 5423 ὅλοις
977 5359 1029 5414 ἀνθ’
1052 5362 1111 5414 ὅτου

369 5537 379 5580 f
394 5536 447 5581 Eua.
459 5537 493 5581 At
508 5537 534 5581 de
546 5538 615 5592 Ρικτρ,
628 5548 676 5593 ουρ.
687 5548 718 5581 ιι.
729 5560 757 5572 -
767 5538 781 5581 f
793 5538 867 5583 Liuii
882 5540 908 5583 de
920 5538 965 5584 Gis.
981 5539 1029 5585 utu
1040 5548 1090 5593 cap.
1101 5547 1146 5583 ιιι.
