4030 6204
385 238 435 300 DE
455 237 529 299 ΠΕΟ
551 236 694 310 DEIQUE
713 235 1061 317 PROPRIETATIBUS,
1084 239 1156 301 LlB.
1179 241 1249 317 Vll,
1272 242 1355 304 CAP.
1379 245 1403 304 ί.
1630 248 1689 308 553

97 402 145 482 jus
158 409 214 481 est,
230 421 327 484 quam
346 408 381 465 ut
392 401 530 483 profiteri
544 400 678 463 scribere
690 418 748 463 nos
759 400 870 462 audea-
919 402 990 478 ilde,
1015 405 1068 466 scd
1092 410 1204 467 nauus
1225 408 1396 469 secundum
1417 407 1579 471 scientiam
1600 431 1691 475 nosse

101 517 178 560 mus.
201 496 399 557 Credendum
418 495 568 555 nimirum
590 499 636 555 est
656 493 823 569 veteribus,
840 497 871 553 et
915 494 1060 574 jactaret;
1087 499 1351 577 quemadmodum
1375 500 1487 562 alicubi
1509 520 1603 583 snpra
1623 523 1689 567 me-

102 590 214 672 priscr's,
230 593 268 649 ut
281 589 381 664 aiunt,
391 587 475 663 viris,
488 587 543 666 qui
556 605 589 647 sc
601 585 782 667 progeniem
796 585 870 646 deo·
920 588 1009 662 mini,
1026 589 1125 650 dicere
1139 591 1218 665 illos,
1235 611 1299 652 ncn
1313 593 1495 672 simpliciter
1503 594 1575 656 fidei
1588 596 1691 678 aliqua

102 702 170 744 mm
194 700 263 743 esse
286 680 440 755 dicebant,
464 679 569 759 itaque
590 696 700 739 eorum
722 677 872 739 vocabula
920 680 1029 740 notitia
1038 682 1271 745 Deumsibiesse
1280 687 1691 768 perspectum3sedpcrinde

103 775 187 837 nobis
205 774 426 854 prodiderunt3
447 790 537 833 nosse
551 776 656 832 autem
674 776 872 849 generatores
921 791 956 832 ac
977 773 1131 853 quispiam
1145 776 1301 854 cognoscit
1319 776 1469 856 quidquid
1484 779 1580 841 oculis
1594 781 1692 842 cerni-

104 886 170 928 suos
183 866 301 947 optime
313 870 468 946 poterant.
483 864 527 925 Ac
545 862 668 924 difficile
681 862 763 924 iactu
782 868 838 937 cst,
854 881 873 922 a
921 868 983 938 tur,
995 872 1049 926 aut
1055 866 1198 927 manibus
1206 872 1396 929 attrectatur.
1405 869 1572 931 Velutsiin
1581 890 1692 935 maniis

104 960 158 1021 diis
171 959 247 1021 ortis
264 958 359 1019 fidem
378 974 443 1017 ncn
462 955 577 1016 babere
594 975 601 1016 :
623 973 802 1035 quanquam
816 973 873 1016 nec
921 963 1058 1018 assurim
1071 958 1182 1038 aliquis
1194 960 1340 1040 lapidem,
1352 961 1547 1040 eritlignum,
1564 970 1618 1024 aut
1629 984 1693 1028 ma·

105 1048 549 1131 argumentis,necrationibus
558 1047 647 1108 certis
656 1048 873 1108 commoratio
921 1048 1007 1109 cerie
1017 1050 1142 1111 alterius
1150 1052 1403 1113 instrumentum.
1419 1054 1463 1113 lta
1472 1054 1693 1118 audacissimus

106 1144 315 1207 confirmatur.
331 1141 391 1204 Sed
405 1139 479 1220 quia
496 1140 534 1202 de
554 1139 617 1200 suis
630 1139 723 1200 rebus
736 1139 818 1201 notis
830 1139 875 1198 vi-
923 1139 979 1201 iste
1002 1142 1123 1204 dicebat
1139 1162 1146 1203 :
1162 1145 1239 1204 Tam
1260 1146 1359 1206 licum
1382 1147 1466 1220 nou,
1489 1166 1584 1226 quam
1597 1150 1694 1230 meip

107 1238 214 1299 dentur
227 1235 326 1315 loqui,
341 1234 439 1294 veteri
457 1232 530 1312 legi,
547 1231 687 1311 morique
700 1231 874 1311 parendum
923 1249 993 1293 sum
1019 1253 1027 1292 ι
1053 1235 1118 1295 lmc
1144 1254 1208 1297 non
1231 1240 1295 1296 tarn
1318 1237 1392 1297 novi
1412 1237 1574 1318 meipsum,
1599 1260 1693 1320 quarn

107 1336 210 1390 ωτι.»
233 1328 301 1403 Quo
320 1345 359 1388 ex
372 1325 507 1387 Platonis
520 1324 611 1385 effato
626 1324 767 1384 Clemens
784 1323 872 1384 Alex.
924 1326 1056 1387 neuma
1079 1347 1095 1384 ο
1126 1328 1183 1388 Hic
1199 1336 1268 1407 ρίου
1295 1330 1395 1389 Deum
1418 1348 1449 1389 se
1474 1332 1694 1410 perfectissime

108 1420 258 1484 concludit
282 1420 316 1480 iu
338 1419 365 1476 V
384 1416 496 1479 Strom.
519 1437 535 1473 ιι
556 1416 763 1495 Inquisiticnis
780 1415 873 1492 illius,
923 1435 1024 1492 nosse,
1049 1418 1160 1480 dixisse
1182 1420 1329 1491 stolidum
1351 1420 1475 1482 Aetium
1502 1424 1609 1484 scribit
1627 1426 1696 1505 Epi·

108 1514 220 1595 quaede
235 1515 300 1574 Deo
316 1515 371 1587 cst,
386 1509 598 1570 inventionem
612 1527 676 1569 esse
690 1508 873 1583 doctrinam,
925 1509 1067 1590 phanias,
1093 1513 1177 1592 quod
1196 1519 1241 1573 est
1259 1518 1380 1575 natura.
1401 1515 1518 1575 Verum
1542 1516 1601 1577 bac
1620 1536 1695 1579 voce

109 1625 173 1686 quae
191 1610 236 1667 est
255 1605 422 1684 importata
440 1620 495 1682 per
517 1600 661 1662 Filiuml.
683 1622 698 1657 a
721 1600 765 1661 Ac
783 1601 875 1681 paulo
925 1602 1003 1663 solet
1018 1603 1065 1663 uti
1076 1604 1108 1664 in
1119 1623 1155 1665 ea
1170 1604 1404 1683 significatione,
1421 1612 1457 1667 ut
1468 1607 1507 1667 sit
1519 1627 1631 1685 revera,
1646 1611 1695 1671 vel

108 1704 195 1778 post:
214 1718 229 1755 c
243 1696 276 1758 Si
291 1696 398 1775 igitur,
413 1699 450 1754 ut
465 1692 584 1753 Platoni
603 1693 707 1752 visum
720 1698 777 1769 est,
795 1693 844 1753 vel
858 1712 877 1754 a
921 1695 1059 1775 proprie,
1075 1714 1139 1756 ncn
1152 1694 1230 1777 ficte,
1253 1715 1288 1757 ac
1303 1697 1396 1779 specie
1415 1705 1514 1767 tenus:
1532 1701 1617 1780 quod
1629 1701 1697 1763 istic

110 1792 178 1867 Deo,
193 1788 243 1851 vel
256 1788 298 1849 ab
311 1788 360 1862 iis,
378 1786 433 1866 qui
446 1786 506 1846 orti
519 1789 622 1846 sunta
638 1786 712 1859 Deo,
727 1783 878 1845 duntaxat
926 1784 1020 1845 etiam
1032 1784 1136 1845 locum
1148 1784 1263 1846 babere
1279 1792 1365 1865 puto.
1382 1786 1426 1847 Ac
1436 1787 1559 1848 videtur
1576 1789 1694 1866 Aetius,

110 1883 219 1944 addisci
228 1879 343 1942 veritas
354 1876 745 1959 potcst3me1itccdivinis
755 1876 877 1937 litteris
926 1882 957 1936 ct
974 1877 1027 1956 qui
1041 1876 1107 1956 ejus
1121 1882 1235 1937 sectam
1251 1877 1385 1957 amplexi
1399 1884 1481 1955 sunt,
1496 1896 1567 1958 quac
1581 1881 1619 1942 de
1634 1883 1696 1943 Dec

110 1972 283 2037 testimonia
304 1972 478 2051 seligentes,
493 1970 655 2031 veritatem
672 1968 712 2029 ab
727 1968 782 2029 Dei
801 1968 877 2029 Filio
926 1969 1133 2049 disputabant,
1151 1971 1230 2031 etin
1243 1970 1378 2049 perfecta
1397 1970 1569 2051 illaquam
1583 1992 1647 2053 prce
1664 1992 1697 2036 se

111 2085 164 2128 nos
173 2065 277 2128 doceri
291 2064 462 2145 gloriamur
471 2072 521 2122 ⁰.»
926 2060 1077 2136 ferebant,
1089 2061 1217 2122 scientia
1232 2061 1400 2141 ponebant,
1415 2080 1453 2123 ex
1467 2063 1580 2124 divinis
1598 2066 1699 2146 Scrip-

148 2159 196 2219 lV.
217 2159 339 2220 Neutra
347 2174 420 2217 vero
432 2155 551 2216 ratione
563 2153 738 2233 perspicum
748 2157 803 2228 est,
820 2152 879 2212 cla·
926 2154 1016 2227 turis,
1043 2159 1075 2214 et
1098 2153 1263 2221 christiana
1287 2154 1348 2215 fide
1370 2154 1551 2234 sumpsisse,
1574 2163 1698 2219 utnon

55 2234 92 2329 ³⁰,
113 2269 173 2311 ram
198 2257 229 2312 et
251 2249 429 2311 evidentem
451 2246 507 2308 Dei
528 2244 701 2324 comparari
722 2243 875 2318 notitiam,
927 2245 1056 2306 omnino
1065 2246 1215 2307 naturalis
1222 2246 1330 2307 haberi
1339 2246 1474 2326 cognitio
1485 2247 1538 2309 illa
1549 2251 1696 2329 potuerit,

113 2343 161 2405 sed
186 2342 363 2416 obscuram,
390 2344 422 2400 et
449 2356 518 2417 quac
542 2336 641 2416 magis
667 2335 770 2415 ipsum
800 2354 875 2409 csse,
927 2337 1029 2399 seder
1041 2336 1114 2397 fidei
1127 2337 1285 2417 principiis
1297 2342 1403 2398 crtum
1421 2340 1558 2418 coeperit.
1575 2342 1699 2403 Etenim

113 2453 201 2514 quam
214 2433 293 2515 quid
306 2433 355 2506 sit,
372 2435 404 2491 et
422 2429 594 2510 cnjusmodi
608 2432 718 2488 natura
731 2426 771 2488 sit
783 2426 875 2503 illius,
929 2429 1090 2511 inpeditum
1104 2447 1169 2490 esse
1180 2430 1313 2502 Patrem,
1327 2430 1411 2509 quod
1424 2429 1484 2491 illis
1498 2438 1565 2493 erat
1577 2433 1700 2496 eximite

114 2528 253 2602 ostendit3
270 2524 322 2585 vel
336 2528 417 2585 certe
435 2521 511 2602 quid
525 2538 590 2581 non
603 2519 643 2580 sit
656 2519 767 2599 potius,
783 2537 879 2598 quam
927 2519 1015 2581 istius
1030 2519 1164 2581 scientiae
1176 2527 1277 2602 caput,
1292 2540 1328 2582 ac
1341 2527 1453 2582 catera
1466 2522 1620 2605 deinceps,
1636 2545 1701 2587 non

114 2618 182 2698 iprid
194 2619 241 2679 rei
250 2618 291 2678 sit
308 2637 315 2677 ε
331 2615 416 2696 quod
428 2615 512 2675 idem
523 2612 676 2691 inquinto
692 2609 879 2672 Strcmctcoc
928 2612 987 2693 ipsi
1004 2613 1140 2674 naturali
1151 2613 1396 2692 investigatione,
1413 2614 1467 2674 sed
1481 2614 1554 2676 fidei
1568 2618 1648 2692 luce,
1664 2636 1701 2679 ac

115 2711 247 2773 Clemens
266 2706 442 2790 explicat
458 2707 649 2785 Quapropter
669 2703 778 2764 meritc
796 2704 881 2765 idem
929 2704 1042 2767 (livinis
1056 2705 1220 2785 Scripturis
1229 2705 1328 2766 edocti
1337 2706 1518 2767 didicerant.

116 2805 273 2866 basilidem
281 2801 463 2863 haereticum
472 2798 585 2877 arguit,
597 2797 652 2877 qui
669 2796 881 2857 «naturaliter
969 2796 1007 2857 V.
1030 2798 1148 2858 Verum
1169 2796 1320 2857 nannclis
1341 2802 1443 2876 potest
1463 2799 1572 2860 eadem
1591 2803 1701 2866 notitia

115 2896 207 2957 Deum
226 2895 299 2957 sciri
317 2916 333 2951 u
356 2913 376 2954 a
397 2892 486 2953 nobis
504 2888 691 2950 existimavit
699 2898 721 2948 ⁶.
744 2889 804 2949 Sed
824 2888 880 2949 iste
930 2889 1058 2963 censeri,
1072 2889 1152 2968 quod
1167 2889 1225 2950 etsi
1237 2888 1331 2950 rebus
1343 2888 1425 2964 fidei,
1437 2908 1473 2950 ac
1486 2890 1592 2952 divina
1604 2894 1699 2973 signi·

116 2989 269 3050 scientiam
292 2992 413 3047 naturae
436 2982 547 3044 tribuit
569 2980 730 3060 ejusmodi,
756 2999 825 3059 quae
842 2981 882 3041 sit
930 2980 1072 3042 ficatione
1085 2980 1215 3060 cognitis
1227 2981 1335 3041 innixa
1348 2980 1397 3056 sit,
1409 2987 1529 3044 naturae
1542 2989 1658 3063 tamen,
1670 2993 1702 3049 et

116 3081 192 3141 idem
202 3100 238 3143 ac
251 3080 341 3153 tides,
353 3083 385 3139 et
396 3076 436 3138 ad
447 3075 578 3136 salutem
587 3073 754 3154 pertineat3
770 3091 882 3152 nempe
930 3072 1049 3152 ingenii
1081 3071 1208 3148 viribus,
1238 3078 1270 3133 et
1296 3073 1434 3134 bumana
1465 3075 1701 3141 ratiocinatione

117 3174 204 3252 quod,
216 3179 251 3234 ut
262 3170 456 3243 Valentinus,
469 3174 582 3228 natura
595 3165 744 3245 quosdam
757 3165 879 3241 electos,
931 3169 1068 3240 constet;
1079 3164 1342 3245 quemadmodum
1355 3166 1494 3246 theologi
1507 3185 1545 3228 ex
1559 3168 1620 3230 illis
1631 3171 1703 3232 elia·

117 3284 149 3326 ac
160 3265 275 3339 fideles,
287 3270 318 3324 ct
331 3263 372 3324 ad
380 3262 511 3323 salutem
519 3259 648 3320 idoncos
657 3276 722 3319 esse
733 3258 879 3319 crederet.
931 3256 987 3331 tis,
1014 3274 1083 3336 quae
1101 3256 1260 3337 Scriptura
1276 3255 1390 3318 fidesve
1412 3260 1600 3338 suppeditat,
1621 3281 1702 3324 ncn-

118 3356 246 3419 Anverc
268 3351 629 3432 claram,etcujusmcdi
647 3350 744 3411 estin
764 3368 807 3424 se,
829 3348 883 3411 Dei
933 3348 1018 3409 nulla
1041 3348 1224 3429 disputando
1243 3347 1402 3427 colligcmt,
1423 3368 1460 3410 ac
1481 3369 1538 3431 pro
1553 3369 1590 3413 eo
1610 3360 1703 3434 atque

118 3450 253 3511 notitiam
268 3446 451 3510 neutraliter
461 3443 594 3506 obtineri
607 3442 748 3515 senserit,
765 3446 885 3501 nonest
933 3440 1059 3520 ingenio
1086 3447 1132 3502 est
1160 3440 1297 3502 acutiore
1329 3441 1476 3521 quisque,
1507 3449 1538 3504 et
1569 3447 1704 3509 naturali

119 3541 246 3603 evidens.
263 3539 352 3615 Quod
365 3537 471 3600 Aetius
484 3540 601 3617 postea,
613 3541 644 3596 ct
657 3533 837 3607 Eunomius,
854 3537 885 3594 et
932 3537 1059 3614 praestat
1077 3533 1215 3607 solertia,
1237 3551 1273 3594 eo
1292 3534 1382 3614 plura
1400 3541 1431 3595 ct
1451 3535 1647 3616 explicatione
1666 3539 1704 3601 de

119 3633 274 3714 utrimque
300 3630 442 3711 discipuli
467 3627 610 3690 Ancmoei
634 3625 815 3686 docuerunt.
842 3626 885 3685 lle
935 3627 997 3686 Deo
1009 3625 1148 3705 percipit.
1160 3626 1234 3700 Quae
1248 3626 1382 3705 cognitio
1392 3628 1542 3688 naturalis
1551 3635 1606 3703 cst,
1620 3630 1706 3694 idest

41 3748 91 3781 ιω
120 3726 201 3787 letio
213 3731 296 3787 certe
310 3724 352 3785 sic
362 3722 469 3784 scribit
477 3718 686 3801 Epiphanius:
703 3739 718 3775 c
731 3717 789 3777 Hic
800 3716 885 3777 enim
934 3723 1054 3778 naturae
1076 3722 1165 3797 parta
1187 3718 1228 3792 vi,
1253 3738 1319 3779 non
1346 3719 1495 3799 peculiari
1521 3721 1627 3802 aliquo
1651 3723 1706 3787 Dei

41 3800 101 3890 διο,
121 3836 186 3879 cum
199 3818 262 3879 suis
281 3818 315 3878 in
338 3832 408 3877 cam
426 3812 570 3874 vanitatis
584 3809 753 3871 amentiam
766 3808 883 3884 incidit,
935 3810 1092 3884 instinctu,
1109 3828 1145 3869 ac
1158 3808 1226 3870 luce
1238 3810 1399 3891 patefacta.
1416 3812 1623 3884 Quamobrem
1634 3816 1704 3895 Epi-

121 3916 153 3972 ut
171 3930 264 3993 supra
284 3907 429 3971 mortales
443 3923 552 3968 omnes
569 3905 669 3966 Deum
689 3920 722 3964 se
743 3921 808 3963 non
821 3902 887 3962 sola
936 3902 1069 3983 phanias
1077 3901 1130 3961 illc
1144 3902 1255 3963 ecdem
1267 3901 1379 3963 inlccc
1391 3902 1593 3981 demonstrat,
1609 3906 1707 3969 lraere-

156 4247 176 4289 a
193 4232 279 4289 Puro
293 4232 323 4288 in
341 4233 456 4287 Timaeo.
476 4228 537 4300 Πιρλ
555 4226 582 4281 at
599 4230 650 4281 τῶν
668 4226 751 4280 ἄλλων
763 4226 888 4297 δαιμόνων
939 4220 1053 4295 ἀμηγέπη
1064 4221 1244 4296 προσάγωμεν,
1260 4221 1336 4297 οὗχό
1351 4219 1426 4288 ἔστιν,
1441 4225 1456 4279 δ
1469 4221 1495 4279 δί
1510 4225 1542 4297 μιί,
1556 4222 1607 4281 ἔστι
1619 4226 1708 4302 pupi.

124 4313 192 4370 ιίαιόν
205 4316 346 4389 καλγνῶναι
356 4313 501 4385 dictiaco
513 4310 621 4383 μιῖζονί,
631 4308 683 4364 καθ’
693 4311 766 4381 ἡμᾶς·
778 4308 890 4362 πειστόον
939 4325 1033 4369 σαντες,

124 4398 206 4462 δίτοῖς
219 4398 339 4471 εἰρηκόσιν
354 4396 490 4469 ἔμπροσθεν
507 4392 615 4466 ἐκγόνοις
630 4393 673 4466 μὲν
688 4394 750 4446 icitia
765 4386 844 4455 οὖσιν,
856 4391 890 4454 ὣς
974 4406 989 4447 e
1008 4388 1078 4445 lbid.
1105 4388 1135 4442 cl
1156 4389 1204 4463 γὰρ
1226 4388 1295 4462 pica
1316 4410 1351 4455 τις
1371 4392 1414 4444 τόν
1436 4392 1489 4446 θεὸν
1510 4390 1651 4459 ἐπίσταται,
1673 4397 1708 4460 ὡς

125 4479 222 4553 ίραοαν,
233 4487 318 4553 σαφῶς
331 4480 358 4533 δέ
373 4497 421 4534 που
435 4479 492 4540 τούς
505 4496 531 4532 τι
545 4476 625 4531 οὔτῶν
639 4477 775 4550 προγόνους
789 4474 889 4537 ιίδόσιν,
939 4473 1082 4542 Βασιλείδης
1095 4471 1184 4538 οίιτιιι,
1200 4480 1255 4531 etc,

126 4562 237 4620 όδιίνατον
249 4559 291 4617 οὖν
306 4565 367 4617 θεῶν
382 4561 465 4616 παισίν
481 4560 590 4615 ἀπιστεῖν
606 4559 649 4613 καί
660 4578 705 4631 περ
719 4558 776 4610 ἄνευ
790 4576 817 4611 τι
828 4556 891 4610 είκό·
974 4556 1095 4631 sErlrtt.
1104 4561 1173 4613 Haer
1191 4550 1364 4621 mtufflth
1374 4557 1422 4631 γὰρ
1435 4557 1657 4632 {casamala
1666 4562 1709 4619 ἀπ’

125 4665 181 4712 των,
193 4648 233 4701 καί
247 4645 386 4719 ἀναγκαίων
398 4642 544 4706 ἀποδείξεων
555 4644 681 4715 λέγουσιν·
698 4639 755 4694 ἀλλ’
767 4639 801 4703 ὡς
814 4637 890 4692 οἰκεῖα
940 4637 1013 4693 αὺτοῦ
1026 4638 1086 4712 ίιπίρ
1100 4640 1180 4693 πάντα
1193 4641 1328 4712 ἄνθρωπον,
1341 4640 1385 4693 οὐκ
1399 4639 1438 4694 ἐπὶ
1452 4648 1489 4715 τῷ
1501 4642 1588 4697 riciaco
1599 4644 1641 4698 τόν
1655 4647 1708 4700 dccv

126 4730 252 4799 φόσιουσιν
266 4729 428 4803 δπαγγίλλειν
443 4725 578 4799 ἒπομίνους
597 4730 634 4797 τῷ
654 4725 724 4796 νόμῳ
737 4721 888 4776 πιστευτέον.
938 4723 1003 4776 κατὰ
1016 4723 1107 4786 πίστιν,
1123 4721 1188 4776 ἀλλὰ
1206 4722 1275 4795 picti
1295 4720 1358 4776 accdi
1377 4721 1480 4793 εἴδησιν·
1496 4726 1530 4789 ὡς
1542 4727 1583 4779 καί
1597 4729 1648 4780 ἅνω
1662 4748 1709 4783 που

160 4814 176 4870 b
193 4816 320 4871 Cauneas
334 4814 491 4868 limium.
507 4809 528 4866 V
545 4810 654 4865 Strom.
678 4808 727 4875 Τῆς
740 4805 819 4859 τοίνυν
835 4803 889 4876 περί
939 4804 1065 4879 ίιπίμνησοι
1078 4807 1221 4876 φασκόντων
1237 4805 1329 4870 αίιτῶν,
1339 4804 1388 4879 οὔχ
1398 4806 1482 4871 ἅπλῶς
1497 4807 1585 4862 eccm
1600 4811 1640 4865 τόν
1655 4812 1708 4865 θεὸν

127 4897 178 4950 θεοῦ
191 4900 313 4967 ζητήσεως
326 4896 415 4968 ιίίρισις
428 4892 482 4966 μὲν,
496 4891 512 4960 ἡ
525 4891 567 4946 διὰ
580 4894 625 4945 scil
638 4889 691 4944 υίοῦ
705 4887 857 4943 διδασκαλία.
941 4888 965 4943 ἐν
979 4891 1070 4962 γνώσει
1084 4888 1198 4950 πίστεως·
1215 4886 1271 4942 ἀλλ’
1284 4890 1319 4951 ὡς
1334 4887 1374 4941 ἐὰν
1386 4891 1492 4962 γινώσκη
1507 4909 1543 4952 τις
1553 4894 1600 4944 πᾶν
1609 4893 1709 4965 ὁρατὸς,

161 4982 254 5038 cbiox
268 4980 354 5036 idem.
374 4975 450 5049 Εἴπερ
467 4969 508 5028 οὖν
527 4977 567 5028 καί
583 4973 646 5028 κατὰ
655 4973 788 5037 Πλάτωνα,
798 4973 813 5038 ί,
825 4969 891 5041 παρὰ
939 4972 980 5026 καί
995 4972 1080 5045 χερσίν
1100 4969 1175 5025 abaci
1195 4972 1388 5044 ψηλαφώμενον.
1411 4973 1445 5033 ὡς
1466 4971 1489 5024 τί
1508 4992 1545 5036 τις
1561 4975 1633 5029 λάδος
1647 4978 1724 5048 μετὰ1

128 5068 169 5116 mi
187 5066 258 5128 θεοῦ,
280 5064 295 5130 ἢ
318 5060 385 5133 παρὰ
404 5066 455 5113 τῶν
478 5056 584 5131 ἐκγόνων
604 5060 648 5110 τοῦ
669 5057 739 5118 boc,
758 5053 788 5107 τό
805 5050 891 5120 mall<
940 5058 1023 5128 χεῖρας
1042 5053 1121 5117 titos,
1142 5056 1157 5122 ἢ
1181 5053 1262 5120 ξόλον,
1285 5056 1300 5122 ἢ
1320 5055 1398 5123 όλλης
1418 5056 1481 5119 τινδς
1499 5057 1559 5125 ὅλης
1570 5056 1709 5131 ἐργαλεῖον.

129 5142 278 5218 ἂμᾱνθάνεῑν
303 5146 384 5218 μόνως
401 5136 457 5196 οἷόν
478 5160 522 5203 ca,
543 5139 641 5202 εἰκότως
661 5137 727 5211 παρὰ
749 5142 799 5190 τῶν
820 5136 890 5189 ίίείων
941 5138 1018 5200 οὕτως
1031 5136 1076 5206 ἔφη
1090 5139 1131 5190 καί
1145 5130 1234 5200 cismo
1247 5138 1376 5208 γεννάδας,
1391 5139 1429 5191 ότι
1443 5139 1520 5203 οότως
1534 5135 1592 5195 οἴδα
1605 5145 1648 5197 τὸν
1657 5145 1710 5199 iiic

129 5228 216 5302 λογίων
225 5230 256 5285 τὰ
266 5229 386 5301 papi-ipre
399 5224 565 5297 ἐκλεγόμενοι,
580 5222 624 5291 τὴν
639 5221 751 5289 ἀληθειαν
766 5219 890 5293 adpetisse
940 5221 1024 5293 ὥσπερ
1039 5217 1155 5294 ἐμαυτόν·
1176 5220 1216 5273 καί
1237 5219 1266 5272 οὗ
1287 5225 1404 5275 τοσοῦτον
1418 5216 1476 5276 οίδα
1490 5222 1610 5298 ἐμαυτόν,
1625 5228 1659 5292 ὡς
1669 5230 1710 5285 τὸν

132 5309 304 5368 ἐκδιδάσκεσθαι
317 5309 365 5365 uir
372 5313 415 5364 τοῦ
428 5308 482 5361 υἱοῦ
497 5313 541 5361 τοῦ
555 5308 621 5360 θεοῦ.
940 5304 1004 5358 όιόν.

164 5396 288 5454 ιίίιίθιιι.
307 5395 328 5452 V
347 5395 456 5450 Stront,
480 5392 516 5463 Τῇ
534 5391 617 5458 νοήσει
636 5392 680 5443 τοῦ
698 5387 892 5459 παντοκράτορος
