3942 6168
307 316 367 375 236
815 302 1140 365 tummeleouou
1161 302 1389 365 DOGMATUM.

305 493 380 537 men
394 473 471 534 illud
484 490 504 532 a
518 469 719 550 Pythagoreis
732 467 871 547 ponitur,
884 466 992 545 «quod
1002 470 1078 544 μονὰς
1129 473 1201 528 traca
1214 467 1319 528 vocari
1333 468 1378 527 ait
1393 487 1412 529 ο
1426 469 1590 550 theologis,
1609 476 1645 531 ut
1665 477 1800 535 extrema
1815 477 1876 538 sin·
1894 512 1911 545 a
1926 519 1953 555 ς,

305 567 340 628 in
354 563 603 643 intelligibilibus
610 568 640 623 et
649 579 777 641 corpme
788 560 964 621 carentibus
973 558 1077 618 locum
1128 559 1249 638 plicitus
1265 564 1296 620 θῖ
1310 569 1412 641 εμερειο
1432 561 1634 641 significetur,
1652 584 1759 626 causas
1771 568 1878 632 dictiil
1946 604 1950 609 ·

305 659 408 733 babet,
424 675 525 718 unum
543 662 647 716 autem
664 653 698 714 in
714 651 886 713 numerisr.
903 672 918 709 ν
940 651 1001 712 Sed
1018 649 1078 708 hoc
1127 651 1189 711 lius
1208 652 1298 712 affert
1317 652 1405 728 duas,
1422 672 1557 732 quarum
1575 656 1671 717 altera
1693 676 1733 719 ex
1755 658 1818 737 ipsa
1835 664 1878 725 bei
1912 597 1954 733 Q

305 752 474 813 discrimen
492 748 676 829 plerumque
694 745 875 823 negligitur.
892 744 991 817 Quare
1014 743 1077 802 oco
1128 744 1311 817 substantia,
1331 744 1427 805 altera
1449 764 1488 806 ex
1502 747 1595 807 modo
1614 749 1728 827 agendi
1745 750 1823 812 illius
1836 755 1880 815 du-

305 845 420 924 saepius
441 848 610 918 utrumque
633 839 733 898 solent
753 837 902 897 tribuere.
924 836 969 895 lta
989 834 1077 895 Philo
1127 835 1232 895 citur:
1252 858 1268 893 α
1285 837 1364 896 Νοιιι
1378 836 1462 915 quod
1476 838 1611 899 molibus
1625 847 1656 901 et
1674 843 1880 919 quantitatibus

305 937 433 996 Judaeus
448 934 528 995 libro
545 932 638 993 tertio
652 930 870 1011 Atteqoriarum
888 948 895 988 :
918 949 933 983 ο
950 926 1079 988 Ordina—
1127 927 1298 1001 obtinetur,
1314 929 1374 990 hoc
1386 934 1537 1015 tanquam
1553 950 1664 1012 eorpus
1681 933 1716 993 iu
1736 940 1831 1014 parles
1841 939 1880 999 di.

306 1034 368 1103 tur,
384 1027 499 1106 iuquit,
517 1027 598 1085 lleus
613 1023 785 1084 secundum
799 1038 900 1081 unum
919 1024 950 1079 et
967 1036 1077 1079 mona·
1127 1019 1259 1095 viditur3
1278 1021 1363 1100 quod
1381 1028 1487 1083 autem
1507 1023 1648 1101 partibus
1670 1031 1765 1102 caret,
1780 1030 1881 1092 nullm

306 1114 959 1198 dem,velpotiusetmonasipsasecundum
966 1113 1076 1172 neum.
1127 1112 1265 1189 corporis
1285 1114 1440 1174 rationem
1461 1114 1620 1193 exprimit,
1639 1118 1694 1178 sed
1708 1137 1830 1181 omnem
1841 1123 1880 1183 in·

306 1212 385 1272 Nam
399 1220 548 1272 numerus
558 1208 661 1269 omnis
675 1206 794 1268 mundo
809 1211 855 1266 est
867 1204 1030 1279 recentior,
1042 1209 1079 1264 ut
1127 1205 1268 1283 corporei
1289 1205 1501 1267 conditionem
1515 1209 1648 1270 excellit.
1664 1211 1815 1275 Praeterea
1830 1234 1882 1276 me

306 1309 336 1364 et
348 1310 483 1383 tempus.
505 1305 586 1362 Deus
604 1306 708 1360 autem
723 1299 841 1359 mundo
860 1303 906 1359 est
919 1297 1078 1375 antiquior
1126 1313 1184 1355 nas
1204 1296 1275 1357 ideo
1304 1296 1428 1375 dicitur,
1451 1300 1602 1378 quoniam
1630 1310 1736 1364 mente
1764 1307 1882 1384 nogium

306 1396 434 1475 ejusque
454 1391 626 1456 conditori.
643 1413 658 1449 ν
676 1393 712 1451 Et
727 1390 916 1468 Simplicius,
934 1390 969 1449 in
986 1389 1076 1449 Gom·
1128 1386 1209 1448 oeus
1231 1389 1390 1449 voluntate
1418 1391 1527 1452 omnia
1549 1393 1708 1472 produxit,
1738 1415 1833 1476 neque
1855 1407 1883 1460 ut

306 1488 460 1549 mentario
489 1488 529 1546 od
557 1484 741 1564 Epictetum,
773 1484 872 1542 Deum
896 1487 984 1542 vocat
1005 1488 1078 1543 ἑνάδα
1127 1497 1216 1541 mens
1230 1481 1377 1560 aliquain
1391 1483 1616 1546 intellectiones
1629 1487 1729 1548 divisa
1739 1491 1883 1570 multiplex

305 1587 364 1659 ὑπὲρ
378 1588 459 1648 πάσας
473 1586 570 1649 teclae,
587 1576 731 1635 unitatem
754 1593 821 1654 quea
842 1578 969 1635 unitates
984 1591 1079 1634 οεοοεε
1128 1578 1173 1632 θεῖ
1193 1573 1302 1634 factus.
1328 1575 1388 1635 Sed
1407 1595 1479 1637 cum
1503 1579 1678 1653 mansisset,
1699 1600 1736 1641 ac
1759 1600 1882 1657 manens,

305 1679 437 1752 εομενοῖ.
454 1672 552 1729 Tum:
573 1690 588 1726 ο
604 1669 699 1735 ldem,
716 1667 770 1742 ait,
782 1673 829 1727 est
837 1686 938 1729 unum
952 1672 983 1728 et
990 1667 1077 1746 prin·
1127 1665 1182 1739 ait,
1204 1666 1237 1726 in
1253 1666 1384 1741 unitate,
1400 1669 1468 1729 sine
1482 1670 1623 1748 partibus
1636 1690 1672 1733 ac
1692 1673 1762 1734 sine
1775 1674 1885 1755 dissipe

306 1764 424 1844 cipium
438 1769 469 1824 et
482 1763 603 1822 bonum
618 1767 648 1822 et
658 1762 769 1822 neusa.
787 1782 802 1816 ν
1128 1758 1212 1819 tione
1226 1759 1291 1819 ulla
1300 1764 1331 1820 et
1344 1760 1492 1839 produxit
1501 1766 1532 1821 et
1542 1763 1685 1841 producit
1695 1783 1884 1846 quaecumque

345 1856 411 1916 Vll.
436 1857 521 1915 Hanc
545 1872 638 1933 porro
666 1871 791 1913 causmn
820 1871 884 1913 esse
912 1870 967 1913 cur
996 1854 1078 1913 Deus
1127 1856 1229 1911 creata
1242 1857 1324 1911 sunt.
1348 1853 1426 1912 Nam
1443 1872 1531 1933 usquc
1551 1853 1634 1915 modo
1651 1855 1729 1917 Deae
1749 1868 1882 1939 operetur,

307 1955 382 2029 μονὰς
391 1948 442 2009 vel
451 1946 717 2017 {vaeacnriuianis
728 1944 879 2024 theologis
893 1945 1075 2024 appelletur,
1127 1948 1162 2002 ut
1176 1943 1210 2003 iu
1224 1944 1400 2024 Evangeliis
1414 1945 1533 2005 dictum
1547 1953 1603 2006 θεῖ.
1623 1948 1774 2021 Quocirca
1786 1952 1885 2030 simpli
1956 1976 1957 2009 ι

306 2059 400 2119 quam
414 2040 580 2119 Dionysius
593 2039 697 2099 attulit
711 2038 864 2098 nimirum
875 2043 910 2097 ut
919 2037 986 2116 ejus
996 2056 1079 2099 sum-
1127 2036 1218 2097 ritate
1238 2056 1294 2097 sua
1314 2055 1408 2116 supra
1430 2038 1661 2118 simplicitatem
1684 2043 1816 2122 assurgit
1831 2062 1884 2104 om

305 2151 358 2193 ma
371 2132 552 2213 simplicitas
567 2131 750 2191 ostendatur
767 2129 801 2189 in
816 2148 879 2208 qua
892 2130 978 2190 nulla
992 2148 1076 2190 com·
1126 2146 1210 2203 nem,
1221 2134 1433 2208 acsuperateo
1444 2129 1605 2210 ipsoquod
1612 2134 1755 2211 partibus
1765 2141 1882 2195 caret‘a

305 2225 430 2303 positio,
439 2224 576 2304 partium
583 2223 671 2283 nulla
679 2222 838 2282 distinctio
848 2222 887 2281 sit
897 2240 904 2296 ;
915 2222 1079 2282 confirmat
1128 2220 1208 2280 Hinc
1221 2220 1408 2281 Athanasius
1421 2220 1571 2282 nomem
1580 2222 1752 2286 divinitates
1761 2228 1885 2288 nominat

305 2316 408 2395 gratis
428 2315 586 2395 imprimis
603 2320 712 2376 auctor
733 2314 920 2374 Athanasius
942 2314 1001 2373 sub
1014 2314 1077 2374 ini-
1128 2310 1310 2373 indiuiduam
1324 2320 1353 2372 et
1368 2312 1580 2374 insecabilems.

305 2408 386 2469 tium
407 2408 525 2485 quiutae
547 2412 583 2467 ut
602 2406 785 2468 inscribitur
807 2406 901 2484 vulgo
929 2406 1079 2467 orationis
1167 2406 1247 2466 Vlll.
1272 2405 1312 2465 Ut
1333 2410 1439 2466 autern
1462 2407 1665 2485 antiquorum
1685 2410 1886 2489 theologorum

306 2498 443 2560 adversae
456 2498 593 2574 Arianos,
605 2504 712 2559 contra
721 2516 799 2576 quos
814 2497 939 2573 Filium,
951 2498 1007 2576 qui
1022 2498 1081 2559 Dei
1127 2497 1181 2558 illa
1207 2497 1246 2558 de
1271 2497 1326 2557 Dei
1349 2497 1470 2559 unitate
1492 2499 1635 2561 doctrine
1658 2500 1712 2562 fiat
1740 2502 1884 2577 illustrior,

305 2592 449 2673 sapientie
467 2597 606 2665 vocatur,
618 2597 726 2652 ἕνοῖοιον
740 2590 772 2650 id
789 2595 845 2665 est,
860 2589 1078 2651 substantialem
1127 2590 1271 2668 quaedam
1293 2607 1332 2649 ex
1355 2589 1486 2651 diversis
1514 2610 1624 2652 eorum
1652 2593 1774 2673 placitis
1796 2600 1886 2654 exorti

306 2683 491 2764 esseprobat
504 2702 589 2743 exeo
602 2683 686 2762 quod
699 2682 1080 2760 siiormoquaedamesset
1126 2682 1257 2760 quaestio
1271 2682 1474 2760 proponenda
1494 2683 1631 2745 breviter
1649 2703 1686 2745 ac
1704 2685 1886 2766 disceptanda

306 2776 473 2837 accidentis
492 2794 579 2836 more
599 2777 698 2835 Deum
720 2774 869 2847 afficiens,
886 2792 987 2853 neque
1006 2775 1079 2835 sim·
1127 2773 1214 2853 prius
1227 2773 1360 2834 videtur.
1374 2775 1454 2834 Sunt
1468 2776 1555 2836 enim
1565 2777 1788 2857 aliquiquibus
1800 2797 1886 2840 unum
1958 2812 1959 2833 ι

306 2867 740 2949 plexforet,nequeindivisa
753 2868 868 2941 unitas,
884 2867 938 2927 sed
952 2885 1077 2946 compo-
1127 2884 1260 2926 numero
1281 2866 1431 2946 appellari
1446 2868 1545 2928 Deum
1568 2887 1633 2929 non
1656 2869 1768 2949 placet,
1789 2870 1886 2932 nesub

306 2961 383 3021 situs
397 2980 436 3022 ex
451 2961 623 3021 substantia
644 2966 674 3021 θῖ
691 2960 851 3039 qualitate.
872 2960 974 3020 Verba
988 2960 1080 3020 Atha·
1127 2976 1296 3018 numerum
1320 2958 1429 3019 cadere
1447 2965 1575 3038 putetur
1589 2979 1716 3039 quema
1736 2963 1885 3023 Diiinitate

305 3052 386 3114 nasii
403 3074 410 3115 z
431 3075 446 3111 α
461 3055 521 3115 Sed
535 3072 601 3114 non
614 3058 688 3112 suut
704 3053 764 3113 ista
777 3058 813 3112 ut
830 3052 963 3132 qualitas
975 3053 1080 3131 aliqua
1127 3051 1252 3131 penitus
1266 3051 1445 3112 excludunt.
1460 3052 1524 3113 Alii
1534 3070 1573 3113 ex
1582 3053 1710 3114 adverso
1720 3073 1785 3115 non
1798 3055 1885 3115 solum

306 3145 341 3206 in
364 3148 438 3207 Deo.
459 3147 575 3226 Apage,
598 3146 782 3207 indecorum
805 3146 889 3206 enim
913 3145 996 3205 istud
1021 3151 1076 3206 est.
1129 3154 1225 3223 μονάδα
1239 3148 1367 3205 censent
1382 3162 1458 3219 esse,
1474 3146 1529 3206 sed
1543 3145 1610 3222 ejus
1622 3164 1747 3225 quoque
1760 3147 1885 3208 vocabuli
1913 3082 1960 3209 τοί

307 3238 358 3298 Sic
371 3238 457 3299 enim
470 3238 642 3318 reperietur
656 3239 737 3299 Deus
752 3238 940 3316 compositus
954 3256 993 3298 ex
1006 3238 1077 3298 sub·
1129 3237 1290 3297 notionem
1313 3236 1432 3297 ducunt
1456 3257 1475 3297 a
1497 3256 1640 3298 numero.
1667 3239 1783 3300 Prioris
1804 3241 1885 3320 partis
1914 3234 1960 3325 W}

306 3330 419 3390 stantia
429 3336 460 3390 et
472 3331 630 3409 qualitate.
643 3332 722 3390 Num
732 3331 835 3389 omnis
844 3330 976 3409 qualitas
990 3331 1079 3391 estin
1129 3334 1342 3408 propugnator
1356 3334 1402 3388 est
1413 3330 1556 3405 Basilius,
1567 3330 1623 3408 qui
1636 3331 1671 3390 in
1687 3331 1813 3411 epistola
1825 3350 1884 3392 cen·
1908 3336 1960 3428 Ἢ

306 3422 533 3497 substantiane
543 3423 674 3502 proinde
685 3423 848 3482 istomodo
859 3422 1079 3484 divinaunitas
1127 3422 1239 3481 tesima
1251 3420 1488 3499 quadragesima
1506 3422 1609 3502 prima
1628 3424 1832 3501 quorumdam
1848 3442 1886 3484 ea·
1904 3402 1957 3485 nito

306 3532 379 3573 cum
393 3514 433 3573 sn
446 3514 660 3587 indivisibilis,
677 3514 848 3593 composui
860 3515 1028 3591 euehitur,
1045 3516 1078 3575 in
1128 3514 1282 3575 lumniam
1310 3513 1462 3590 retenens,
1493 3515 1549 3594 qui
1579 3515 1641 3595 ipsi
1668 3516 1766 3576 trium
1789 3517 1886 3595 dogm
1913 3497 1960 3589 tlt.

306 3605 513 3665 substantiam
534 3612 565 3665 ct
582 3605 724 3666 accidens
746 3604 856 3666 tacut
877 3627 893 3663 ν
918 3607 998 3666 Hinc
1018 3607 1080 3667 evi-
1127 3606 1260 3667 deorum
1268 3604 1455 3684 objecerant,
1468 3624 1569 3668 unum
1578 3625 1643 3667 esse
1658 3609 1757 3668 Deum
1769 3626 1885 3668 numero
1927 3596 1960 3643 ¹⁸³¹*

307 3698 438 3757 deusest
451 3697 522 3757 ideo
533 3698 698 3759 monadem
712 3717 778 3759 esse
788 3699 887 3759 Deum
896 3698 1029 3778 intelligi
1040 3700 1079 3760 ab
1128 3705 1233 3777 negat,
1244 3704 1356 3759 natura
1369 3699 1494 3759 iatetur.
1515 3720 1530 3755 (ι
1546 3699 1704 3761 Adversus
1718 3720 1771 3763 eos
1783 3707 1883 3773 autem,

307 3788 486 3866 Athanasio,
509 3792 592 3868 quod
612 3791 653 3850 sit
674 3791 922 3870 simplicissimus
945 3811 1002 3852 nec
1022 3791 1080 3851 ulli
1128 3790 1183 3865 ait,
1199 3790 1254 3870 qui
1272 3789 1363 3850 nobis
1376 3808 1432 3870 per
1447 3791 1637 3852 calumniam
1656 3793 1755 3853 trium
1771 3793 1886 3855 deomm

306 3882 468 3960 partitioni
496 3882 601 3943 locum
624 3883 770 3963 praebeat.
795 3883 846 3944 Sic
868 3888 899 3943 et
925 3884 1080 3945 Maximus
1129 3883 1314 3944 sententiam
1342 3883 1505 3961 objiciunt,
1534 3884 1612 3945 illud
1647 3892 1821 3965 usurpetur,
1839 3900 1886 3944 nos
1948 3908 1952 3919 ·

307 3973 448 4053 Dionysii
465 3973 618 4054 interpres
634 3975 727 4054 hujus
746 3976 799 4036 illa
813 3974 907 4036 verba
923 3977 1080 4056 explicans
1129 3994 1230 4037 uuum
1239 3977 1339 4036 ileum
1349 3978 1739 4039 nonnumerosednatura
1748 3975 1883 4039 confiteri.

306 4084 376 4145 quae
390 4066 483 4145 paulo
492 4072 565 4135 ante
579 4068 681 4147 posui,
698 4068 812 4148 quibus
826 4069 926 4129 Deum
941 4079 1036 4149 μονάεο
1050 4073 1081 4130 et
1130 4069 1209 4129 Nam
1217 4066 1371 4147 quidquid
1380 4086 1513 4130 numero
1521 4087 1622 4130 unum
1632 4069 1759 4147 dicibrn
1770 4071 1885 4132 hocnon

307 4329 394 4399 icaria
404 4332 497 4399 ἥνωται
514 4330 531 4401 ί]
551 4331 609 4406 ἁγία
627 4333 695 4407 τριὰς
713 4342 836 4405 φυσικῶς,
856 4336 897 4388 καί
917 4335 971 4390 ἑνοῖ
987 4337 1080 4398 πάντας
1128 4336 1182 4399 θεὸς
1193 4333 1216 4398 ἐξ
1226 4335 1318 4400 οὐσίας,
1330 4338 1371 4389 καὶ
1381 4339 1522 4406 ποιότητος·
1533 4340 1602 4392 πᾶσα
1619 4337 1667 4412 γὰρ
1676 4337 1810 4408 ποιότηςίν
1827 4337 1887 4408 detq

306 4416 362 4476 τοῖς
372 4414 433 4487 αὐτῇ
443 4416 632 4483 πλησιάζοντας,
648 4416 750 4471 κατὰτὸ
761 4418 886 4490 εἰρημένον
897 4418 921 4472 ἕν
932 4425 968 4491 τῷ
978 4419 1079 4492 εὐαγγε·
1129 4418 1189 4474 ἐστί’
1200 4420 1263 4474 κατὰ
1274 4425 1347 4474 τοῦτο
1357 4420 1384 4474 δὲ
1393 4420 1409 4488 ἣ
1419 4421 1470 4474 θεία
1488 4422 1564 4494 μονὰς
1574 4421 1711 4494 ἀδιαίρετος
1721 4419 1886 4482 otescalce<

305 4496 363 4569 λίην
374 4499 418 4550 ἵνα
426 4492 487 4551 ὦσιν
499 4498 570 4553 αὐτοὶ
580 4501 616 4564 ἓν,
628 4501 711 4573 ὥσπερ
720 4504 761 4555 καί
770 4502 842 4573 ἡμεῖς
853 4502 878 4554 ἕν
889 4501 970 4574 ἔσμεν.
1128 4506 1272 4574 φανήσεται,
1283 4505 1421 4575 τεμνομένη
1433 4503 1465 4565 είς
1475 4503 1569 4567 οὐσίαν,
1579 4507 1620 4557 καὶ
1629 4506 1788 4576 σομὸεὸηκός.

343 4596 364 4635 a
382 4583 485 4638 Auctor
505 4587 579 4639 Vite
592 4583 718 4656 Pyrtaq.
740 4584 812 4656 apud
834 4585 912 4641 Pbot.
938 4587 998 4642 cod.
1015 4586 1079 4643 249.
1164 4588 1293 4642 ellraru.
1309 4587 1344 4638 Τὸ
1353 4585 1401 4658 γὰρ
1411 4587 1502 4658 ὄγκοις,
1512 4587 1552 4640 καί
1561 4589 1708 4657 πηλικότησι
1717 4590 1885 4660 διειλημμένοι,

306 4659 368 4715 Ὀτι
378 4664 498 4734 διαφέρειν
509 4664 592 4737 ἔλεγον
603 4667 626 4719 ol
646 4666 696 4721 ἀπὸ
714 4668 857 4741 Πυθαγόρου
870 4670 965 4740 μονάδα
982 4671 1023 4722 καὶ
1043 4669 1079 4722 ἔν·
1129 4674 1213 4733 τοῦτο,
1225 4670 1316 4723 tresel
1326 4677 1410 4742 σῶμα,
1423 4671 1554 4743 μερίζεται·
1571 4673 1600 4725 τὸ
1610 4670 1637 4724 δὲ
1656 4670 1754 4745 ἀμερὲς,
1773 4672 1809 4725 καί
1825 4671 1887 4741 bip·

308 4744 384 4817 μονὰς
395 4744 494 4818 μὲνγὰρ
509 4747 567 4819 παρ’
587 4748 670 4811 αὐτοῖς
690 4748 816 4822 ἐνομίζετο
834 4750 850 4818 ἡ
870 4749 894 4803 ἐν
913 4754 966 4813 τοῖς
984 4753 1081 4820 νοητοῖς
1129 4753 1206 4822 φατόν
1217 4750 1267 4806 ἔστι
1276 4753 1399 4824 σώματος·
1413 4751 1477 4805 ἀλλὰ
1493 4754 1534 4806 καί
1543 4753 1603 4825 ὑπὲρ
1617 4754 1697 4807 πᾶσάν
1717 4753 1781 4809 ἔστιν
1795 4753 1886 4823 ἐσωμα-

306 4821 382 4892 οῧσα,
395 4828 421 4880 ἓν
432 4826 469 4892 δὲ,
481 4828 510 4882 rh
522 4827 547 4881 ἐν
558 4833 610 4893 τοῖς
620 4831 742 4905 ἀριθμοῖς.
1129 4835 1193 4888 τίαν·
1205 4835 1288 4897 ἄλλως
1297 4854 1333 4900 τε,
1345 4834 1427 4903 ἐπειδὴ
1445 4837 1579 4904 διανοηθεὶς
1597 4836 1612 4889 ὁ
1630 4837 1684 4898 θεὸς
1703 4838 1846 4907 βουλητιαῶε
1861 4832 1887 4885 τί

343 4909 474 4981 antto,
490 4910 571 4967 initio
596 4912 658 4968 libri
685 4915 731 4969 ΙΙΙ.
747 4915 843 4987 Αίίεμ.
864 4917 983 4970 Τίτααται
1003 4912 1046 4970 οἷον
1067 4918 1081 4972 ὁ
1129 4920 1209 4973 πάντα
1219 4919 1363 4988 ὓπέστησεν,
1374 4918 1423 4992 οὔχ
1441 4913 1484 4972 ott
1494 4939 1530 4981 τις
1548 4923 1604 4981 νοῦς
1622 4919 1656 4982 είς
1674 4922 1768 4988 νοήσεις
1785 4917 1887 4991 μερισθεὶς

306 4993 359 5055 θεὸς
371 4993 434 5047 κατὰ
445 4994 474 5047 τί)
484 4994 521 5057 ἓν,
532 4998 573 5047 καί
583 4995 627 5064 τὴν
639 4999 742 5069 μονάδα·
760 5000 855 5070 μᾶλλον
875 4999 901 5053 δὲ
919 5002 960 5053 καί
978 4999 1082 5072 ἥμονας
1130 5000 1371 5070 ἐπολλαπλασιάσθη·
1385 5001 1449 5054 ἀλλὰ
1461 5002 1553 5074 μείνας,
1564 5004 1605 5054 καί
1626 5003 1716 5074 μένων,
1735 5004 1811 5074 φησὶν,
1831 4997 1887 5069 ἔντη

306 5076 369 5129 κατὰ
379 5078 421 5131 τὸν
433 5078 477 5131 ἕνα
487 5078 551 5132 θεόν·
563 5082 610 5141 πᾶς
620 5080 667 5153 γὰρ
678 5080 778 5154 ἀριθμὸς
796 5084 914 5155 νεώτερος
931 5086 1037 5156 κόσμου,
1048 5084 1082 5147 ὡς
1130 5083 1196 5138 tota
1206 5085 1313 5157 ἀμερῶς,
1323 5085 1364 5137 καί
1375 5084 1538 5147 ἇσαεδάστως,
1549 5085 1590 5137 καί
1599 5085 1730 5153 ὑπέστησε,
1740 5086 1778 5137 καί
1786 5082 1887 5154 'opiam

307 5160 348 5211 καί
357 5163 456 5232 χρόνος·
469 5161 519 5215 ὅδὲ
528 5162 581 5224 θεὸς
590 5164 750 5237 πρεσὸιίτερος
768 5168 861 5238 κόσμον
872 5167 912 5219 καί
921 5169 1079 5239 δημιουργός.
1129 5166 1195 5221 riis
1208 5172 1238 5240 τῇ
1252 5167 1336 5221 κτίσει·
1360 5167 1406 5230 ἕως
1424 5166 1472 5240 γὰρ
1490 5168 1544 5240 ἄρτι
1564 5164 1691 5240 ίμγάζεται
1709 5168 1723 5221 b
1741 5169 1799 5228 θείς·
1817 5159 1886 5225 ixit

344 5257 359 5297 c
377 5243 495 5298 Srurttc.
516 5244 667 5319 Ταῦτὶννγὰρ
678 5244 741 5301 ἐστιν
761 5249 797 5312 ἓν,
816 5250 857 5301 καὶ
877 5248 952 5323 ἀρχὴ,
971 5249 1082 5321 anitiqu-
1130 5249 1280 5324 εὐαγγελίοις
1298 5248 1402 5323 εἴρηται,
1413 5250 1588 5324 trapsilam
1613 5246 1656 5305 οὖν
1674 5255 1753 5306 πᾶσαν
1770 5249 1887 5313 ἁπλότητα

308 5323 363 5391 θον,
374 5326 415 5379 καί
424 5326 487 5387 θεός.
1131 5333 1229 5407 ἄμερῶς
1238 5334 1381 5406 ὑπεραῖρον.

343 5408 489 5465 dArntu.
510 5407 644 5484 Ἀλλίιμὴ
667 5413 702 5475 ὣς
729 5417 830 5484 ποιότης
849 5432 886 5479 τις
904 5419 982 5471 ταῦτα
1001 5413 1026 5469 ἐν
1045 5421 1082 5488 τῷ
1167 5417 1271 5491 sAru.
1294 5433 1334 5474 or.
1363 5419 1391 5475 5.
1420 5417 1526 5473 Μονάδα
1547 5417 1662 5487 θεότητος
1684 5416 1828 5490 scalpros,
1850 5410 1885 5464 καί

309 5492 367 5564 θεῷ·
379 5492 469 5564 ἄπαγε,
488 5491 592 5565 ἀπρεπὲς
612 5499 695 5549 τοῦτο·
717 5495 868 5567 είνρεθήσεται
878 5498 926 5571 γὰρ
937 5499 1049 5561 σύνθετος
1066 5497 1082 5553 ὁ
1130 5499 1258 5575 ἄσχιστον.
