4134 6182
346 477 385 536 es
763 471 804 534 ιν
824 472 922 535 orus
943 458 1271 539 resosoaicoauu
1293 420 1542 538 nocuerunt.¹

346 624 497 687 mutabile
516 630 576 699 est,
608 629 729 685 etcum
750 623 877 686 scientia
898 625 1118 706 comprehendi
1170 625 1287 701 tem,in
1301 625 1867 706 quodescriheudoctcommendendo
1880 645 1949 708 pta·

344 726 514 801 potestas
1171 720 1949 802 bxusestadcoClemauaille,velpotiusquemin·

204 838 287 883 em
386 814 538 893 Estigitur
550 816 644 894 γνῶσις
661 814 745 875 idem
759 815 886 876 omnino
900 832 936 875 ac
957 812 1119 892 disciplina
1170 816 1369 878 formandum
1385 816 1661 896 instruendumque
1675 816 1733 877 sibi
1747 816 1947 898 opereinillo

344 905 411 967 hec
437 913 552 984 nostra,
589 926 684 987 quam
712 908 901 988 theologiam
930 907 1068 973 dicimus·
1088 913 1119 967 et
1171 910 1651 990 proposuit‚nullumessealium
1663 911 1948 991 quamtheologum

188 1034 313 1079 &om-m,
344 1000 484 1078 γνωαταθς
503 1001 555 1062 ille
577 1002 740 1063 Clementis
757 1009 802 1063 est
824 1002 994 1079 theologus.
1017 1000 1118 1074 Quare
1171 1010 1405 1079 nostrum3tum
1414 1005 1868 1067 minimeabeoremovendam
1882 1023 1948 1067 assa

192 1120 301 1167 ςςςςςςςς,
345 1094 529 1172 omniailla,
544 1114 613 1175 que
626 1096 710 1156 idem
732 1102 838 1156 auctor
855 1096 888 1155 in
906 1099 1042 1177 γνωστικῷ
1062 1112 1118 1154 suo
1171 1097 1410 1178 philosophiam,
1418 1099 1504 1159 sedai
1512 1098 1948 1178 petiusdecnrietomamcato

345 1188 475 1271 requut
501 1195 700 1265 ornamenta,
736 1192 770 1250 in
789 1190 969 1269 theologum
997 1206 1119 1268 compe-
1171 1191 1949 1270 foreatquehaudmediocremexearedundarefru·

344 1286 423 1342 tunt.
454 1282 634 1360 cujusmodi
656 1289 701 1343 est
727 1283 809 1343 inter
828 1283 890 1343 alia
907 1281 1117 1342 decumanam
1172 1290 1266 1345 ctum.
1280 1286 1397 1345 Verum
1408 1286 1589 1364 hujusmodi
1598 1286 1817 1348 cautionemin
1832 1285 1945 1346 admit-

344 1375 485 1435 omnium
507 1376 690 1455 complexio,
705 1395 768 1438 non
781 1376 883 1437 solum
913 1392 1116 1455 magnarum,
1171 1378 1264 1439 tenda
1286 1378 1482 1458 philosophia
1501 1379 1656 1459 plerisque
1675 1378 1737 1439 illis
1757 1379 1790 1439 in
1806 1378 1883 1439 locis
1897 1378 1949 1438 ad·

345 1469 517 1530 sedetiam
549 1471 762 1537 mediocrium.
790 1468 1058 1545 Quemadmodum
1085 1468 1119 1528 in
1171 1471 1312 1547 hibet,ut
1325 1491 1364 1533 ne
1378 1473 1488 1535 diunis
1507 1474 1831 1554 prestantioiibusque
1845 1472 1949 1551 negle-

344 1569 428 1624 sexto
444 1564 523 1625 libro
537 1566 637 1645 operis
654 1565 792 1643 ejusdem
804 1565 902 1625 docet.
924 1563 984 1625 Ubi
996 1562 1117 1642 sapien·
1171 1565 1236 1640 ctis,
1242 1565 1529 1626 totumsehumanis
1536 1567 1706 1645 creatisque
1713 1567 1805 1626 rebus
1813 1565 1947 1646 addicat,

346 1661 411 1716 tem
425 1656 516 1719 illum
535 1677 638 1733 suum,
664 1658 942 1739 ωίγνωατιιιθννιιίοί
976 1673 1118 1735 «ευμεν-
1171 1663 1201 1717 et
1214 1657 1247 1718 in
1265 1676 1373 1718 earum
1387 1659 1642 1739 contemplatione
1659 1658 1775 1738 defigat
1793 1660 1946 1720 animum.

344 1769 513 1813 vacaneum
532 1758 661 1813 tractare
687 1752 804 1831 aliquid
823 1752 857 1824 iu
877 1751 971 1825 victu,
993 1749 1115 1824 vestitu,
1171 1749 1258 1825 Quod
1280 1751 1314 1811 in
1326 1757 1411 1812 sexto
1432 1752 1511 1813 libro
1523 1752 1683 1831 insigniter
1695 1753 1777 1827 facit,
1803 1752 1857 1812 ubi
1871 1752 1948 1832 quid

344 1834 477 1906 studiis⁶.
494 1847 553 1906 »Et
566 1852 670 1907 tamen
683 1846 727 1906 ita
740 1863 772 1906 se
787 1862 892 1925 gerere
906 1842 1117 1905 illamdebere
1169 1862 1207 1903 ex
1222 1862 1345 1924 quaque
1367 1845 1506 1905 doctrina
1528 1863 1636 1926 capere
1659 1845 1781 1920 debeat,
1802 1845 1948 1925 theologo

197 1968 292 2015 pm
344 1937 440 2015 dicit,
468 1946 503 2000 ut
516 1958 587 2000 cum
616 1963 630 1996 ν
655 1940 803 2020 primario
826 1940 907 2000 circa
928 1940 1035 2018 γνῶσιν,
1056 1936 1116 1997 hoc
1169 1936 1347 2017 prescribit.
1378 1939 1438 1999 Sed
1468 1957 1531 1999 nen
1559 1944 1630 1999 sunt
1658 1938 1828 1999 omittenda
1853 1938 1949 1999 verba

17 2048 18 2073 ι
343 2038 398 2108 est,
410 2031 584 2094 divinarum
594 2052 699 2095 rerum
705 2034 873 2108 scientiam,
890 2038 1065 2112 occupetur,
1078 2049 1115 2092 ex
1169 2030 1307 2109 ejusdem
1322 2030 1404 2108 libri,
1428 2050 1497 2112 que
1512 2032 1668 2112 quomodo
1690 2033 1735 2092 uti
1748 2031 1839 2092 illum
1861 2031 1950 2092 disci-

17 2092 18 2171 ί
343 2130 541 2207 consequenti
558 2135 674 2203 tamen,
694 2147 730 2188 ac
748 2127 833 2190 velut
851 2126 1031 2187 accessionis
1047 2126 1113 2187 loco
1168 2121 1260 2202 plinis
1274 2129 1412 2203 oporteat
1424 2124 1554 2204 pulchre
1566 2131 1596 2185 et
1609 2124 1649 2184 ad
1661 2122 1796 2184 mentem
1809 2130 1948 2184 nostram

17 2212 18 2251 ί
199 2235 294 2283 canen.
341 2220 375 2280 in
387 2222 585 2298 deversetur,
598 2242 667 2303 quse
690 2224 730 2283 ad
744 2226 839 2302 γνῶσιν
854 2221 1023 2281 exercendo
1040 2239 1116 2300 pre·
1168 2216 1322 2297 explicant
1345 2236 1352 2277 :
1375 2240 1390 2275 ιι
1407 2219 1577 2293 decadem,
1594 2218 1647 2293 ait,
1658 2218 1691 2278 in
1702 2217 1808 2297 primis
1823 2235 1950 2297 aepre-

341 2332 452 2393 parare
461 2321 606 2395 possunt;
621 2321 689 2376 urm
705 2334 742 2375 ex
754 2332 941 2395 unaquaque
954 2314 1115 2395 disciplina
1168 2310 1265 2390 cipuis
1278 2328 1399 2391 semper
1405 2313 1545 2372 animum
1553 2318 1737 2392 occupatum
1750 2310 1949 2384 habethod

341 2408 425 2488 quod
438 2408 478 2468 ad
490 2410 650 2470 veritatem
663 2408 852 2470 conducibile
866 2409 915 2483 sit,
924 2408 1082 2487 accipiat⁰.
1098 2432 1110 2464 ν
1167 2404 1192 2463 si
1205 2405 1329 2484 quando
1340 2404 1386 2464 illi
1400 2406 1498 2465 otium
1509 2411 1563 2481 est,
1580 2411 1611 2465 et
1623 2405 1799 2465 remittendi
1812 2403 1951 2484 aprima-

381 2503 435 2564 lll.
453 2503 539 2564 ldem
562 2510 592 2564 et
604 2504 749 2583 inprime
765 2503 847 2564 libro
859 2502 1112 2583 «philosophiam
1168 2499 1220 2559 iiis
1231 2498 1441 2560 studiisanimi
1455 2505 1588 2580 tempus,
1596 2500 1735 2559 Grecam
1749 2498 1948 2577 attingitphi-

341 2595 393 2670 ait,
411 2601 481 2656 ante
500 2597 623 2657 Domini
635 2596 813 2671 adventum,
830 2596 943 2657 Grecis
963 2596 1003 2656 ad
1020 2596 1111 2674 justi·
1167 2593 1352 2671 losophiam,
1372 2598 1524 2673 tauquam
1548 2592 1713 2653 hellarium
1731 2590 1857 2670 aliquod
1880 2597 1951 2671 post

339 2689 415 2750 ham
428 2689 521 2751 larissa
534 2692 748 2766 necessariam,
764 2709 848 2751 nunc
868 2695 972 2750 autem
987 2689 1027 2750 ed
1039 2690 1112 2750 reli-
1166 2704 1287 2747 cenam
1305 2687 1467 2762 amedeus,
1482 2688 1526 2747 ita
1540 2687 1666 2766 quidem
1678 2692 1714 2746 ut
1735 2684 1864 2746 meliora
1883 2703 1950 2745 nou

340 2783 459 2861 glosam
471 2785 616 2864 pietatem
629 2784 737 2845 utilem
752 2803 828 2857 esse,
844 2802 881 2843 eo
902 2783 986 2863 quod
1000 2783 1115 2863 previa
1167 2779 1314 2859 negligat,
1331 2780 1384 2840 sed
1394 2780 1450 2841 illa
1463 2787 1615 2861 quatenus
1621 2780 1746 2839 satisest
1755 2770 1945 2838 assumes.»

341 2876 484 2955 quedam
498 2878 629 2939 eruditio
644 2879 683 2939 sit
694 2878 742 2954 iis,
759 2877 896 2957 quifldei
921 2896 977 2957 per
990 2877 1116 2938 demon·
1211 2875 1262 2934 lV.
1280 2875 1332 2933 Est
1346 2874 1450 2954 itaque
1464 2874 1627 2953 theologie
1641 2892 1704 2934 non
1718 2872 1949 2953 aspernandum
1984 2893 2052 2937 ινωνι

339 2972 517 3032 strationem
530 2971 1117 3051 m1otumcolligunta.»sumpaucis
1170 2966 1372 3047 philosophie
1387 2968 1633 3043 contubernium,
1651 2968 1790 3046 adeoque
1804 2984 1861 3026 nec
1879 2966 1949 3025 dia·
1988 2958 2052 3054 ,ἐξ

337 3065 526 3144 interjectis:
560 3066 744 3127 «Liberales
767 3072 848 3126 artes
862 3066 968 3126 asserit
991 3066 1032 3126 ad
1045 3065 1115 3145 phi-
1170 3061 1294 3125 lectiae.
1319 3061 1408 3135 Quod
1428 3063 1531 3143 ipsum
1550 3063 1588 3123 iis
1609 3081 1647 3125 ex
1661 3061 1768 3123 officiis
1786 3060 1948 3141 probatur,
1976 3054 2052 3161 Ἥ

339 3158 513 3239 losephiam
527 3162 675 3235 enubere,
691 3167 842 3239 tanquam
855 3160 994 3238 ipsarum
1015 3158 1116 3219 domi·
1171 3170 1240 3231 que
1254 3154 1384 3235 sapienti
1402 3155 1579 3231 christiano,
1594 3155 1687 3216 idest
1706 3154 1862 3235 theologo,
1878 3154 1949 3217 Gle-
1998 3166 2051 3254 (ινφ

338 3270 424 3312 nam.
449 3255 495 3313 lta
515 3255 608 3313 etiam
631 3253 860 3333 philosophiam
880 3252 980 3330 ipsam
1004 3252 1043 3311 ad
1065 3269 1115 3311 sa·
1170 3265 1258 3309 mens
1285 3249 1431 3328 assignat.
1461 3251 1571 3311 «Tria
1588 3250 1646 3310 sihi
1665 3256 1784 3311 naahas
1809 3248 1950 3329 phileso-
2010 3227 2040 3256 Μ

338 3344 487 3424 pientiam
501 3346 742 3425 comparandam
759 3344 930 3404 conducere
940 3349 962 3403 ⁰.
985 3364 1000 3401 ιι
1028 3344 1116 3402 Hanc
1169 3341 1260 3421 phas,
1276 3343 1455 3424 inqiut,ista
1471 3344 1628 3420 vendicat,
1645 3344 1782 3424 primum
1809 3348 1950 3405 contem·

339 3439 450 3499 deimle
471 3439 653 3519 sapientiam
673 3438 717 3498 ita
739 3455 811 3497 cum
831 3435 1026 3516 philosophia
1047 3452 1116 3495 con·
1169 3433 1357 3513 plationem,
1387 3437 1520 3497 secunde
1553 3437 1770 3497 mandatorum
1797 3436 1953 3496 executio·

176 1700 308 1747 deodiceret.

339 3532 446 3593 tendit.
466 3533 618 3592 «Etenim
636 3530 833 3611 philosophia
852 3530 937 3590 velut
951 3527 1115 3589 artificium
1169 3546 1253 3606 nem,
1281 3530 1371 3590 tertio
1399 3531 1538 3591 virorum
1565 3531 1719 3593 bonorum
1743 3530 1948 3593 effectionem.

339 3630 384 3684 est
394 3625 562 3703 quoddam,
575 3631 605 3685 et
612 3623 918 3704 iacsdtas3sapientia
932 3641 1005 3687 vero
1017 3622 1115 3683 scien·
1170 3620 1244 3694 Quae
1267 3622 1328 3682 tria
1346 3624 1559 3687 concurrentia
1580 3624 1753 3702 gnosticum
1775 3622 1948 3702 complent.

338 3719 382 3778 tia
402 3718 578 3781 divinarum
599 3719 871 3798 humanarumque
884 3735 989 3779 rerum
1011 3735 1117 3778 causa·
1170 3714 1201 3774 Si
1211 3714 1286 3794 quid
1295 3715 1720 3795 autemdeestenillisfflbsu,
1729 3716 1821 3790 idest,
1829 3716 1952 3795 sepien-

338 3831 482 3891 rumque,
497 3812 610 3892 quibus
623 3829 667 3872 ee
681 3812 885 3872 continentur.
901 3830 917 3868 e
1168 3808 1212 3868 tia
1223 3808 1306 3868 illius
1320 3808 1532 3873 claudicat⁹.o
1551 3809 1625 3882 Que
1637 3809 1698 3873 tria
1707 3808 1808 3870 officia
1817 3810 1951 3888 gnosum

180 3915 310 3962 deorum.
380 3907 424 3967 Ex
436 3906 474 3966 iis
484 3905 682 3966 evidenstum
695 3904 838 3984 γνωστικθν
854 3903 1116 3984 illumetsapien·
1169 3901 1338 3965 disfinctius
1371 3903 1404 3962 in
1431 3902 1510 3965 libra
1540 3904 1670 3982 septimo
1695 3903 1840 3964 declarat.
1873 3904 1952 3963 Tria

373 4106 483 4163 aldem
497 4104 594 4163 Βίτωνι.
606 4109 633 4162 7.
661 4104 692 4159 ‘H
715 4112 804 4179 γνῶσις
817 4105 854 4173 δὲ,
867 4104 986 4170 ἀπόδειξις
1009 4109 1058 4158 τῶν
1075 4103 1116 4156 dab
1168 4101 1229 4173 πρθς
1239 4101 1384 4174 φιλοσοφίαν
1396 4105 1440 4173 τὴν
1454 4104 1676 4159 almanechias·
1691 4103 1799 4158 οθτωνιαί
1813 4103 1952 4175 φιλοσοφία

338 4193 442 4254 πίστεως
454 4191 656 4263 παρειλημμένων
666 4189 753 4263 ἰσχυρὰ
759 4191 799 4243 καί
811 4192 914 4263 βίθαιος,
930 4191 971 4244 διὰ
979 4195 1023 4258 τῆς
1035 4206 1116 4260 κυρία·
1168 4182 1227 4252 οὖτὴ
1236 4186 1296 4259 πρὸς
1309 4188 1394 4259 σοφίας
1406 4194 1490 4257 κτῆσιν
1501 4191 1620 4262 συνεργεῖ.
1640 4187 1708 4243 Ἐστι
1716 4188 1785 4260 γθρί
1796 4186 1953 4260 μθνφιλοσο·

338 4281 382 4344 τῆς
395 4276 549 4337 διδασκαλίας
562 4273 782 4346 ίπσυιοθομουμίνη
802 4276 936 4348 τῇπίστει,
960 4273 993 4338 είς
1014 4273 1043 4329 τίν
1057 4272 1115 4344 ἀμε·
1168 4270 1222 4341 φία,
1235 4270 1393 4341 lauretum·
1408 4275 1423 4343 ἡ
1438 4275 1512 4347 σοφία
1523 4275 1561 4340 al,
1576 4273 1696 4345 lacaena
1710 4273 1781 4327 θείων
1798 4273 1837 4327 καὶ
1856 4270 1953 4346 ἄνθρω-

339 4362 477 4426 τθπτωτον,
501 4360 541 4415 καί
563 4360 615 4431 μετ’
637 4356 772 4431 ἐπιστήμης
793 4360 852 4427 (καί)
871 4359 1026 4429 καταληπτὸν
1040 4378 1115 4431 παρα-
1169 4356 1256 4422 πίνων,
1268 4358 1308 4411 καί
1320 4364 1368 4412 τῶν
1382 4359 1473 4415 τούτων
1491 4358 1586 4414 αίτίων.

336 4447 473 4519 πίμπουσα.
1204 4449 1269 4516 [ld.
1286 4448 1680 4525 1ἰθ.ν1.’ογνωσιιιοςδεήμνν
1697 4448 1954 4522 contemplaturae

374 4531 487 4591 bClltu.
509 4527 673 4585 V1.Strom.
692 4526 776 4597 Μηδὲν
789 4527 900 4599 περιττὸν
914 4528 1113 4601 πραγματευθμε·
1170 4531 1207 4586 ἀεί
1221 4553 1281 4587 ποτε
1294 4535 1419 4606 διατρίθει·
1436 4533 1457 4588 εί
1477 4536 1504 4591 δέ
1517 4556 1564 4590 που
1584 4535 1663 4607 σχολὴ
1682 4535 1722 4586 καί
1742 4533 1845 4597 ἀνέσεως
1864 4537 1953 4609 καιρὸς

334 4638 385 4682 νος,
402 4622 457 4673 ele.
1169 4614 1218 4669 ἀπὸ
1231 4621 1280 4671 τῶν
1292 4618 1491 4691 προηγουμένων,
1504 4617 1557 4671 ἀντὶ
1571 4622 1614 4684 τῆς
1627 4616 1704 4685 ἄλλης
1717 4617 1841 4690 ῥᾳθυμίας,
1850 4618 1892 4671 καί
1906 4624 1952 4686 τῆς

372 4717 386 4755 c
406 4699 476 4755 ibid.
493 4700 667 4774 Προηγουμένη
689 4701 735 4774 γὰρ
754 4700 846 4774 αὗτῷὴ
871 4706 960 4773 γνῶσις
982 4702 1035 4755 κατ’
1057 4699 1114 4755 itta-
1169 4699 1296 4769 ἑλληνιιιῆς
1308 4701 1436 4774 ἐφάπτεται
1449 4702 1604 4777 φιλοσοφίας,
1618 4695 1816 4774 οίοντρωγίλιθν
1827 4701 1898 4756 τιέπί
1913 4709 1952 4776 τῷ

337 4784 478 4855 κολοθθημα
488 4785 568 4837 τοίνυν
579 4786 619 4838 καί
632 4787 684 4848 τοῖς
698 4784 731 4847 εἰς
751 4790 840 4857 γνῶσιν
862 4786 1021 4858 γυμνάζουσιν
1041 4784 1112 4838 σσίτθν
1167 4785 1258 4857 δείπνῳ
1268 4787 1453 4863 παραθώμενος·
1467 4786 1495 4840 od
1508 4791 1557 4841 τῶν
1568 4787 1711 4857 κρειττόνων
1723 4784 1857 4858 ἀμελήσας,
1871 4806 1952 4860 προσ·

336 4869 531 4943 προσανάαειται,
545 4871 603 4942 παρ’
617 4869 716 4925 ἑκάστου
731 4871 870 4943 μαθήματος
882 4870 910 4923 rb
923 4871 1060 4942 πρόσφορον
1083 4875 1113 4942 τῇ
1168 4870 1249 4923 λαθὼν
1263 4869 1300 4937 δὲ,
1313 4871 1350 4942 ἐφ’
1364 4872 1422 4924 θαον
1434 4872 1529 4944 πρίπει.

335 4955 436 5025 &bhoste
447 4953 586 5025 λανθάνων·
1203 4962 1279 5032 qld.
1293 4962 1343 5020 hh.
1360 4964 1395 5020 ΙΙ.
1414 4966 1511 5022 Strem.
1523 4965 1690 5038 Τριῶντοίνυν
1708 4965 1800 5018 τούτων
1817 4964 1950 5039 ἀντέχεται

373 5041 392 5095 d
400 5042 485 5096 Casu.
499 5040 549 5096 lib.
558 5040 581 5095 ί.
597 5042 694 5097 Strom.
713 5040 763 5093 Ἦν
776 5041 823 5112 μὴν
838 5035 881 5093 obe
901 5039 948 5111 πρθ
960 5043 1002 5107 τῆς
1013 5044 1056 5092 τοῦ
1067 5040 1113 5092 Κυ·
1167 5046 1182 5099 ὁ
1195 5048 1318 5119 ἡμεδαπὸς
1329 5048 1470 5120 φιλόσοφος·
1487 5055 1583 5121 πρῶτον
1596 5046 1640 5121 μίν
1653 5053 1696 5116 τῆς
1709 5049 1818 5120 θεωρίας·
1833 5050 1950 5123 δαίτερον

338 5126 391 5198 ρίου
404 5124 575 5196 memissa<
588 5125 738 5194 δικαιοσύνην
750 5124 871 5192 Ἕλλησιν
884 5123 1002 5195 ἀναγκαία
1014 5123 1114 5193 φιλυσο·
1167 5130 1193 5184 δὲ
1207 5137 1250 5200 τῆς
1261 5137 1310 5185 τῶν
1324 5132 1429 5187 ἐντολῶν
1441 5133 1607 5196 ἔπιτελὲσεως·
1623 5133 1716 5205 τρίτον,
1735 5132 1829 5205 ἀνδρῶν
1847 5133 1950 5207 ἀγαθῶν

338 5210 390 5281 ‘Pia‘
406 5209 456 5261 νυνί
471 5209 509 5275 dl,
520 5211 631 5283 Ἁρηῦίμη
654 5211 713 5283 πρὸς
733 5211 867 5264 θῑῦσίθῑῑαν
888 5209 991 5282 γίνεταί,
1011 5227 1114 5280 ’iimm-
1166 5223 1322 5286 κατασκευῆς·
1334 5220 1350 5271 θ
1363 5220 1392 5287 δὴ
1405 5219 1550 5273 συνελθόντα
1559 5219 1602 5272 τὸν
1612 5217 1746 5290 γνωστικθν
1764 5216 1910 5286 ίπιτιλεῖθ,
1924 5241 1951 5275 τι

337 5294 432 5357 δείστις
447 5290 508 5348 οθσα
515 5298 566 5357 τοῖς
580 5296 624 5364 τὴν
637 5296 718 5350 πίστιν
730 5298 761 5349 δι’
772 5295 917 5358 ἀποδείξεως
927 5294 1111 5366 νισρπουμίνοις.
1167 5304 1190 5354 δ’
1203 5303 1232 5355 ἄν
1244 5301 1310 5377 ἐνδέῃ
1325 5304 1427 5371 τούτων,
1442 5304 1545 5376 witta
1558 5303 1588 5359 τὰ
1602 5307 1646 5371 τῆς
1658 5302 1781 5375 γνώσεως,

374 5395 388 5435 e
402 5378 474 5475 ibid.
496 5377 565 5433 Ἀλλ’
578 5381 611 5444 ὣς
626 5381 656 5436 τθι
669 5380 781 5455 ἔγαθκλια
795 5381 925 5452 μαθήματα
949 5378 1112 5451 συμθίλλεται

367 5584 443 5635 trag.
466 5581 516 5630 lta.
