3942 6168
166 1298 313 1352 Proprietates

199 1352 222 1394 in
234 1353 279 1395 lieo

167 1407 254 1449 rationo
266 1404 313 1445 sola

198 1457 280 1501 distin-

192 1509 292 1567 guendas.

187 1587 296 1633 mutonis.

170 1663 309 1709 substantia.

334 374 393 432 226
840 365 1166 429 THEOLOGICORUM
1187 364 1417 427 DOGMATUM.

335 537 412 616 quit,
429 534 558 614 simplex
572 540 603 595 et
616 548 681 594 non
692 533 889 613 compositum.
902 532 988 607 Quod
1001 535 1106 592 aubm
1155 530 1495 610 representamus&
1507 530 1541 589 in
1557 527 1655 608 capite
1668 526 1805 606 sequenti
1821 544 1828 586 z
1844 529 1905 589 «lix

334 646 352 689 e
370 626 476 688 multis
493 631 524 686 et
541 625 753 687 differentibus
772 631 901 701 constat,
921 630 967 685 est
985 641 1108 704 compo
1155 623 1205 684 his
1218 622 1313 702 igitur
1328 629 1412 703 petet
1427 627 1595 700 utrumque
1608 636 1719 680 verum
1733 635 1808 695 ease,
1822 620 1906 682 dium
1960 636 1961 691 l

334 721 439 780 situm.
461 720 561 793 Quare
579 719 604 779 si
620 720 804 795 increatum,
825 718 968 799 principii
986 733 1106 796 expers,
1157 717 1286 776 nomina
1301 717 1513 796 operationem
1528 713 1651 795 proprie
1665 716 1907 792 representans
1960 736 1961 787 j

335 813 564 892 incorporeum,
586 810 773 887 immortale,
797 811 1032 890 sempiternum,
1052 808 1107 868 ho-
1157 826 1222 869 non
1249 814 1394 869 uatmam
1423 808 1575 883 divinam,
1611 806 1736 886 quando
1768 806 1906 867 materiam
1960 796 1961 875 ξ

336 923 425 981 num,
450 905 632 985 procreandi
653 905 719 964 tim
745 903 875 977 habens,
900 908 931 963 et
957 901 1109 981 ejusmodi
1158 919 1267 962 eorum
1281 902 1511 963 consideramus
1523 904 1555 960 et
1567 899 1650 960 unde
1662 898 1753 959 nobis
1765 897 1829 958 hae
1840 916 1907 960 com·

336 999 406 1073 alia,
431 999 636 1059 substantivas
663 1014 728 1058 esse
755 997 894 1057 meamus
922 995 1110 1056 differentias
1158 1000 1265 1074 parata
1282 994 1551 1067 etcollectasunt,
1569 1008 1730 1053 aurursus
1745 991 1835 1052 etiam
1850 990 1908 1052 sub·

338 1092 403 1165 liei,
420 1097 468 1151 tot
481 1109 520 1151 eu
539 1091 632 1151 rebus
645 1089 697 1149 ille
711 1089 872 1162 conflatus,
888 1104 954 1149 non
968 1088 1026 1147 erit
1040 1085 1110 1147 sim·
1159 1088 1304 1148 stantiam
1318 1087 1506 1168 Deiproprie
1519 1085 1691 1166 significare
1706 1083 1791 1165 quod
1799 1089 1909 1159 estnon
1960 1074 1962 1169 p

337 1184 419 1263 ples.
429 1184 517 1257 Quod
527 1188 674 1244 extremm
684 1181 849 1261 impietatis
858 1186 904 1241 est
912 1187 1106 1241 asserere⁰.n
1159 1186 1264 1240 autem
1274 1181 1413 1260 quidest,
1424 1178 1909 1259 quandoexunoquoquenomine
1961 1182 1962 1217 ν

377 1277 430 1336 Vl.
453 1277 600 1350 Quocirca
609 1294 673 1335 non
683 1280 812 1354 possunt
820 1274 931 1334 haecin
941 1274 1003 1333 lieo
1011 1270 1112 1351 reipsa
1160 1273 1200 1333 ad
1219 1272 1320 1352 ipsam
1337 1288 1405 1335 retu
1426 1273 1596 1351 subjectam
1614 1272 1808 1345 deducimur,
1827 1275 1854 1330 et
1868 1289 1910 1350 per

338 1369 470 1429 discerni
497 1367 536 1427 ab
563 1367 629 1445 ejus
652 1366 832 1439 substantia,
856 1364 910 1425 sed
937 1365 1054 1424 ratione
1081 1368 1112 1423 ct
1160 1382 1197 1425 ea
1219 1367 1348 1427 nomina
1363 1367 1547 1427 Trinitatem
1566 1366 1689 1426 beatam
1707 1369 1739 1425 et
1757 1364 1912 1443 suprasnb
1961 1322 1962 1411 l

339 1467 434 1541 ἐπινοίᾳ
446 1467 482 1521 ut
491 1477 584 1540 supra
593 1478 632 1519 ex
641 1459 801 1519 communi
810 1460 936 1518 Ponam
945 1457 1112 1517 assertione
1160 1459 1305 1520 mutiam
1322 1461 1545 1521 invocamus.»
1564 1459 1609 1520 Ac
1629 1456 1911 1519 denominihusltei
1961 1478 1962 1491 ν

339 1556 513 1632 prasertim
535 1555 712 1614 Graecorum
732 1551 932 1612 ostendimus.
953 1550 1040 1624 erod
1060 1556 1112 1613 tar·
1161 1568 1332 1632 eorumrpre
1350 1553 1529 1614 nononibus
1546 1556 1663 1631 postea.
1679 1551 1772 1611 Nunc
1786 1549 1862 1629 quod
1873 1566 1910 1609 re-

341 1653 409 1715 νονας
429 1647 593 1707 discrimen
614 1664 649 1706 ac
668 1651 766 1705 totam
788 1644 874 1704 illam
895 1650 979 1713 cteta
997 1648 1028 1703 et
1042 1660 1113 1724 pro-
1161 1643 1282 1723 liquum
1298 1652 1344 1706 est
1357 1646 1451 1724 hujus
1464 1645 1680 1706 conuoversia
1694 1643 1838 1703 adversus
1848 1642 1910 1701 inti-

336 1739 503 1818 prietatem
519 1744 611 1817 atque
625 1746 749 1819 ἐνεργειῶν
762 1737 976 1799 habitudinem
994 1735 1113 1796 erudite
1162 1754 1219 1797 nos
1233 1739 1383 1817 (quosdam
1401 1754 1602 1817 exequamur,
1617 1742 1653 1796 ut
1671 1735 1840 1796 Gilbertum
1854 1734 1910 1794 Por·
1962 1746 1963 1749 ’

340 1830 871 1911 Joanncscyparissiotusexponiu,
887 1849 922 1891 ac
936 1830 1113 1890 multumse
1162 1835 1306 1891 retanum
1328 1836 1359 1891 et
1381 1831 1457 1891 alios
1475 1831 1529 1910 qui
1551 1829 1644 1910 paulo
1669 1827 1811 1889 nrhtilius
1835 1828 1864 1886 in
1885 1844 1912 1886 ea

340 1922 379 1981 ab
393 1923 614 1985 Palamitarum
628 1923 825 2003 popularium
844 1940 972 1983 suorum
991 1920 1113 2001 ineptiis
1162 1924 1332 2001 questione
1345 1923 1547 1997 versatisunt,
1561 1938 1656 2002 quam
1669 1919 1770 1982 iiraeei
1779 1917 1911 1979 Paiamite

340 2015 471 2077 abfuisse
485 2016 630 2077 declarat.
647 2017 770 2077 Etenim
784 2017 822 2077 de
844 2017 937 2076 variis
950 2032 1045 2093 agens
1059 2014 1113 2075 Dei
1162 2015 1239 2075 tomi
1261 2014 1343 2076 illius
1369 2015 1508 2095 synodici
1533 2015 1695 2095 scriptores
1716 2011 1829 2091 quibus
1852 2010 1912 2071 nihil

339 2109 519 2169 nominihus
528 2110 718 2169 demonstret
734 2130 750 2165 ν
760 2124 956 2187 nequaquam
966 2124 1003 2167 en
1016 2107 1114 2168 direr-
1162 2104 1230 2166 fleri
1239 2111 1339 2186 potest
1351 2106 1500 2168 obtusius.
1963 2102 1964 2161 l

340 2218 388 2260 sas
404 2219 453 2261 res
471 2201 505 2262 in
526 2204 589 2263 Deo
609 2206 842 2281 representare,
859 2200 912 2260 sed
929 2199 1027 2260 solum
1047 2199 1114 2278 ejus
1203 2201 1267 2260 Vll.
1291 2201 1431 2261 Primum
1439 2200 1499 2260 hoe
1513 2198 1626 2261 erroris
1639 2196 1769 2261 Gllherti
1778 2195 1913 2275 caputiuit
1963 2166 1964 2255 l

340 2291 543 2353 substantiam
556 2293 722 2369 declarare,
739 2310 804 2352 non
814 2292 888 2371 quid
902 2294 951 2367 sit,
963 2293 1017 2352 sed
1030 2292 1114 2371 qnod
1163 2298 1302 2372 utsupra
1315 2291 1605 2367 demonstravimus,
1622 2290 1706 2371 quod
1720 2290 1819 2350 naim
1830 2287 1915 2350 adiri

340 2384 389 2444 sit.
405 2405 421 2441 ν
439 2385 500 2446 Sed
514 2403 553 2445 ne
567 2386 636 2465 quis
647 2385 789 2445 eamdem
798 2384 940 2444 omnium
949 2384 1115 2446 nominum
1163 2385 1259 2445 nitate
1279 2402 1344 2445 non
1364 2384 1429 2444 sola
1442 2385 1562 2445 ratione
1579 2383 1633 2444 sed
1650 2382 1754 2462 reipsa
1773 2381 1912 2461 separarit.

341 2493 406 2537 esse
422 2478 678 2556 significationem
697 2496 735 2537 ex
757 2496 793 2537 eo
809 2476 942 2555 colligat,
962 2483 1043 2537 recte
1064 2479 1116 2539 ad·
1164 2478 1229 2538 Hoc
1242 2482 1348 2538 autem
1361 2494 1426 2537 non
1440 2477 1539 2538 latini
1553 2476 1645 2537 modo
1661 2475 1768 2535 Patres
1782 2474 1834 2553 qui
1849 2472 1876 2534 id
1885 2491 1915 2533 ex

342 2575 460 2646 monet,
476 2570 502 2630 si
515 2587 582 2631 rem
597 2568 800 2649 significatam
815 2571 896 2629 utin
910 2588 942 2629 aa
956 2575 1001 2630 est
1015 2571 1114 2631 consi-
1164 2570 1300 2649 professo
1320 2574 1529 2650 susceperim,
1545 2569 1599 2630 sed
1615 2568 1709 2629 etiam
1722 2568 1820 2628 Graeci
1833 2566 1916 2627 redu·

341 2662 497 2739 deremus,
514 2682 578 2724 non
588 2680 657 2723 eam
667 2663 763 2722 dividi
771 2680 834 2722 una
844 2681 915 2723 cum
925 2663 1113 2741 notionibus,
1164 2670 1275 2741 gaunt.
1292 2664 1457 2741 Gregorius
1470 2660 1696 2723 Nazianzenus²
1708 2678 1716 2720 z
1729 2680 1746 2717 ο
1761 2658 1916 2733 [icamia
1964 2710 1965 2713 ,

342 2754 390 2814 sin
412 2756 565 2835 originem
585 2756 751 2817 nominum
773 2761 804 2816 et
821 2755 929 2817 effecta
946 2755 1012 2836 ipsa
1031 2758 1117 2818 varia
1166 2756 1243 2835 quit,
1258 2756 1318 2816 tria
1332 2763 1362 2815 et
1379 2756 1440 2815 tria
1454 2771 1564 2829 unum,
1578 2755 1612 2815 in
1633 2752 1746 2833 quibus
1767 2752 1866 2825 deitas,
1878 2750 1916 2809 rel

342 2854 515 2927 spectemus
540 2849 624 2909 unde
644 2848 770 2909 illorum
789 2854 834 2909 est
854 2855 928 2908 nata
949 2848 1114 2926 distinctio,
1166 2854 1202 2908 ut
1222 2849 1356 2910 emetius
1378 2848 1494 2924 dicam,
1518 2862 1588 2926 quae
1603 2846 1664 2906 tria
1684 2850 1759 2905 sunt
1778 2841 1913 2905 doinst·

341 2945 410 3001 tum
429 2960 503 3002 vero
518 2959 581 3002 non
598 2941 801 3002 substantiam
820 2942 920 3020 ipsam
936 2942 989 3002 sed
1007 2956 1115 3020 opera·
1166 2943 1240 3015 Quee
1255 2941 1385 3002 totidem
1398 2937 1501 3000 verbis
1517 2942 1723 3000 Damascenus
1733 2934 1916 2997 transtulitin

342 3032 460 3094 tionem
477 3040 508 3095 et
523 3033 717 3095 effectionem
735 3034 877 3115 exprimi.
900 3054 916 3092 ν
933 3034 978 3094 Ex
992 3034 1114 3113 quihus,
1166 3040 1257 3114 caput
1273 3039 1427 3094 octauum.
1442 3033 1522 3111 Ergo
1538 3032 1569 3092 et
1583 3032 1663 3092 Deus
1676 3035 1708 3091 et
1720 3045 1855 3109 persona
1867 3032 1917 3086 tres

343 3126 455 3205 inquit,
475 3128 592 3206 patefit,
611 3128 692 3205 quod
715 3145 788 3188 cum
801 3126 937 3205 theologi
950 3127 1117 3207 respiciunt
1166 3144 1229 3187 una
1238 3126 1346 3188 deitas.
1362 3125 1510 3186 Praeclare
1519 3125 1578 3185 hoo
1589 3123 1772 3184 Theodorus
1784 3120 1917 3182 Aboram

344 3218 426 3277 trude
448 3219 577 3280 uomina
596 3220 650 3279 Dei
669 3220 758 3279 nohis
782 3219 908 3280 collecta
925 3225 1010 3295 suut,
1027 3219 1067 3280 ah
1080 3219 1117 3280 iis
1166 3219 1293 3299 exponit
1316 3218 1349 3278 in
1372 3217 1520 3297 opusculo
1542 3226 1634 3277 savin
1659 3215 1744 3294 quod
1766 3213 1802 3275 de
1826 3212 1916 3275 nou

344 3309 457 3369 sedicet
474 3328 544 3388 quae
565 3310 599 3371 in
614 3312 758 3371 universo
777 3311 857 3371 mira
874 3313 1070 3391 specrdamur
1087 3318 1118 3373 at
1166 3310 1273 3372 deitate
1306 3308 1514 3384 tna-,anitum
1542 3308 1597 3368 ubi
1610 3307 1775 3369 sciscitanti
1793 3304 1917 3367 harma

344 3401 383 3461 ab
403 3400 517 3461 effectis
538 3402 622 3482 ipsis,
642 3403 854 3482 operationem
874 3409 905 3464 et
925 3405 1117 3466 ellectionem
1170 3408 1305 3464 atinum
1319 3402 1402 3464 idem
1415 3403 1572 3463 videretur
1585 3416 1649 3461 esse
1659 3402 1740 3461 Deus
1753 3405 1785 3460 et
1797 3397 1915 3461 deun.»

345 3495 399 3553 Dei
413 3493 501 3554 aiunt
513 3502 747 3573 representare,
764 3500 794 3556 et
808 3497 956 3576 neuquid
971 3503 1017 3559 est
1029 3504 1060 3559 et
1073 3500 1118 3579 ip·
1165 3497 1250 3557 idem
1272 3512 1337 3556 esse
1357 3494 1547 3557 orthodoxus
1569 3491 1750 3572 respondet;
1775 3508 1811 3553 ac
1830 3502 1918 3550 mrsu

345 3601 411 3645 sam
425 3584 639 3647 substantiam.
656 3588 727 3648 Post
739 3588 881 3649 homines
894 3590 977 3649 enim
991 3592 1118 3652 inventa
1166 3585 1701 3667 objicienndiversaudeuqroniam
1709 3601 1773 3645 non
1782 3584 1820 3644 de
1827 3580 1917 3643 emen

345 3682 418 3737 sunt
441 3679 587 3754 nomina,
612 3680 676 3741 imo
697 3697 786 3741 mens
805 3681 944 3743 humana
968 3685 1008 3745 ad
1026 3698 1118 3744 usum
1167 3679 1530 3762 praesentassemus
1544 3677 1652 3739 eadem
1667 3677 1794 3756 quidem
1806 3691 1865 3737 me
1875 3670 1916 3732 sai

345 3786 438 3830 suum
451 3770 518 3831 haec
532 3770 660 3832 invenit.
680 3773 758 3833 Cum
771 3779 876 3834 autem
889 3790 996 3835 rursus
1009 3777 1119 3837 volrrnt
1167 3793 1233 3835 non
1246 3772 1386 3835 similiter
1398 3771 1459 3834 dici
1472 3778 1502 3832 et
1516 3769 1658 3849 intelligi.
1668 3770 1774 3849 ltaque
1785 3766 1918 3828 «modum

346 3880 402 3940 per
414 3862 482 3923 inec
496 3864 625 3924 nomina
644 3863 753 3925 efferre
776 3882 843 3926 rem
857 3866 1072 3945 significatam,
1088 3875 1119 3929 et
1167 3865 1360 3946 significandi
1371 3865 1522 3926 duntaxat
1528 3880 1593 3924 esse
1602 3854 1919 3924 diversumiionenim

346 3954 385 4014 ad
398 3954 515 4033 aliquid
527 3956 702 4032 referimur,
720 3959 819 4019 Deum
832 3976 889 4038 per
905 3960 973 4020 haec
990 3960 1120 4022 nomina
1167 3957 1308 4019 similiter
1321 3956 1503 4036 intelligibtr
1517 3957 1598 4017 Deus
1610 3960 1642 4016 et
1654 3954 1762 4029 deitas,
1778 3948 1919 4032 siquiden

347 4046 539 4123 invocantes3
556 4068 621 4110 non
630 4050 776 4111 dividitur
785 4066 834 4112 res
843 4050 980 4129 subjecta
992 4057 1027 4113 ut
1041 4052 1118 4114 divi·
1168 4053 1267 4111 Deum
1281 4048 1487 4128 intelligentes
1501 4053 1531 4108 et
1543 4047 1689 4121 dicentes,
1704 4050 1845 4106 naturam
1863 4044 1918 4101 ien-

347 4140 464 4201 duntur
478 4141 631 4202 nodosos.
649 4144 764 4222 Expers
781 4144 865 4203 enim
879 4144 975 4223 partis
988 4148 1019 4205 et
1038 4144 1118 4206 indi-
1168 4160 1263 4224 quam
1285 4142 1319 4203 in
1338 4141 1498 4222 hypostasi
1524 4138 1725 4218 intelligimus
1745 4143 1778 4197 et
1797 4135 1918 4197 nemu.

347 4231 441 4292 vidua
457 4238 503 4293 est
520 4234 690 4295 substantia
704 4234 769 4296 Ilei.
785 4236 900 4296 idcirco
919 4236 1075 4297 affirmant
1088 4256 1120 4298 se
1169 4236 1319 4298 licitatem
1338 4248 1411 4294 vero
1431 4248 1503 4294 cum
1522 4231 1665 4306 dicimus,
1679 4232 1780 4311 ipsum
1797 4232 1920 4289 nauum

347 4324 526 4385 nominihus
546 4327 611 4385 istis
629 4327 710 4387 hanc
729 4328 827 4407 ipsam
849 4326 1052 4390 substantiam
1067 4331 1122 4390 Dei
1168 4336 1319 4407 unquam
1332 4327 1450 4388 nudum
1464 4331 1495 4386 et
1508 4324 1575 4386 sine
1593 4322 1732 4404 personis
1744 4322 1857 4383 ratione
1868 4322 1920 4377 aa

348 4416 531 4495 significare,
549 4436 615 4478 non
629 4419 704 4498 quid
720 4424 776 4494 est,
794 4420 846 4481 sed
860 4422 944 4500 qttod
961 4427 1007 4483 est
1020 4421 1121 4483 solum
1169 4428 1239 4482 tum
1254 4419 1480 4481 consideratam
1491 4416 1693 4496 intellig'mus
1707 4420 1738 4476 et
1751 4413 1917 4476 diamu‘s

386 4678 542 4736 alisanae.
568 4679 615 4735 lit.
632 4678 654 4735 l.
671 4696 792 4751 νεμεαν.
815 4680 926 4736 Τὸθεῖον
940 4682 1034 4737 ἁπλοῦν
1052 4680 1119 4749 ἔστι,
1170 4682 1274 4756 spicia,
1288 4672 1568 4748 situoigbiedrqss,
1591 4674 1835 4752 τογεᾶκρνὸέοτερον
1849 4670 1921 4731 εἰπεῖν

350 4764 390 4817 καὶ
402 4760 542 4816 ἀσύνθετον·
556 4762 586 4816 rb
597 4760 623 4817 δὲ
642 4761 779 4817 ἔκπολλῶν
797 4765 839 4817 sai
856 4766 978 4839 διαφόρων
994 4765 1121 4839 σογνιείμε-
1171 4765 1321 4835 ἃὴθεότης.

350 4866 403 4911 νον,
416 4846 530 4899 ricberta
554 4842 628 4899 ἔστιν·
643 4844 664 4898 εἰ
687 4841 730 4899 οὖν
747 4846 777 4900 rb
791 4847 922 4913 ἅκτιοτον,
945 4849 986 4902 καὶ
997 4846 1105 4922 ἄναρχον
1113 4891 1120 4915 ,
1209 4862 1224 4905 ο
1242 4850 1324 4905 hauc.
1345 4844 1418 4900 'Euri
1429 4840 1472 4899 aba
1485 4842 1539 4908 θεδς
1549 4846 1590 4898 sal
1604 4842 1688 4913 isit-qt
1699 4840 1754 4897 καθ’
1764 4840 1824 4915 ἡμᾶς
1835 4834 1921 4895 reida

350 4932 391 4983 cai
403 4929 545 5001 ἀσώματον,
558 4930 599 4983 sal
611 4926 741 4995 ἀθάνατον,
758 4931 800 4984 ael
823 4929 933 4996 αἰώνιον,
956 4933 998 4984 καὶ
1021 4928 1122 5005 ἀγαθον,
1172 4932 1224 4987 ὅδὲ
1236 4933 1327 5004 τρόπος
1338 4931 1464 5002 διάφορος,
1477 4926 1550 4983 τοῦτ’
1563 4926 1628 4983 ἔστιν
1653 4924 1703 5000 οὔχ
1723 4922 1835 4986 tamna
1844 4922 1923 4976 νοεῖται

350 5012 592 5087 καὶὃημνονργτννον,
616 5013 658 5065 καὶ
680 5011 711 5066 τὰ
734 5018 837 5067 τοιαῦτα
859 5012 984 5077 adorditur
1007 5014 1124 5087 διαφορὰς
1173 5015 1235 5079 θεὸς,
1248 5014 1394 5082 καὶθεότινς·
1407 5008 1461 5067 isba
1482 5010 1525 5086 μὲν
1550 5009 1598 5084 γὰρ
1621 5014 1744 5077 νοοῦντες.
1767 5002 1922 5076 ’imiimi‘

353 5092 462 5170 εἴποιμεν
486 5097 558 5161 θεοῦ,
585 5094 611 5149 ἐκ
636 5096 761 5150 τοσούτων
787 5097 944 5171 συγκείμενον
963 5096 1013 5171 οὐχ
1030 5097 1123 5153 ἁπλοῦν
1173 5097 1217 5165 τὴν
1230 5095 1254 5151 ἐν
1266 5096 1399 5151 ὑποστάσει
1410 5096 1480 5167 φύσιν
1493 5094 1609 5168 νοοῦμεν,
1621 5096 1662 5146 καὶ
1673 5094 1785 5166 λέγομεν·
1797 5082 1923 5156 tarquii

353 5176 431 5243 ἔσται,
445 5178 510 5232 ἀλλὰ
521 5180 634 5234 σύνθετον
648 5180 707 5252 ὅπερ
720 5176 825 5254 ἐσχάτης
836 5180 947 5243 &neieina
959 5179 1020 5234 ieri.
1174 5178 1250 5248 αὐτὴν
1265 5179 1309 5248 τὴν
1322 5178 1402 5252 φύσιν,
1418 5178 1452 5241 ὣς
1463 5174 1557 5251 γυμνὴν
1570 5170 1657 5242 οὖσαν,
1669 5178 1710 5230 sai
1721 5174 1774 5229 ἄνευ
1785 5170 1924 5228 ὑποπίνων

391 5261 516 5317 bGnse.
535 5264 599 5321 Nat.
618 5260 667 5316 Ἐν
686 5262 733 5336 γὰρ
760 5260 784 5317 ἐν
810 5262 1125 5336 τριοὶνὴθεότης,νιοιὶτὰ
1173 5263 1354 5336 θεωρονμενην.

381 5505 392 5547 ν
408 5498 459 5547 nec.
470 5502 545 5559 νιιρ.
558 5503 656 5548 ιιι-ν
666 5504 727 5549 oar.
739 5516 808 5552 mn.
818 5502 905 5552 eruis
918 5506 1000 5551 νιιιιι.
1009 5504 1049 5551 νο.
1062 5502 1088 5552 οι
1099 5507 1197 5552 mem.
1210 5505 1286 5561 εννννι.
1299 5506 1369 5551 aar.
1378 5514 1427 5561 esp.
1436 5500 1578 5557 ιι-οοιιοο
1586 5501 1627 5546 ιον
1636 5488 1922 5547 cantuariensum·

356 5565 440 5621 legitur
452 5572 504 5609 torn.
518 5566 552 5609 lv.
566 5568 667 5612 biblioth.
680 5567 780 5612 Petrum.
