4134 6182
131 462 201 505 Theoi
231 463 260 513 ἰ,

138 516 191 558 licet
228 517 256 558 de

151 571 244 618 nitatur,

181 626 216 664 eet

150 676 251 722 arleuttr.

298 293 335 351 ts
736 291 773 350 IN
797 293 895 353 OPUS
917 289 1247 351 Tasoroulcouurr
1268 290 1502 350 conualuit.

337 445 377 505 ll.
389 444 459 504 dam
472 442 498 502 si
513 442 551 502 de
567 441 723 521 theologia
742 441 902 520 quaritur,
924 441 964 501 ad
985 441 1069 520 quod
1126 439 1327 500 nescientiam
1346 439 1573 518 capessendam,
1586 438 1694 499 iisdem
1708 438 1821 518 qrribus
1833 438 1896 500 Cle·

297 553 335 597 ex
346 534 407 595 illis
417 540 550 614 quatuor
561 552 658 613 genus
669 533 829 613 pertineat,
842 551 906 594 non
919 532 973 593 diu
984 532 1070 593 baesi-
1125 532 1236 593 mentis
1251 531 1305 593 illa
1319 532 1483 612 disputatio
1500 531 1633 611 uestigiis
1648 531 1801 608 insistens,
1823 551 1895 595 enm

296 630 425 689 tandum
437 629 504 689 crit.
519 627 811 689 Namadscientiam
820 626 928 688 referri
936 626 1068 688 videtin.
1125 623 1169 685 ita
1196 625 1340 687 deserit:
1379 647 1395 683 ιι
1419 624 1630 687 Necessarium
1648 644 1723 701 esse,
1747 626 1893 706 cujusque

296 722 384 796 Quod
395 728 500 783 autern
509 721 612 783 statim
623 739 782 783 occurrere
796 731 828 782 et
838 722 952 801 opponi
965 726 1072 783 contra
1126 716 1292 797 discipline
1303 716 1453 797 principia
1459 716 1536 778 citru
1548 715 1790 796 disquisitionem
1800 717 1897 779 ullam

296 821 405 895 potest,
423 815 580 876 scientiam
598 814 854 875 demonstratione
872 814 967 893 gigni,
987 815 1071 894 qnod
1128 829 1148 871 a
1165 811 1298 873 discente
1317 810 1442 872 concedi
1451 824 1473 871 ι.
1496 811 1567 872 »Aa
1578 810 1636 871 nisi
1653 812 1830 890 geometria
1850 811 1900 872 vel

296 907 453 986 theologia
473 926 537 967 non
554 905 742 986 habetque
760 906 940 967 auctoritate
958 924 994 967 ue
1011 906 1072 967 fide
1128 905 1328 967 arithmeticae
1352 904 1502 985 principia
1521 921 1595 965 vera
1614 923 1679 967 csse
1704 906 1767 967 sine
1790 905 1900 986 proba

298 1000 363 1062 sola
395 1001 505 1061 nititur
512 1018 520 1075 ;
552 1000 585 1060 id
608 998 736 1060 subinde
781 998 920 1060 Clemens
947 998 1069 1061 refellit.
1127 999 1211 1059 tione
1219 998 1365 1074 fatebere,
1380 1004 1523 1059 neutram
1540 999 1683 1078 progredi
1703 999 1785 1061 ultra
1800 1019 1898 1080 posse.

302 1118 316 1150 ι
332 1095 411 1155 Nam
427 1099 458 1156 et
484 1093 647 1174 principia,
660 1093 779 1173 inquit,
806 1092 1008 1153 demonstrari
1022 1112 1073 1154 ne
1126 1093 1214 1167 Quod
1222 1093 1392 1172 generatim
1407 1093 1439 1152 in
1452 1092 1596 1154 omnibus
1611 1094 1776 1173 disciplinis
1793 1113 1902 1157 muue-

298 1193 425 1267 queuut,
444 1188 558 1267 quippe
576 1205 646 1265 quac
664 1205 721 1247 nce
737 1205 793 1266 per·
808 1192 916 1261 artem,
940 1205 997 1247 nec
1018 1203 1074 1265 per
1126 1187 1182 1261 uit,
1195 1205 1265 1266 quac
1281 1185 1468 1267 quidamvir
1479 1191 1510 1246 et
1530 1185 1647 1246 ratione
1668 1186 1839 1265 procedunt
1861 1187 1901 1247 ad

299 1280 495 1359 prudentiam
510 1278 651 1358 cognosci
667 1283 805 1358 possunt.
824 1278 983 1357 Siquidem
1003 1296 1075 1357 pru-
1127 1278 1222 1339 tinem
1235 1277 1381 1357 aliquem.
1395 1276 1492 1339 Multo
1503 1276 1533 1336 id
1544 1294 1618 1337 vero
1629 1277 1727 1357 magis
1737 1277 1771 1338 in
1785 1277 1903 1339 thecla

299 1371 402 1433 dentis
421 1371 501 1431 circa
513 1371 721 1449 contingentia
733 1377 884 1447 uersatur,
902 1390 972 1450 qum
988 1371 1077 1433 aliter
1128 1373 1342 1452 giaspectutur
1352 1370 1414 1432 sive
1424 1367 1520 1451 γιώσιι
1532 1370 1587 1432 illa
1597 1370 1769 1449 Clementis,
1783 1391 1853 1452 quac
1864 1391 1904 1434 ex

299 1462 414 1525 habere
426 1468 567 1543 poasrmt3
581 1482 630 1524 ars
642 1468 747 1524 autem
757 1463 895 1524 effectrix
907 1463 1008 1523 solum
1019 1468 1075 1540 est,
1129 1465 1189 1527 lide
1197 1470 1263 1525 tota
1271 1464 1433 1545 dependet,
1445 1470 1481 1524 ut
1489 1463 1572 1524 idem
1593 1464 1782 1526 demonstrat
1792 1471 1816 1525 ¹.

299 1576 363 1619 non
385 1556 619 1637 contemplatrix
629 1563 655 1617 ⁰.
679 1557 783 1630 »Quae
796 1556 891 1619 verba
915 1555 1078 1618 Clementis
1172 1559 1226 1620 111.
1241 1559 1306 1620 Hoc
1317 1558 1567 1637 ergoresordine
1578 1560 1681 1638 agitur
1690 1558 1905 1620 utfidesante

302 1651 396 1729 uulgo
416 1652 583 1733 deprauata
602 1650 759 1730 legrmtur,
782 1650 869 1712 etsie
886 1649 1076 1711 emendanda
1131 1651 1229 1725 cedat,
1242 1651 1504 1731 quemadmodum
1523 1651 1680 1712 scientiam
1695 1651 1840 1731 prmoedit
1857 1670 1907 1711 co

302 1751 373 1806 sunt
386 1745 430 1806 uti
446 1764 502 1806 nos
520 1746 719 1807 restituimus.
742 1744 826 1806 Nihil
843 1744 937 1825 igitur
957 1743 1079 1807 obstare
1131 1743 1228 1822 gnitio
1257 1743 1490 1823 principiorum,
1522 1762 1593 1823 qna
1629 1743 1754 1805 scientia
1779 1743 1907 1804 minime

302 1837 580 1916 theologiredebet,
601 1838 767 1918 quominus
780 1837 931 1899 habeatur
941 1837 1076 1913 scientia,
1133 1835 1446 1915 comprehenduntur.
1471 1836 1673 1896 uBonumest
1699 1835 1793 1909 enirn,
1807 1841 1843 1897 ut
1864 1835 1909 1896 ait

303 1932 387 2011 quod
400 1950 419 1990 a
432 1931 493 1992 ilde
504 1949 562 1992 cen
575 1932 673 2010 capite
687 1949 723 1991 ac
738 1931 855 2006 radice,
869 1931 951 1993 illius
961 1930 1081 1992 reduci·
1133 1927 1322 2001 Ambrosius,
1330 1926 1785 2006 utrationemprrareniatiides,
1793 1946 1834 1988 ne
1843 1933 1909 1988 ten·

304 2025 387 2086 natio
401 2023 616 2105 proficiscitur.
629 2023 750 2083 Etenim
761 2029 942 2084 caeterarum
956 2041 1081 2103 quoque
1133 2038 1228 2100 quem
1253 2018 1294 2080 ab
1313 2019 1449 2095 homine,
1471 2019 1515 2080 ita
1526 2020 1658 2081 Domino
1677 2021 1740 2081 Deo
1757 2021 1908 2082 rationem

304 2115 514 2177 doctrinarum
529 2113 688 2194 principiis
712 2114 772 2174 lide
788 2114 970 2175 assentimur
982 2114 1005 2189 *,
1018 2133 1082 2177 nou
1135 2114 1295 2175 videamur
1305 2113 1439 2193 erigere.
1455 2113 1579 2175 Etenim
1589 2131 1685 2192 quem
1700 2113 1862 2194 indianm
1874 2118 1912 2175 ut

305 2208 576 2284 demonstratione,
602 2212 638 2267 ut
658 2208 691 2267 in
712 2207 821 2268 eodem
842 2206 923 2268 libro
945 2207 1085 2269 Clemens
1134 2207 1279 2269 humanis
1302 2206 1483 2268 testimoniis
1501 2206 1540 2269 de
1565 2205 1627 2267 alio
1653 2206 1829 2283 credamus,
1855 2206 1912 2269 Dei

306 2301 447 2362 adstruit.
481 2300 565 2374 erin
587 2300 681 2361 iidem
704 2300 835 2361 scientiae
853 2299 897 2361 ait
915 2296 1084 2361 testimuni-
1136 2300 1267 2363 oraculis
1291 2299 1330 2361 dc
1347 2318 1378 2360 se
1396 2318 1459 2360 non
1477 2299 1638 2361 credamus
1652 2298 1692 2370 2?
1713 2320 1728 2357 a
1747 2301 1858 2379 Atque,
1877 2306 1913 2361 ut

306 2414 374 2455 cem
386 2413 449 2456 esse
461 2413 497 2455 ae
512 2393 660 2472 judicem,
681 2411 738 2453 nec
756 2392 877 2454 dubitat
909 2394 986 2475 quin
1001 2394 1085 2473 prin·
1136 2393 1325 2474 Augustinus
1338 2393 1455 2455 scribit:
1480 2414 1495 2450 ιι
1509 2392 1609 2454 Habet
1622 2392 1698 2453 fides
1708 2392 1813 2454 cardos
1828 2411 1911 2467 suos,
1926 2458 1929 2467 ,

306 2490 424 2568 cipatus
436 2487 474 2547 sit
485 2486 531 2547 illi
541 2485 723 2546 tribuendus
737 2499 777 2544 o.»
789 2486 870 2546 Tum
880 2485 975 2567 paulo
986 2491 1057 2547 ante
1074 2506 1082 2546 :
1137 2487 1250 2568 quibus
1267 2486 1497 2568 quodammodo
1514 2487 1598 2548 videt
1610 2505 1721 2548 verum
1733 2506 1807 2564 esse,
1828 2489 1930 2568 quodi

311 2581 563 2643 «Meditationem
577 2578 649 2639 lidei
674 2578 874 2640 inscientiam
894 2579 1023 2641 evadere
1042 2580 1086 2641 ait
1137 2580 1275 2642 nondum
1288 2581 1372 2642 ridet
1382 2587 1413 2642 et
1422 2581 1535 2661 quibus
1545 2582 1710 2643 certissime
1734 2581 1827 2657 videt,
1841 2601 1905 2644 non

305 2673 653 2739 tundamentcmnixam
664 2671 755 2732 firmo
764 2691 800 2732 ac
816 2671 939 2733 solidet
954 2693 970 2731 ιι
985 2674 1085 2747 Quam
1138 2676 1255 2735 dumse
1266 2674 1370 2735 vidae
1382 2674 1465 2753 quod
1477 2674 1585 2735 credit.
1598 2695 1614 2732 a
1628 2674 1703 2748 Quae
1712 2674 1841 2736 firmitas
1850 2676 1906 2736 vin

307 2768 470 2830 scientiam·
484 2766 624 2827 universe
652 2763 880 2844 aphilosophis
900 2765 1022 2827 deliniri
1043 2767 1088 2848 sic
1137 2768 1179 2828 cit
1209 2767 1351 2828 omniurn
1369 2766 1502 2829 a'iarm
1526 2768 1736 2829 doctrinarum
1765 2786 1828 2829 non
1853 2786 1918 2829 cer-

307 2864 400 2924 dieit:
426 2859 643 2923 «saansaan
658 2857 782 2920 habitus
795 2865 944 2937 constans,
963 2860 1019 2940 qui
1040 2879 1086 2922 ra-
1138 2866 1203 2921 tam
1224 2860 1316 2921 modo
1335 2861 1574 2941 persuasionem,
1597 2861 1650 2921 sed
1675 2860 1769 2922 etiam
1795 2860 1919 2923 criden

307 2959 391 3018 tione
423 2954 541 3017 moveri
565 2972 601 3014 ae
633 2953 811 3015 labefactari
827 2972 891 3015 non
908 2958 1008 3035 potest
1018 2952 1082 3014 θ.»
1138 2954 1225 3016 tium.

347 3052 400 3113 Est
409 3048 492 3130 apud
503 3045 650 3108 Basiliam
660 3046 761 3126 gravis
772 3052 804 3107 et
816 3046 957 3127 copiosus
972 3046 1010 3107 de
1025 3046 1087 3108 tide
1181 3047 1246 3108 Hoc
1275 3046 1361 3109 velut
1387 3046 1537 3129 principio
1564 3048 1741 3122 constituto,
1773 3046 1918 3129 deinceps

309 3162 409 3206 sermo
420 3144 547 3222 ejusque
561 3139 740 3203 necessitate
751 3139 791 3201 ad
802 3145 901 3201 artem
916 3140 1088 3220 quamlibet
1140 3140 1257 3201 ratione
1266 3141 1349 3220 quod
1358 3158 1545 3220 consequens
1558 3147 1613 3217 est,
1631 3139 1786 3221 theologia
1796 3142 1919 3203 conclu-

346 3331 465 3387 eCrnu.
482 3330 554 3388 ibid.
577 3329 608 3385 Εἰ
624 3329 651 3386 ii
668 3349 704 3391 τις
722 3329 791 3401 λόγοι
813 3327 856 3397 aba
877 3325 1011 3402 ἰιιστήμην
1028 3328 1090 3384 dru-
1179 3328 1245 3385 cld.
1265 3327 1319 3385 lib.
1338 3328 1486 3386 ILStr'om.
1503 3326 1618 3394 itcrat
1643 3328 1731 3399 μελέτη
1749 3333 1792 3398 τῆς
1811 3329 1919 3394 sternar

311 3415 431 3482 ὃειιτικὴι
445 3408 507 3468 εἶναι
528 3414 590 3487 μετὰ
609 3415 696 3486 λόγου,
714 3411 851 3477 ewam,
865 3412 904 3465 ὅτι
916 3412 956 3466 eut
976 3410 1002 3465 ιιί
1015 3412 1089 3486 ἀρχαὶ
1143 3411 1262 3486 ἰπιστήμη
1276 3413 1368 3486 γίνεται
1380 3413 1488 3485 repella
1500 3412 1590 3484 βιόιιίῳ
1607 3409 1804 3485 iuquprrrptvq.

311 3499 489 3555 ἀναπόδεικτοι·
498 3497 554 3553 οὔτε
566 3499 614 3572 γὰρ
627 3498 712 3570 rim,
724 3494 780 3550 οὔτε
792 3495 961 3567 pbvqporqurr
972 3497 1088 3569 γιιιιτιιί·
1179 3497 1199 3551 d
1210 3496 1332 3564 tciddtv
1345 3498 1369 3568 γ’
1381 3490 1424 3550 οὖν
1436 3495 1570 3569 ἐπιστήμην
1577 3495 1699 3568 ὁρίζονται
1710 3498 1851 3570 φιλοσόφων
1862 3503 1922 3554 παῖ-

311 3586 326 3654 ἡ
341 3584 384 3657 μὲν
399 3604 447 3657 γαρ
466 3582 523 3656 περὶ
533 3581 563 3637 τὰ
580 3579 727 3655 ἓνδιχόμιιά
743 3578 808 3633 ἔστιν
826 3579 909 3643 ἄλλως
928 3579 1003 3653 ἔχειν·
1020 3582 1035 3651 ἡ
1050 3581 1087 3650 δὲ,
1142 3581 1181 3643 ber
1193 3578 1241 3643 ῐξιι
1254 3579 1429 3652 ἀμετάπτωτοι
1439 3579 1486 3634 berb
1498 3580 1583 3652 λόγου.

313 3665 582 3739 ποιητικὴμόιοι,ιὸχὶ
597 3663 829 3736 steteramus..
844 3662 1089 3735 invulgatismulc
1179 3664 1298 3721 elisur.
1320 3667 1351 3719 ιἰι
1369 3665 1442 3721 Psoi.
1472 3679 1531 3720 cru.
1556 3661 1659 3734 Ἀνάγκη
1673 3664 1721 3738 γὰρ
1741 3664 1841 3735 tranq,
1870 3687 1922 3739 pa-

313 3749 576 3824 legiturpommopi.
693 3778 696 3783 ·
1143 3747 1409 3817 ὓήσιωςάιιξετάιτινς
1422 3741 1483 3802 εἶναι
1497 3747 1539 3810 τὰς
1553 3745 1629 3820 ἀρχὰς
1642 3751 1694 3811 τοῖς
1714 3750 1885 3821 μανθάνωσιν.

351 3836 468 3892 thsts.
486 3833 558 3891 ibid.
577 3835 729 3908 Kuprdrrpov
749 3826 792 3886 oin
805 3835 848 3899 τῆς
871 3829 1004 3906 ὶπιπήμης
1021 3833 1036 3902 ἡ
1052 3833 1092 3886 rl·

314 3940 375 3987 στις,
388 3920 427 3973 καὶ
443 3918 508 3974 istri
523 3918 597 3988 αὐτῆς
619 3920 752 3991 κριτήριον.

314 4100 344 4152 Et
358 4099 388 4152 ab
402 4099 453 4165 ipen
466 4096 569 4164 relicitur
582 4096 712 4158 Clemente,
726 4107 772 4160 quo
784 4097 880 4148 ιιιιιιι
898 4097 926 4147 rt
942 4096 1031 4155 ἀλιιιι
1053 4107 1095 4148 oe·
1146 4096 1192 4160 tus,
1205 4093 1237 4145 ita
1259 4093 1320 4145 nulla
1332 4096 1466 4160 suppeteret
1482 4092 1547 4159 origo
1563 4108 1578 4146 e
1592 4108 1639 4160 qna
1653 4095 1759 4162 proiecta
1776 4094 1924 4148 demonstra·

314 4193 379 4243 ιιιιιι,
393 4180 463 4243 auus
475 4176 534 4228 adeo
548 4175 617 4229 trun
633 4178 779 4239 certunque,
792 4186 839 4226 uon
852 4174 966 4226 manser
980 4174 1094 4239 rendbns,
1146 4174 1179 4226 tio
1205 4177 1333 4226 tereretur.
1350 4174 1493 4239 Quapropter
1508 4186 1536 4225 eo
1553 4175 1656 4227 scientia
1673 4188 1754 4228 omues
1771 4189 1851 4227 ιιιιιιιι
1861 4175 1924 4241 ipsis

315 4258 443 4319 intellectu,
457 4254 599 4320 scientiaque
613 4255 694 4319 oritur,
710 4268 778 4319 qnam
797 4255 885 4306 tructus
898 4255 929 4306 sit
941 4257 1097 4319 taciturne·
1147 4252 1302 4315 consentiunt,
1313 4251 1375 4316 qnod
1386 4252 1475 4302 illarum
1492 4251 1610 4319 principiis
1621 4253 1701 4305 babitu
1722 4253 1870 4309 ruendum»
1885 4253 1925 4320 qui

315 4337 387 4403 tqitur
396 4336 446 4387 aliie
456 4334 512 4387 lieet
525 4334 612 4397 verbis,
628 4333 727 4399 idipsum
742 4337 820 4384 tanen
834 4332 903 4384 docet
916 4332 1022 4384 Clemens
1035 4332 1097 4397 quod
1147 4336 1184 4384 eet
1196 4331 1291 4384 scientia
1304 4331 1366 4396 prior
1374 4334 1398 4383 et
1408 4332 1493 4398 potior,
1506 4332 1591 4398 quique
1604 4346 1618 4384 a
1631 4334 1747 4386 veteribus
1757 4337 1845 4398 atera,
1855 4335 1924 4396 tides

316 4416 416 4467 ιιιιιιίιιιι
431 4428 472 4466 ιιι
485 4413 563 4464 tritura
578 4415 623 4471 est,
637 4415 734 4477 quatuor
752 4423 804 4463 esse
817 4410 927 4462 mturalis
943 4410 1097 4467 recitantes:
1148 4412 1194 4464 dici
1206 4412 1275 4464 solet.
1290 4414 1320 4462 tt
1333 4424 1389 4463 sero
1407 4424 1435 4463 eo
1456 4412 1634 4478 supernaturalis
1648 4413 1770 4479 theologie
1789 4413 1888 4465 suenda
1910 4428 1924 4465 u

315 4493 585 4575 semeqffirburrernm
595 4504 731 4558 corporeum
739 4490 927 4558 apprehenditur,
933 4493 1095 4559 mutuasse,
1148 4493 1290 4544 ramalibus
1300 4492 1391 4544 secedit
1402 4491 1536 4558 disciplinis,
1551 4494 1612 4558 qnod
1622 4493 1640 4542 i.
1653 4493 1704 4544 ista
1716 4493 1927 4558 sanatquteseuut

316 4589 363 4640 quo
376 4575 465 4625 iuterna
476 4571 562 4624 serius
576 4585 605 4623 ex
617 4570 720 4622 mearum
732 4570 811 4622 babitu
825 4570 973 4622 etlmmceus
985 4568 1095 4633 aarum,
1147 4572 1265 4639 principiis
1278 4571 1357 4624 babitu
1369 4572 1509 4634 intellectus,
1526 4572 1564 4624 illu
1579 4572 1658 4623 babitu
1671 4573 1724 4626 tidei
1743 4589 1750 4624 :
1764 4574 1825 4639 qnod
1848 4574 1880 4626 tl.
1901 4574 1926 4625 iu

315 4657 456 4707 ιιιιιιιιιιιιι.
472 4650 674 4708 readunatione
688 4650 811 4702 adrerum
826 4648 955 4711 contendit,
970 4650 1095 4707 arcaera·
1148 4652 1193 4703 iltis
1205 4665 1271 4704 nuens
1293 4655 1447 4719 premeretur
1467 4652 1556 4703 interm
1572 4651 1735 4717 principiorum
1757 4651 1885 4715 euidentia,
1901 4652 1925 4702 in

316 4736 357 4800 ψιι
370 4746 422 4798 qua
434 4729 564 4782 auctoritati
579 4729 704 4781 incumbit.
725 4729 755 4779 E.
780 4729 809 4779 n.
1148 4731 1192 4781 trac
1201 4734 1295 4783 externa
1311 4727 1636 4783 msudcrttooiscredibititrte
1651 4746 1658 4781 ι
1676 4730 1769 4795 etqnod
1781 4729 1823 4779 ΙΙΙ.
1842 4729 1867 4781 ir
1879 4729 1926 4781 illis

348 4812 361 4839 ⁴
381 4810 482 4862 Arduum
503 4821 550 4860 nou
568 4812 605 4860 est
621 4807 758 4872 intelligere,
772 4822 818 4872 quo
836 4807 1014 4874 supernaturalis
1030 4810 1096 4861 ttreo-
1149 4809 1226 4861 tocnrn
1246 4808 1289 4860 sibi
1301 4808 1403 4862 uindicat
1418 4808 1500 4860 ἰιιίῑιι
1512 4809 1561 4860 reri
1579 4821 1653 4872 amor,
1666 4808 1690 4858 iu
1708 4809 1752 4859 trae
1768 4806 1870 4859 uicissim
1884 4822 1924 4859 re·

317 4891 383 4957 logie
398 4887 609 4954 ostendunturque
621 4888 736 4938 natantes
752 4887 878 4955 disciplina
895 4888 943 4939 sire
961 4901 1039 4940 secum
1057 4889 1093 4954 ip·
1149 4891 1222 4953 pnaut
1231 4889 1282 4954 pins
1296 4888 1435 4940 credulitatis
1448 4887 1675 4952 affectuqiuditrque
1688 4887 1778 4939 celitus
1793 4886 1925 4952 uepimtio,

235 5020 239 5027 .
317 4968 612 5025 inconsentiantsireab
627 4966 725 5018 inuicem
739 4967 834 5020 duent.
852 4968 885 5020 Eo
902 4967 1095 5033 igiturecienttrc,
1148 4983 1193 5034 qua
1206 4969 1274 5020 Pater
1289 4970 1366 5019 babit.
1385 4968 1506 5033 Principiis
1522 4971 1598 5019 ιιῑιιι
1618 4967 1651 5017 uti
1665 4979 1706 5032 par
1724 4970 1760 5017 est
1782 4967 1927 5031 connum,

319 5064 401 5103 omues
412 5064 491 5103 seeum
502 5048 558 5115 ipsis
571 5049 728 5113 consentiunt,
740 5048 802 5113 qnod
816 5048 905 5099 illarum
922 5048 1035 5114 principia
1052 5048 1094 5101 de·
1148 5046 1301 5113 amplissimus
1315 5045 1415 5097 scientiis
1427 5047 1528 5113 aperitur
1540 5045 1624 5109 aditus,
1642 5058 1656 5096 e
1671 5058 1716 5109 quo
1728 5044 1799 5096 ιιΙιιί
1813 5056 1926 5109 equare,

317 5131 483 5183 mansuetiora
497 5144 544 5181 uon
561 5132 691 5183 teneamur
706 5129 730 5178 Si
756 5128 817 5180 euim
830 5128 868 5180 vet
884 5128 934 5180 trac
951 5129 1028 5181 toreut
1051 5130 1096 5182 de·
1147 5140 1191 5192 pro
1202 5139 1243 5178 sar
1252 5126 1347 5191 unque
1358 5126 1463 5191 mrtem,
1475 5139 1518 5193 pro
1532 5138 1574 5177 suo
1591 5124 1693 5190 menie,
1713 5136 1802 5191 proque
1825 5124 1874 5175 suia
1890 5123 1927 5174 in-

318 5210 476 5275 ruonstraudr,
488 5209 679 5276 quenadmodum
701 5210 777 5261 nndns
790 5212 852 5261 esset
861 5208 1032 5261 demouuraudi
1046 5210 1094 5261 eri·
1148 5205 1281 5258 surnaria
1295 5204 1405 5258 tatssime
1414 5206 1553 5272 spatientur.
1570 5206 1598 5256 r.
1615 5205 1647 5255 a.

344 5383 355 5424 t
370 5379 474 5424 t’rdetlo.
489 5376 517 5423 ll.
531 5377 611 5422 Sirone.
630 5397 655 5409 -
674 5378 685 5416 Ξ
702 5375 752 5421 Lib.
772 5373 796 5417 dr
804 5372 907 5420 Abrabam
919 5386 953 5423 c.,
964 5384 996 5418 ru.
