4030 6204
366 382 417 442 DE
436 382 510 444 1)Εο
531 382 674 456 DEIQUE
693 377 1038 454 ΡΒΟΡΒΙΕΤΑΤΙΒΠΒ,
1060 384 1132 445 LlB.
1154 381 1210 453 Vl,
1234 380 1317 441 GAP.
1340 378 1392 439 Ill.
1615 374 1674 434 toa

79 541 179 603 nibus
201 563 257 623 pro
277 563 334 605 suo
352 546 462 627 cuique
479 548 572 608 modo
586 549 760 623 consulens,
778 545 855 606 nibil
904 550 962 611 ista
977 549 1137 631 pertexit:
1158 567 1173 604 o
1190 545 1272 606 Nihil
1286 544 1371 605 enim
1391 541 1419 602 ei
1438 540 1557 620 gratius
1570 539 1675 601 offerri

79 634 125 694 ab
141 654 205 695 sun
218 639 439 699 ccmmrmione
451 639 598 700 bonitatis
616 640 730 719 exeipit
745 659 752 698 ε
769 638 857 715 cujm
905 647 1005 721 potest
1025 662 1044 703 a
1067 639 1168 715 nobis,
1197 655 1293 717 quam
1314 635 1448 716 perfecta
1469 652 1508 693 ex
1531 633 1677 693 omnibus

78 731 195 787 tamen
203 728 857 792 ‹liversusinillisesttructusNamcxtema
905 734 1006 794 modis
1029 733 1092 794 suis
1111 730 1222 792 oratio.
1244 730 1342 789 Causa
1363 731 1468 787 autem
1491 726 1525 785 in
1550 724 1610 784 hoc
1630 730 1678 784 est

80 820 857 902 etcommuninbonanonsolumprobis,sedetiam
907 819 1171 885 abundantissima
1200 820 1322 881 bonitas
1355 820 1461 898 ipsius,
1494 835 1549 896 per
1581 833 1677 895 quam

81 911 204 989 impiis,
220 917 251 972 et
274 913 430 975 sceleratis
445 915 602 976 uberrime
625 914 797 993 dilargitur,
823 930 859 971 ac
907 918 1019 995 quaerit
1031 917 1065 977 in
1079 916 1169 976 nobis
1186 914 1360 974 occasiones
1379 909 1545 972 miserendi
1556 925 1678 988 semper

81 1001 189 1063 Solem
197 1022 280 1064 suam
292 1006 370 1065 oriri
381 1005 458 1086 facit
469 1025 557 1087 super
580 1003 859 1072 durecervicibus
907 1008 1008 1083 nobis,
1023 1026 1059 1068 ac
1077 1005 1299 1068 benefaciendi.
1315 1005 1400 1064 Adeo
1420 1018 1556 1080 namque
1578 1001 1679 1080 placet

78 1093 171 1175 pluit
181 1097 561 1179 super-justcsetinjustoa¹,
571 1098 700 1178 quodad
709 1096 860 1176 ejusmodi
909 1100 1009 1160 eidem
1023 1100 1109 1174 dare,
1126 1103 1162 1159 ut
1182 1103 1308 1177 propter
1320 1096 1380 1155 hoc
1393 1094 1497 1155 omnia
1509 1094 1676 1167 creaverit3

82 1184 288 1262 percipienda
305 1187 468 1246 commoda
488 1186 598 1247 idonee
615 1188 675 1247 sint
693 1187 804 1265 parati.
821 1185 861 1245 nt
910 1190 1033 1251 volebat
1052 1192 1136 1251 enim
1156 1189 1272 1249 habere
1291 1205 1373 1266 quae,
1395 1191 1426 1246 et
1448 1185 1561 1265 quibus
1578 1186 1677 1245 daret.

82 1276 224 1353 potiora,
247 1283 278 1337 et
298 1282 424 1355 aeterna,
443 1297 479 1339 ac
497 1279 668 1358 spiritualia
689 1278 771 1338 bona
797 1295 861 1338 non
910 1282 1044 1361 Angelos
1057 1288 1164 1343 autem
1178 1285 1209 1341 et
1221 1280 1364 1341 homines
1390 1278 1423 1339 in
1436 1278 1496 1338 hoc
1509 1277 1680 1357 specialiter

82 1367 217 1445 passim,
231 1387 288 1429 nec
301 1369 335 1428 in
348 1386 456 1430 omnes
470 1370 588 1447 dividit,
602 1371 655 1431 sed
668 1370 715 1431 uti
741 1376 862 1431 rectum
910 1374 1040 1450 creavit,
1073 1380 1108 1434 ut
1132 1375 1221 1435 daret
1244 1372 1287 1432 eis
1315 1370 1530 1450 semetipsum,
1554 1374 1681 1448 propter

84 1463 120 1517 et
146 1465 358 1539 opportunum
380 1480 445 1522 esse
466 1461 595 1540 judicat,
621 1462 675 1540 qui
697 1461 775 1522 nihil
798 1480 862 1521 non
911 1467 995 1546 quod
1016 1471 1047 1526 et
1064 1467 1141 1526 tales
1155 1484 1207 1526 eos
1225 1464 1350 1535 creavit,
1371 1462 1424 1541 qui
1442 1462 1538 1541 ipsius
1555 1479 1682 1540 capaces

85 1556 176 1611 certa
190 1553 310 1613 ratione
324 1572 359 1614 ac
369 1554 494 1614 consilio
509 1554 647 1615 molitur.
664 1555 770 1633 Itaque
783 1554 863 1613 bene
912 1563 1022 1619 essent.
1041 1580 1056 1615 o
1079 1559 1158 1619 Hine
1180 1558 1286 1631 ctiam,
1306 1555 1390 1634 quod
1411 1555 1568 1631 eleganter
1585 1554 1680 1629 idem,

86 1642 220 1722 quidem
244 1644 390 1705 omnibus
415 1646 498 1721 facit,
523 1647 576 1707 sed
600 1665 664 1707 non
686 1647 864 1707 uniusmodi
912 1650 1016 1710 miuus
1029 1650 1100 1710 licet
1112 1649 1305 1728 elegantibus
1318 1647 1421 1707 verbis
1429 1646 1561 1724 subjicit,
1580 1668 1596 1703 a
1610 1664 1681 1725 gra·

86 1734 251 1796 bonorum
268 1755 383 1816 genere
401 1738 505 1798 afficit.
522 1739 557 1798 ln
574 1757 636 1818 quc
652 1737 697 1798 illi
711 1756 785 1799 cum
801 1738 864 1798 sole
912 1742 1077 1802 dosbsima
1087 1743 1175 1802 estin
1186 1745 1351 1818 conspectu
1358 1738 1424 1817 ejus
1433 1738 1602 1798 humilitas.
1615 1738 1684 1817 Ipsa

87 1828 249 1903 convenit,
267 1847 374 1907 quem,
391 1835 537 1909 utsupra
557 1830 768 1906 meminimus,
792 1831 863 1891 Dio·
913 1834 998 1894 enim
1011 1850 1133 1912 semper
1148 1832 1312 1912 querulosa
1326 1836 1383 1905 est,
1398 1848 1520 1910 semper
1529 1829 1682 1903 mendica,

87 1920 203 1997 nysius
224 1920 328 1995 refert,
349 1939 387 1981 eo
403 1921 468 2001 ipso
489 1923 573 2002 quod
592 1922 706 1998 existit,
726 1922 792 1982 sine
811 1923 863 1982 de·
913 1943 1036 2004 semper
1050 1943 1159 2004 egena,
1175 1925 1252 1985 dum
1265 1923 1314 1983 hir
1336 1922 1461 1995 nvitur,
1478 1927 1536 1982 etc.
1557 1921 1686 1999 Propter

88 2011 188 2085 lectu,
205 2030 241 2073 ae
258 2013 385 2073 consilio
402 2013 543 2075 derivare
557 2013 591 2073 in
605 2015 712 2074 omnia
726 2014 867 2074 utibtatis
914 2016 1306 2095 hccigiturgratissimaest
1312 2013 1686 2092 humilitasinconspectu

88 2104 225 2183 aliquid.
236 2105 394 2166 Hocenim
404 2106 496 2166 modo
507 2107 598 2183 Dens,
609 2106 635 2166 si
644 2106 770 2186 quidem
779 2112 867 2166 extra
915 2109 1072 2183 creatoris,
1088 2108 1238 2186 quoniam
1257 2107 1431 2167 occasiones
1447 2105 1476 2166 ei
1494 2123 1616 2184 semper
1630 2104 1686 2165 mi-

88 2213 125 2256 se
141 2201 304 2275 operatum
317 2196 406 2257 illum
417 2197 587 2275 intuemur,
598 2197 720 2258 nullam
732 2216 800 2258 rem
812 2197 865 2258 be·
916 2200 1026 2259 nistret
1038 2199 1190 2278 largiendi
1202 2197 1305 2274 simul,
1321 2203 1352 2258 et
1360 2197 1537 2258 miserendi.
1550 2219 1566 2255 r

88 2288 255 2366 nignitatis
272 2295 430 2370 expertem
450 2309 514 2351 suae
531 2290 695 2370 relinquit;
715 2289 787 2350 facit
809 2290 867 2351 hoc
957 2292 1023 2366 Quo
1040 2293 1136 2352 etiam
1151 2292 1210 2351 ista
1232 2290 1312 2350 Petri
1331 2289 1511 2368 Chrysalogi
1530 2289 1689 2368 pertinent

88 2381 298 2441 tamennulla
307 2382 498 2457 necessitate,
510 2382 868 2461 sedsingula,utivisum
916 2400 1059 2443 sermone
1079 2397 1164 2443 xnux
1182 2381 1221 2441 ad
1244 2380 1347 2442 locum
1374 2380 1464 2440 illum
1483 2381 1572 2441 Lucae
1593 2383 1688 2442 unde

89 2477 153 2547 ost,
169 2490 291 2550 prosus
305 2473 645 2553 prudentiadispensat.
657 2474 745 2547 Quod
757 2474 869 2534 sisem·
917 2475 1001 2549 cimi,
1025 2474 1059 2534 in
1082 2492 1144 2552 quo
1166 2472 1315 2551 parabola
1333 2472 1504 2551 importxmi
1527 2478 1557 2532 et
1574 2473 1687 2534 intem·

90 2563 234 2641 piternss
253 2564 346 2639 illins,
362 2570 393 2625 et
406 2565 488 2625 intra
501 2565 604 2645 ipsum
618 2571 780 2627 manentes
795 2584 867 2645 pro·
916 2564 1175 2646 pestivipetitoris
1188 2564 1362 2644 exponitur,
1379 2564 1477 2643 quide
1490 2570 1580 2625 nocte
1593 2583 1690 2644 panes

89 2655 233 2716 mnones
252 2662 381 2736 spectas,
397 2675 442 2717 ere
462 2663 534 2717 sunt
548 2675 586 2717 ex
599 2662 676 2733 toto,
691 2663 799 2736 utpote
812 2677 867 2717 ne·
918 2657 958 2717 ab
971 2657 1071 2718 antico
1085 2657 1239 2736 postulat:
1258 2659 1303 2718 «0
1317 2675 1414 2736 quam
1425 2657 1499 2717 dare
1513 2657 1581 2717 vult
1594 2657 1648 2736 qui
1657 2676 1690 2718 se

92 2747 249 2821 cessarie,
264 2766 329 2808 non
342 2748 459 2809 liberae.
475 2749 576 2822 Quare
594 2754 694 2809 totam
713 2767 745 2808 se
765 2750 798 2808 in
817 2767 869 2808 eas
917 2750 1085 2828 inquietari
1102 2749 1216 2824 taliter,
1237 2749 1340 2808 taliter
1355 2748 1472 2827 patitur
1490 2750 1644 2809 suscitarit
1665 2751 1690 2811 0

92 2857 257 2918 personas,
271 2857 349 2919 quas
362 2841 421 2900 hcc
436 2847 526 2920 pacto
545 2840 699 2919 producit,
717 2840 869 2900 immensa
919 2858 1014 2919 quam
1027 2840 1215 2900 necessitatis
1230 2858 1294 2901 csse
1309 2857 1384 2916 sua,
1406 2841 1490 2918 quod
1509 2858 1574 2900 susa
1587 2846 1689 2920 potes

92 2930 220 2990 bonitas
233 2931 298 2991 sine
316 2931 540 2992 ullamcnsure
554 2932 708 3010 modoque
728 2949 867 2992 commu-
918 2932 989 2990 tatis
1012 2936 1067 2999 est,
1090 2930 1158 2990 vult
1179 2930 1292 2991 viderit
1318 2932 1342 2990 Ο
1365 2949 1461 3009 quam
1477 2931 1612 3010 pulsanti
1634 2931 1691 2993 iste

91 3023 182 3081 nicet
204 3041 212 3081 ε
232 3041 330 3101 eaque
351 3023 471 3084 ratione
492 3022 710 3104 perfectissime
731 3023 869 3101 Dionysii
918 3022 1040 3101 gestivit
1059 3040 1231 3097 occurrere,
1254 3022 1308 3101 qui
1328 3021 1370 3082 sic
1389 3023 1497 3083 secreti
1522 3024 1571 3083 sui
1591 3023 1691 3085 cubile

92 3114 284 3174 sententiam
304 3114 402 3191 illam,
419 3134 455 3175 ac
468 3115 703 3175 similitudinem
723 3114 795 3174 solis
809 3115 867 3175 im·
919 3114 1019 3193 ipsam
1042 3113 1202 3174 codocavit
1216 3114 1255 3172 ad
1266 3114 1412 3192 januam!
1427 3117 1451 3176 Ο
1465 3132 1561 3192 quam
1576 3133 1691 3194 negare

93 3205 174 3283 plet,
197 3211 266 3265 tum
283 3207 461 3266 universam
484 3207 549 3266 vim
561 3224 663 3282 suam,
684 3212 754 3267 tum
767 3225 870 3267 neces
918 3206 1031 3281 noluit,
1046 3206 1100 3284 qui
1114 3205 1171 3265 sibi
1184 3205 1278 3265 etiam
1297 3208 1425 3285 neganti
1440 3206 1572 3285 qualiter
1588 3213 1690 3267 extor-

93 3296 193 3371 sario,
213 3314 248 3357 ec
266 3296 331 3357 sine
350 3297 570 3358 deliberatione
587 3297 755 3358 tamdentis.
776 3300 869 3359 Plura
920 3303 1068 3376 queretur
1081 3297 1264 3357 ostenditis

95 3389 139 3449 de
156 3388 230 3448 solis
250 3407 286 3449 ac
305 3389 381 3449 lueis
401 3389 602 3450 similitudine
621 3406 694 3450 cum
719 3391 793 3464 Deo,
809 3410 872 3470 qua
961 3390 1027 3449 XV.
1045 3389 1231 3467 Hujusmodi
1244 3406 1337 3468 porro
1350 3388 1497 3465 liberalis,
1510 3395 1542 3450 et
1553 3390 1690 3469 prolixa,

94 3480 269 3556 bonusest,
285 3481 353 3541 tide
369 3481 467 3560 capite
485 3481 539 3542 illc
552 3488 664 3561 quarto
680 3480 753 3542 libri
765 3481 800 3542 de
814 3482 871 3543 Dt'-
920 3498 978 3542 nee
987 3480 1197 3540 morosabene
1206 3481 1346 3541 merendi
1355 3482 1498 3541 voluntas
1507 3482 1693 3544 beneficium
1726 3546 1729 3559 ,

97 3571 181 3631 uinis
195 3571 372 3633 seminium
921 3572 988 3637 sola
1001 3571 1051 3632 vel
1059 3571 1143 3647 facit,
1154 3572 1204 3631 vel
1213 3590 1277 3651 pree
1288 3574 1407 3633 caeteris
1419 3574 1616 3634 commendat
1628 3594 1635 3634 :
1647 3573 1693 3634 uti

14 3686 42 3721 m
141 3663 221 3723 XIV.
244 3665 331 3724 Hanc
345 3665 399 3724 Dei
416 3663 624 3742 largissimam
640 3664 717 3724 etin
731 3683 871 3725 commu·
922 3664 1062 3743 pluribus
1074 3664 1107 3723 in
1119 3662 1616 3745 seeundodeBenefiriis²Seneca
1625 3685 1695 3745 pro·

15 3744 74 3838 ,Q
96 3755 289 3816 nicationem
319 3755 368 3815 sni
401 3755 673 3834 propensissimam
701 3755 872 3817 bonitatem
921 3756 1071 3834 sequitur.
1088 3756 1147 3829 Qui
1162 3761 1194 3816 et
1210 3754 1270 3815 hoe
1290 3756 1429 3831 adnotat,
1449 3758 1533 3836 quod
1553 3758 1694 3819 similiter

16 3844 63 3933 2¹¹2.
96 3846 231 3926 pulchre
270 3846 452 3907 Guillelmus
498 3847 675 3907 Parisiensis
713 3847 873 3928 episcopus
922 3866 958 3907 ac
968 3847 1120 3922 Deus,sed
1128 3846 1221 3926 longe
1230 3847 1370 3907 dissimili
1379 3855 1695 3928 menteprrepotentes

96 3944 233 3999 exornat
246 3937 280 3997 in
299 3937 454 3999 llletmtm
467 3937 579 4005 diuina,
596 3939 768 4018 presertim
782 3940 873 3999 trice·
923 3939 982 3999 tiri
999 3938 1127 4013 faciunt,
1152 3943 1188 3998 ut
1210 3937 1265 3997 diu
1289 3957 1325 3998 ac
1347 3939 1483 3999 multum
1504 3942 1620 4019 rogari,
1636 3942 1694 4002 sibi

96 4031 181 4091 simo
191 4031 293 4109 primo
303 4030 420 4110 capite:
437 4030 631 4091 ubiadillius
645 4032 874 4110 praedicandam
923 4030 1063 4108 amplum
1077 4034 1198 4109 putent.
1218 4049 1234 4084 a
1256 4028 1411 4108 Plerisque
1429 4030 1488 4089 hoc
1511 4031 1622 4091 vitium
1636 4038 1692 4107 est,

97 4122 316 4183 excellentiam
328 4122 388 4182 lroc
406 4122 507 4197 affert,
528 4123 612 4202 quod
627 4129 788 4202 tantopere
807 4142 874 4202 pre
923 4121 1092 4181 ambitione
1099 4138 1194 4199 prava
1204 4119 1367 4180 differendi
1373 4121 1581 4200 promissam
1590 4123 1694 4184 minor

97 4214 191 4274 cibus
204 4213 381 4289 hominum,
398 4219 429 4274 ct
444 4231 553 4275 earum
572 4214 806 4294 importunitate
819 4216 872 4275 ‹le-
922 4212 962 4272 sit
981 4212 1160 4291 rogantium
1178 4210 1283 4271 turba.
1306 4211 1416 4284 Quales
1437 4213 1530 4291 regiae
1548 4214 1694 4292 potesne

98 4306 249 4379 lectntnr,
272 4310 380 4365 contra
410 4324 506 4384 quam
532 4323 632 4384 reges,
660 4325 696 4366 ac
722 4307 874 4387 principes
923 4303 1056 4364 ministri
1082 4308 1165 4379 sunt,
1191 4322 1269 4382 quos
1293 4302 1424 4364 delectat
1452 4305 1604 4383 superbias
1629 4325 1694 4366 sure

97 4397 214 4471 solent,
229 4396 303 4475 quia
315 4402 370 4456 aut
388 4396 456 4457 illas
470 4396 623 4457 fastidiose
637 4397 803 4476 repellunt,
819 4403 874 4459 aut
923 4395 1054 4473 longum
1073 4395 1296 4473 spectaculum,
1316 4395 1481 4473 minusque
1506 4415 1538 4457 se
1553 4397 1695 4474 judicant

97 4505 214 4550 earum
227 4488 297 4547 odio
313 4489 403 4548 inviti
417 4488 500 4566 quod
520 4489 647 4568 petitur,
662 4508 804 4568 segreque
817 4490 872 4549 tri-
922 4504 1022 4567 posse,
1037 4486 1098 4546 nisi
1109 4486 1163 4545 diu
1177 4486 1374 4565 multumque
1387 4487 1527 4566 singulis,
1541 4488 1616 4566 quid
1627 4507 1695 4567 pos

99 4582 216 4641 bunut.
232 4601 247 4635 a
261 4580 364 4657 Longe
374 4585 480 4640 autem
488 4586 561 4640 sunt
570 4581 631 4657 bre,
645 4586 675 4641 et
684 4600 791 4641 omues
804 4582 873 4642 alias
923 4578 995 4651 sint,
1020 4582 1185 4637 ostentent.
1208 4577 1291 4637 Nihil
1309 4577 1481 4654 eonfenim,
1502 4579 1581 4639 nihil
1599 4580 1694 4641 semel

98 4669 264 4744 molestie,
283 4670 396 4749 inquit,
412 4689 431 4731 a
449 4670 644 4750 pacatissima
672 4677 703 4732 et
721 4673 872 4751 tranquil·
923 4667 1596 4750 iaciuntlnjuriseillorumpraecipites,lenta
1603 4670 1697 4732 bene-

97 4762 220 4823 lissima
233 4761 333 4840 gloria
347 4762 503 4822 creatoris.
525 4764 585 4824 Sed
603 4781 661 4823 nec
673 4763 816 4842 possibile
829 4771 875 4826 est
923 4760 993 4820 ficia
1005 4764 1079 4819 sunt
1089 4758 1112 4819 ³.
1126 4782 1141 4816 »
1158 4760 1199 4820 At
1216 4779 1290 4821 vero
1307 4761 1386 4821 Deus
1404 4763 1556 4823 nonnulla
1569 4763 1695 4841 quidem
1718 4791 1868 4837 ming..

98 4853 195 4915 abeo
209 4852 336 4932 aliquid,
349 4854 669 4932 tauquameoinvito,
686 4856 872 4934 extorqueri.
924 4850 1107 4929 rogantibus
1118 4851 1236 4912 tardius
1248 4852 1400 4931 indulget,
1412 4854 1464 4914 sed
1478 4854 1569 4933 longe
1580 4855 1695 4935 dispari
1732 4851 1853 4952 ,ffiflo

26 4958 28 5017 ς
99 4946 217 5007 Omnia
231 4946 344 5024 quippe
358 4943 489 5023 largitur
498 4946 647 5024 praeclara
661 4945 783 5007 bonitas
796 4948 873 5025 ejus,
924 4948 970 5002 est
985 4942 1019 5001 in
1042 4960 1134 5002 causa
1152 4962 1159 5000 :
1180 4944 1317 5021 primum
1338 4944 1422 5023 quod
1443 4945 1503 5005 alia
1517 4946 1696 5006 innumera·
1731 4951 1856 5048 hffliu·k

99 5057 169 5099 non
183 5037 284 5097 solum
304 5035 483 5110 liberaliter,
507 5036 560 5097 sed
581 5037 675 5097 etiam
693 5038 870 5099 libenter.»
923 5032 1009 5109 bilia,
1023 5038 1054 5093 et
1072 5033 1228 5112 praecipua
1246 5035 1443 5114 maximeque
1464 5038 1635 5097 necessaria
1661 5037 1695 5097 in
1796 5014 1837 5059 μ’

28 5178 30 5195 .
100 5128 235 5208 Suhjicit
253 5127 432 5208 exemplum
445 5127 547 5188 viduae
560 5128 643 5189 illins
656 5129 784 5191 moleste
794 5131 875 5209 judi-
925 5141 1090 5184 commune
1107 5125 1210 5203 90⁸³st
1223 5126 1379 5202 Omnibus,
1395 5131 1488 5205 alque
1501 5128 1584 5188 filim
1593 5128 1643 5188 Vssl
1655 5148 1695 5190 11⁶

29 5254 31 5265 ·
100 5238 172 5284 cem
188 5220 423 5299 interpellantis,
442 5221 524 5298 quod
539 5225 584 5280 est
593 5219 682 5282 Lucoe
695 5238 779 5283 xvru.
794 5225 875 5285 l'um
925 5215 1131 5294 wgtlfllltiblffl
1140 5216 1277 5295 quidem,
1293 5218 1343 5278 vel
1357 5217 1462 5278 invitis
1474 5218 1580 5296 etium,
1596 5239 1632 5281 ac
1645 5238 1695 5282 re·

128 5377 138 5419 t
153 5375 229 5420 nott.
243 5373 432 5429 ntificale.
447 5384 463 5416 r.
477 5394 505 5405 -
518 5373 532 5417 a
544 5373 613 5425 lieni,
627 5386 675 5429 cap.
691 5386 712 5419 v.

266 5505 344 5568 Tou.
367 5507 390 5566 1.
806 5490 809 5495 ’
1493 5524 1533 5582 34
