3952 6170
288 309 368 370 318·
792 322 1116 391 THEOLOGIGORUM
1136 326 1365 389 uocitatum.

287 476 404 538 confert
423 480 580 558 eumdem,
595 500 696 563 noque
717 486 958 551 tolerabiliorem
975 490 1057 552 illim
1147 493 1199 553 lll.
1229 494 1324 553 Eram
1341 490 1426 551 cuim
1445 489 1499 569 qul
1522 489 1621 549 Deum
1642 484 1753 548 mundi
1773 485 1870 547 condi

1882 1594 1888 1603 Ὦ

1962 5960 1963 5969 ι

1962 6004 1963 6013 ι

287 587 381 649 quam
392 571 485 650 hujus
506 574 685 653 opinionem
699 578 828 656 Judicat.
856 583 959 656 «de
973 584 1057 644 enim
1105 589 1206 647 torem
1219 584 1404 659 latabantur,
1419 582 1524 643 sedda
1538 587 1679 659 tempore
1697 578 1870 657 (praerehaut

286 670 392 724 nostra
402 664 540 741 interest,
561 669 614 743 ait,
630 670 692 731 sive
711 678 797 732 extra
811 676 965 736 muudum
976 676 1058 737 able-
1106 696 1162 738 cur
1173 678 1232 738 hcc
1241 678 1343 757 potius
1355 693 1418 755 quo
1430 679 1550 735 creatus
1562 677 1608 733 est
1616 688 1711 750 quam
1724 671 1783 731 alio
1794 672 1871 731 Deus

286 773 360 834 gare
375 757 485 834 Deum,
503 759 781 838 (qriodrlristotelcs
796 764 934 848 faciebat)
955 788 1057 849 neque
1105 770 1194 831 illum
1204 770 1394 849 produxerit.
1407 768 1495 841 Quod
1505 784 1576 827 cum
1585 766 1734 839 dicerent,
1747 764 1871 825 immen-

286 848 456 928 quidquam
467 870 539 913 cum
548 855 682 915 eonobis
692 876 858 920 commune
868 861 1055 940 relinquere,
1106 881 1176 924 sum
1208 864 1335 943 aliquod
1366 861 1516 940 temporis
1544 859 1680 938 spatium
1709 863 1872 936 antequam

285 941 348 1001 sive
360 941 393 1002 in
408 946 561 1007 mundum
576 946 786 1011 includentem
806 952 891 1028 deos,
905 954 945 1014 ab
959 959 1056 1017 terre-
1105 957 1243 1017 mundus
1256 975 1292 1016 ac
1303 962 1427 1033 ternpus
1440 953 1610 1014 extitissent
1618 950 1803 1028 cogitatione
1815 950 1870 1011 iin-

285 1053 397 1095 narum
409 1038 625 1114 procuratione
637 1059 744 1102 rerum
755 1043 823 1103 illos
832 1044 1054 1108 abducere⁰lu
1104 1050 1220 1126 gabant
1238 1068 1305 1124 sua,
1327 1048 1417 1126 cujus
1433 1051 1555 1127 partem
1574 1045 1711 1123 aliquam
1737 1044 1872 1104 conditus

286 1127 459 1200 Quinetiam
481 1131 591 1192 Sextus
614 1134 785 1212 Empiricus
814 1136 847 1196 in
870 1137 949 1197 libro
972 1157 1056 1201 nono
1105 1143 1242 1202 mundus
1267 1144 1441 1220 occuparet.
1471 1138 1566 1216 Λατώ
1590 1138 1700 1197 eodem
1731 1136 1872 1197 modoet

284 1227 383 1279 contro
410 1220 629 1285 Mathematicus
656 1244 694 1285 ex
713 1228 883 1289 Aristotelis
906 1233 1058 1293 sententia
1105 1232 1226 1295 infinita
1248 1238 1336 1294 extra
1363 1232 1441 1292 illud
1467 1230 1553 1309 quod
1579 1229 1717 1289 mundus
1748 1235 1872 1307 occupat

285 1311 357 1371 dicit
376 1314 536 1391 «primum
554 1317 653 1377 Deum
665 1335 729 1379 esse
743 1320 912 1382 terminum
930 1323 1053 1400 coelil,»
1105 1327 1203 1405 spatia
1213 1326 1347 1405 cogitare
1359 1324 1484 1396 debent,
1495 1327 1532 1382 ut
1549 1321 1678 1400 proinde
1690 1320 1870 1399 respondere

285 1405 368 1483 quod
384 1423 457 1465 sane
471 1407 569 1470 inille
581 1428 676 1488 quem
690 1411 850 1473 citavimus
863 1414 930 1475 loco
945 1416 1057 1478 diserte
1105 1417 1237 1479 vicissim
1251 1418 1450 1479 debeantcur
1470 1415 1504 1475 in
1524 1414 1582 1474 hac
1595 1412 1799 1493 partepotius
1816 1414 1870 1473 im·

284 1498 442 1575 proditum
455 1504 502 1559 est
512 1500 551 1560 ab
565 1502 738 1564 Aristotele.
755 1506 792 1564 Et
803 1525 877 1566 vero
892 1508 1057 1587 Dionysius
1105 1512 1205 1571 mensi
1216 1512 1307 1590 spatii
1324 1527 1420 1589 quam
1434 1509 1469 1569 in
1483 1507 1580 1568 altera
1601 1507 1682 1567 Deus
1695 1506 1871 1568 universim

284 1595 525 1653 consentaneum
544 1593 691 1671 quiddam
713 1597 785 1657 huic
806 1598 953 1677 loquitur,
980 1601 1056 1662 dum
1105 1604 1287 1664 condiderit.
1313 1625 1329 1660 a
1338 1604 1418 1663 Nam
1439 1601 1465 1661 si
1477 1599 1600 1660 infinita
1613 1599 1712 1678 spatia
1729 1601 1871 1678 temporis

284 1681 419 1760 appellat
441 1685 540 1744 Deum
561 1685 736 1767 infinitatem
760 1690 897 1752 unicemc
924 1711 1055 1773 ccrnpre-
1105 1701 1177 1757 ante
1199 1697 1355 1757 mundum
1379 1695 1525 1773 cogitant,
1555 1692 1598 1751 ait
1617 1691 1821 1769 Augustimu,
1841 1692 1870 1752 5¹1

284 1771 463 1850 tondentes,
489 1782 524 1835 ut
544 1779 695 1856 superiori
719 1782 816 1860 eapite
838 1784 911 1845 dixi.
940 1786 1000 1847 Sed
1026 1793 1057 1846 et
1105 1789 1349 1867 quihuseisncn
1361 1787 1483 1847 videtur
1496 1786 1579 1845 Deus
1597 1783 1636 1843 ab
1647 1800 1741 1861 opere
1759 1801 1870 1845 cessare

286 1864 372 1925 Philo
390 1867 586 1930 disertissime
600 1870 634 1929 in
652 1871 731 1933 libro
750 1872 785 1939 de
803 1873 979 1937 Divinarum
993 1877 1055 1938 11111-
1105 1882 1251 1959 potuisse,
1268 1879 1408 1940 similiter
1428 1896 1502 1955 ergo
1524 1875 1659 1954 cogitent
1676 1880 1764 1935 extra
1787 1893 1870 1936 1111111·

284 1956 350 2017 rede
360 1976 372 2017 .·
386 1980 401 2016 ι
410 1960 528 2021 Caelum
537 1963 580 2023 ait
590 1981 654 2024 non
666 1965 850 2027 circumdari
861 1968 1005 2030 abvacuo
1018 1990 1056 2033 ex
1105 1972 1181 2033 dum
1211 1973 1333 2033 infinita
1364 1972 1462 2051 spatia
1484 1970 1625 2029 locorum
1652 1968 1685 2027 in
1713 1967 1870 2045 quibussi

284 2049 375 2110 iliosis
394 2054 674 2135 sententiamque
695 2059 734 2118 ab
756 2059 820 2120 ullo
842 2079 969 2141 corpore
992 2066 1055 2127 sive
1104 2066 1270 2145 quisquam
1283 2066 1364 2126 dicat
1383 2082 1448 2125 non
1467 2062 1602 2142 potuisse
1614 2078 1723 2120 vacare
1737 2061 1870 2140 omnipo

284 2143 395 2221 aequali
416 2164 488 2206 cum
508 2165 545 2208 eo
563 2150 775 2227 magnitudine
790 2153 931 2231 praedito,
954 2174 1056 2237 neque
1103 2163 1232 2234 tentem,
1245 2176 1350 2219 nonne
1364 2173 1556 2234 consequens
1577 2153 1636 2214 erit
1647 2157 1682 2212 ut
1700 2153 1870 2214 innumera-

283 2233 416 2313 infinito,
426 2243 483 2298 etc.
494 2240 546 2299 Fst
555 2247 659 2302 autem
671 2243 752 2307 illius
759 2246 911 2306 terminus
919 2248 1052 2309 uerae.»
1103 2249 1181 2310 biles
1202 2251 1336 2310 mundos
1363 2267 1436 2309 cum
1456 2247 1588 2327 Epicuro
1611 2245 1766 2305 somniare
1790 2265 1869 2325 roga

285 2328 431 2404 Synesius
441 2329 475 2390 in
486 2331 605 2410 hymno
619 2336 721 2414 primo
732 2337 775 2396 ait
789 2356 796 2396 :
1103 2342 1177 2402 tur‘l
1191 2347 1249 2402 etc.
1265 2342 1405 2402 Auferte
1419 2340 1622 2401 substantiam
1639 2339 1696 2398 Dei
1711 2357 1808 2417 quam
1818 2358 1869 2401 nec

1103 2524 1869 2602 ι,

424 2582 595 2644 lmmmi
605 2585 703 2664 3¹⁰1'ia
715 2590 904 2651 ffiltflffissffl
1103 2575 1239 2681 latentur
1252 2616 1746 2699 incorporeapreaemiaubique
1763 2622 1865 2694 totam,

424 2675 840 2744 Deumfflffitantefsedeffl·
1103 2713 1225 2774 atautis
1236 2712 1377 2774 locorum
1388 2717 1475 2773 extra
1485 2710 1642 2771 mundum
1653 2710 1759 2789 spatiis
1768 2710 1868 2771 ahsen-

430 2831 507 2907 Ὗπὲρ
522 2834 752 2911 mmm
1102 2805 1462 2879 temessedicturisunt,
1481 2808 1512 2864 et
1525 2806 1723 2906 uncianum
1737 2803 1867 2906 atquein

429 2916 523 2991 Ἀλύτῳ
537 2920 605 2973 κύδεϊ
619 2922 697 2993 γαίων
1103 2899 1332 2977 wmparafiffle
1364 2897 1447 2956 imus
1478 2894 1640 2955 infimum
1668 2899 1733 2953 tam
1763 2912 1866 2972 englw

423 3001 484 3065 θεὸς
498 3002 603 3077 ἔμπεδος
616 3006 726 3061 pm,
1103 2990 1180 3067 loco,
1207 2994 1241 3052 in
1260 3008 1323 3069 quo
1346 2988 1484 3050 mundus
1504 2993 1561 3061 est,
1585 2984 1789 3064 occupatam?
1805 2987 1865 3046 Non

732 3150 738 3157 ,
1102 3083 1213 3162 opinor
1233 3100 1285 3143 eos
1304 3082 1337 3142 in
1354 3082 1422 3143 hacc
1443 3078 1620 3157 vaniloquia
1646 3095 1863 3156 progressuros.

321 3166 368 3226 lu
386 3166 472 3228 illam
496 3169 754 3250 philosophorum
777 3176 964 3237 seutentiam
982 3195 1053 3255 quae
1103 3177 1181 3236 ilum
1202 3176 1298 3254 igitur
1313 3192 1414 3235 unum
1429 3172 1584 3233 mundum
1607 3171 1727 3249 ingenti
1747 3171 1865 3250 qaudam

281 3262 368 3317 exue
387 3259 468 3321 lianc
481 3261 714 3324 universitatem
737 3267 836 3326 Deum
857 3285 921 3328 esse
935 3269 1050 3345 statuit,
1101 3268 1184 3328 mole
1199 3285 1358 3346 corporea,
1372 3265 1498 3326 finitum
1513 3267 1663 3324 tamenet
1676 3262 1865 3323 locosuode

280 3349 306 3408 si
325 3350 385 3411 hoc
407 3352 555 3431 adjeceris
572 3354 666 3415 etiam
691 3356 725 3415 in
752 3359 870 3419 mundo
891 3361 958 3439 ipso
980 3378 1053 3422 cum
1100 3355 1862 3437 terminatumctopcrantellecfactumcssedicant3

280 3442 420 3521 existere,
444 3464 480 3505 ac
504 3446 672 3509 substantia
691 3466 748 3509 sua
767 3456 868 3511 totum
889 3471 1050 3533 occupare,
1101 3453 1186 3532 quod
1203 3453 1391 3532 respondent
1410 3451 1449 3511 de
1470 3448 1599 3510 infinitis
1619 3449 1864 3508 annemundum

280 3534 323 3594 sic
343 3541 378 3596 ut
395 3537 428 3596 in
444 3538 635 3601 immensum
654 3541 719 3601 sine
733 3543 797 3603 ulla
814 3548 920 3605 tamen
940 3564 1051 3626 expor-
1101 3545 1174 3605 locis
1189 3563 1245 3604 cur
1258 3545 1293 3604 in
1305 3544 1349 3603 eis
1360 3543 1399 3603 ab
1416 3560 1510 3621 opere
1521 3542 1604 3602 Deus
1618 3545 1724 3614 cesset,
1737 3540 1797 3599 hcc
1813 3538 1863 3599 sibi

279 3627 415 3689 rectione
428 3636 494 3691 tam
505 3632 588 3693 intra
599 3651 693 3713 quam
713 3641 799 3696 extre
819 3638 974 3698 mundum
992 3639 1051 3699 dif-
1100 3637 1307 3716 respondeant
1324 3635 1363 3696 de
1383 3633 1512 3695 infinitis
1532 3638 1604 3694 ante
1623 3631 1778 3692 mundum
1797 3636 1863 3691 tam·

279 3720 365 3780 lusus
373 3723 422 3798 sit,
436 3743 547 3785 verum
554 3727 696 3787 conficies
706 3733 737 3788 et
748 3728 912 3791 christiana
921 3731 1052 3809 dignum
1101 3729 1228 3809 poribus
1248 3746 1304 3789 eur
1325 3728 1359 3788 iu
1382 3728 1426 3787 eis
1446 3726 1486 3786 ab
1507 3742 1600 3804 opere
1621 3723 1758 3784 mundus
1779 3739 1863 3783 emsa·

278 3813 435 3894 theologia
447 3817 571 3896 dogma,
588 3821 672 3898 quod
688 3822 838 3900 superiori
857 3822 1053 3901 capitelucu-
1100 3822 1189 3895 verit,
1215 3826 1274 3881 cto.
1294 3841 1310 3877 »
1340 3821 1499 3881 Postremo
1525 3816 1766 3897 disputationem
1791 3815 1862 3875 1111111

279 3905 370 3966 lentis
391 3908 517 3970 Petrum
534 3911 718 3972 testimoniis
734 3915 931 3991 asseruimus,
945 3916 1052 3994 quide
1100 3913 1255 3975 concludit
1274 3914 1338 3973 ita:
1359 3934 1374 3971 a
1383 3911 1472 3985 Quod
1496 3910 1522 3970 si
1542 3910 1651 3970 dicunt
1676 3908 1784 3969 inanes
1805 3924 1861 3967 88³0

278 3998 400 4060 infinito
408 4000 462 4061 illo
471 4002 618 4082 inanique
627 4006 724 4084 spatio
733 4006 797 4067 fere
803 4012 976 4068 tacuerunt.
991 4009 1052 4069 Sed
1100 4006 1265 4066 hominum
1286 4004 1487 4083 cogitationes
1500 4001 1614 4082 quibus
1630 3999 1751 4061 infinita
1764 3997 1862 4077 imagi

279 4090 372 4171 hujus
383 4093 511 4175 insuper
521 4098 713 4159 mentionem
722 4100 1052 4161 communemadsen-
1099 4105 1216 4160 uantur
1238 4098 1316 4173 loca,
1352 4114 1425 4158 cum
1451 4096 1538 4156 locus
1566 4093 1674 4154 nullus
1696 4093 1736 4153 sit
1758 4096 1861 4172 praeter

278 4185 408 4246 tectim
420 4188 538 4251 addidit
546 4191 736 4268 Augustinus
749 4191 783 4252 iu
794 4192 960 4253 undecimo
971 4191 1051 4253 libro
1099 4191 1265 4267 muudum,
1279 4189 1483 4269 respondetur
1494 4189 1538 4247 eis
1548 4186 1609 4247 isto
1624 4184 1718 4245 modo
1737 4183 1860 4245 511³ssin

278 4274 315 4336 de
329 4276 613 4359 Cicitctcllei¹,ubi
621 4282 675 4343 illa
683 4283 750 4363 ipsa
758 4302 855 4345 vacua
865 4289 952 4345 extra
960 4302 1051 4345 mun·
1099 4284 1242 4344 homines
1268 4282 1403 4361 cogitare
1432 4279 1590 4360 preterita
1615 4283 1757 4355 tempora
1783 4292 1861 4335 vaca-

278 4368 355 4429 dum
369 4373 517 4451 spatiaab
530 4374 598 4454 ipso
614 4375 731 4435 adstrui
744 4376 838 4455 vulgo
854 4377 1052 4437 omnesarhi-
1099 4375 1191 4436 tionis
1220 4375 1295 4450 Ilei,
1325 4391 1399 4434 cum
1426 4372 1550 4433 nullum
1581 4376 1706 4449 tempus
1731 4369 1770 4429 sit
1796 4372 1858 4428 ante

278 4467 410 4525 uantur.
423 4466 525 4527 Potest
532 4472 637 4529 tamen
649 4487 715 4528 nou
725 4474 790 4530 tam
803 4470 877 4548 quid
885 4470 950 4548 ipse
959 4470 1052 4530 senti-
1099 4469 1293 4529 mundum.»

278 4560 336 4631 ret,
351 4574 447 4634 quam
460 4559 536 4637 quid
551 4578 590 4620 cx
601 4560 734 4622 aliorum
751 4562 838 4623 dictis
852 4567 959 4622 contra
973 4579 1051 4640 quos
1140 4562 1192 4621 tv,
1212 4563 1282 4621 Non
1293 4577 1368 4637 ergo
1381 4558 1504 4618 videttu
1522 4555 1661 4617 absolute
1672 4558 1791 4617 sanctus
1801 4554 1857 4613 Au·

278 4650 454 4730 disputabat
472 4670 663 4735 consequens
681 4654 770 4732 toret,
789 4655 924 4733 attigisse
939 4654 1049 4715 rideri.
1100 4653 1243 4734 gustinus
1263 4670 1361 4713 vacua
1378 4652 1437 4713 ista
1464 4650 1563 4730 spatia
1582 4649 1764 4711 constitura
1780 4649 1857 4706 extra

315 4919 336 4959 a
355 4906 469 4960 Amicus
478 4903 552 4976 apud
560 4905 661 4962 Euscb.
672 4904 718 4962 tit.
728 4906 785 4963 llll.
794 4903 831 4962 de
840 4908 935 4978 Proep.
945 4921 1049 4978 occup.
1098 4905 1151 4970 θεὸς
1164 4901 1194 4975 ἦν
1209 4904 1238 4958 a
1248 4904 1323 4976 πέρας
1334 4906 1378 4958 τοῦ
1389 4901 1503 4975 οὐρανοῦ.

277 4985 308 5039 Τί
321 4990 368 5059 γὰρ
391 4989 498 5061 διαφέρει
512 4988 572 5061 πρὸς
594 4988 668 5061 ἡμᾶς,
696 4990 712 5056 ἢ
739 4994 783 5043 τοῦ
811 4990 905 5061 κόσμου
934 4989 963 5042 τὸ
986 4989 1050 5043 θεῖον
1136 4986 1261 5044 cPutto.
1287 4985 1320 5041 Ὃ
1335 4986 1358 5040 δ’
1373 4986 1485 5059 οὐρανὸς,
1510 4977 1539 5039 οὗ
1553 4985 1676 5059 σῦρὸολόν
1692 4984 1754 5038 ἔστιν
1774 4982 1856 5052 ilex·

280 5064 451 5132 ἐξοικίσασθαι,
465 5068 507 5121 καὶ
527 5069 648 5141 μηδεμίαν
675 5070 734 5142 ἡμῖν
763 5069 822 5142 πρὸς
849 5069 1051 5124 altitonantem
1099 5073 1155 5137 eta,
1172 5071 1360 5144 ἀπειρομεγέθης
1374 5069 1435 5125 ἐστί·
1459 5070 1597 5143 περιέχεται
1613 5068 1676 5142 γὰρ,
1691 5066 1745 5122 ἀλλ’
1758 5063 1856 5137 cirini

280 5148 418 5214 ἀπολιπεῖν,
433 5152 448 5219 ἢ
464 5151 488 5204 ἔν
503 5154 590 5225 κόσμῳ
604 5154 737 5216 totatuta
754 5150 923 5225 καθείρξαντα,
938 5159 988 5207 τῶν
1013 5151 1052 5207 tat
1099 5160 1181 5218 κενοῦ,
1205 5153 1269 5209 κατὰ
1280 5155 1386 5221 Maioris,
1414 5153 1472 5208 οὔτε
1489 5153 1531 5207 ‘aa'
1554 5151 1651 5215 οὖδενδς
1663 5153 1785 5223 σώματος,
1806 5146 1855 5200 οὗτε

279 5238 324 5308 γῆς
337 5237 488 5308 πραγμάτων
504 5235 643 5305 ἀποστῆσαι
653 5258 660 5303 ;
866 5251 867 5256 ’
1101 5238 1258 5312 ἰσομεγέθονς
1270 5238 1348 5311 αῶτῷ,
1363 5236 1419 5292 οὔτε
1428 5235 1671 5310 &alpenninum
1683 5235 1709 5289 δὲ
1722 5236 1775 5306 ὅρος
1787 5231 1854 5285 aizoi

316 5318 431 5375 bSuxu.
451 5319 549 5376 Euutu.
569 5319 638 5376 Κατὰ
650 5320 697 5394 γὰρ
720 5320 901 5394 Ἀριστοτέλην,
922 5320 936 5374 ὁ
955 5327 1052 5394 πρῶτος
1101 5321 1187 5384 ittig·

306 5536 381 5592 lilap,
410 5571 413 5579 .
