3956 6168
297 380 348 440 DE
368 380 441 441 DEO
464 381 605 456 unicus
625 382 970 451 Puoruinrarinus,
993 381 1066 441 ilo.
1091 380 1141 451 lV,
1164 378 1246 439 chr.
1270 377 1322 437 ix.
1555 372 1613 429 385

29 562 120 623 reque
133 561 204 619 succ,
229 549 412 623 potestatem
426 544 549 607 faceret.
579 547 638 607 Sed
652 565 725 606 cum
739 564 787 606 re·
838 552 959 626 accepta
970 546 1109 625 primum
1118 544 1188 605 illas
1201 543 1441 623 qualescumque
1450 537 1613 598 fabricasse

29 636 312 714 spondissctlleusid
322 637 441 697 nemini
455 657 543 717 posse
558 638 693 713 concedi,
702 638 785 716 quod
836 640 961 715 forinas,
977 656 1042 698 non
1056 643 1161 698 taincn
1175 637 1213 696 ab
1229 633 1438 711 singularibus
1445 636 1611 711 separatas,

29 726 296 808 miipuefirnsi'oueni,
325 728 358 788 id
383 734 429 788 est
459 731 592 802 κατάληψιν
621 747 709 789 suam
737 749 786 790 res
838 730 996 791 Platonem
1009 748 1083 789 vero
1097 728 1221 789 easdem
1235 747 1291 807 per
1314 745 1346 787 se
1364 725 1564 785 consistentes
1577 742 1612 782 ac

29 826 116 881 creata
129 820 211 880 nulla
224 825 356 901 caperet,
372 821 488 882 blosem
503 820 592 879 enixe
605 839 729 899 rogasse
738 822 785 882 uti
836 821 989 899 sejunctas
1012 826 1118 901 postea
1141 819 1354 893 constituisse,
1379 816 1482 896 graiis
1505 821 1612 875 auctor

29 911 123 973 saltem
142 911 271 990 gloriam
293 931 383 973 suam
406 912 590 973 ostenderet.
615 934 630 969 ν
650 913 785 973 Gloriam
837 913 943 973 scribit
955 912 1143 989 Aristoteles
1154 916 1291 991 utsupra
1306 908 1518 971 meminimus.
1531 906 1611 981 Quid

30 1023 109 1084 porro
123 1010 218 1079 tuain,
233 1005 309 1067 dixit
326 1005 435 1081 Moses,
457 1022 521 1065 esse
536 1005 669 1065 arbitror
684 1010 783 1084 potos-
837 1005 933 1083 igitm·
946 1005 1020 1066 huic
1034 1004 1161 1084 ineptiae
1175 1003 1288 1079 simile,
1314 1021 1385 1062 cuin
1404 1002 1503 1061 Deum
1516 999 1611 1059 intro

29 1103 104 1171 tans,
119 1115 246 1175 maium
260 1096 401 1156 satellitio
416 1096 629 1176 superisque
644 1098 785 1158 nondum
836 1097 922 1157 ducit
951 1097 1040 1158 Philo
1072 1102 1222 1175 tanquam
1259 1094 1394 1154 Platonis
1425 1091 1610 1170 discipulum

31 1189 160 1249 lucterius
173 1188 401 1268 comprehensis
415 1188 496 1248 miro
510 1206 560 1248 me
573 1193 721 1267 torquent
737 1208 785 1249 eo·
835 1190 1025 1269 quempiam,
1041 1189 1116 1250 falsa
1129 1193 1160 1249 et
1173 1188 1289 1249 abso'na
1303 1187 1341 1246 de
1354 1185 1433 1246 ideis
1446 1183 1532 1262 quasi
1543 1182 1610 1261 jani

30 1280 164 1355 gnitionis
176 1280 327 1340 desiderio
336 1290 392 1340 (ἢν
409 1280 456 1340 Ad
469 1280 536 1340 haec
546 1281 645 1341 Deum
659 1299 784 1361 respon·
835 1300 895 1341 usu
907 1283 989 1343 tritis
1011 1287 1042 1342 et
1062 1281 1266 1361 appellatione
1289 1279 1348 1339 ista
1369 1276 1499 1357 cognitis
1512 1276 1610 1355 profe-

30 1372 108 1441 dice,
122 1391 159 1432 ne
173 1372 244 1431 istas
257 1372 384 1451 quidem
399 1380 513 1452 δυνάμεις
526 1371 644 1433 intueri
664 1392 700 1433 ac
713 1392 783 1453 per-
834 1374 980 1436 rentem?
1012 1373 1127 1436 Omitto
1149 1372 1287 1433 nominis
1310 1374 1352 1438 τῆς
1382 1374 1446 1437 ἰδέας
1468 1373 1607 1448 etymon,

30 1461 94 1523 iate
107 1482 191 1524 nosse
203 1464 296 1524 licere
311 1465 467 1543 cuiquam.
488 1464 656 1538 «Questu,
669 1465 782 1544 inquit,
835 1468 918 1546 quod
932 1468 1044 1528 Gracc
1067 1466 1184 1544 lingue
1206 1484 1242 1525 ac
1264 1460 1457 1523 formationis
1478 1461 1556 1520 ratio
1580 1467 1609 1521 et

30 1560 176 1633 potestates
188 1557 318 1634 requiris
340 1575 404 1616 non
428 1560 502 1616 sunt
521 1556 785 1635 aspectabilcssed
834 1559 979 1637 analogia
1000 1560 1067 1639 ipsa
1088 1557 1208 1618 refellit.
1235 1555 1295 1616 Sed
1326 1554 1422 1614 homo
1446 1552 1610 1613 Platonicis

31 1648 229 1727 intelligibiles,
251 1649 331 1709 sicut
355 1649 420 1728 ipse
434 1665 505 1709 sum
518 1648 682 1709 invisibilis
696 1654 727 1708 et
738 1650 786 1710 in·
834 1651 962 1711 somniis
975 1670 1010 1711 ac
1025 1650 1142 1711 deliriis
1156 1648 1342 1710 assuefactus
1360 1645 1498 1706 solemne
1518 1663 1609 1706 suum

31 1739 186 1817 eligibilis.
198 1741 269 1801 Dico
279 1746 385 1801 autem
398 1739 618 1818 intelligibiles,
627 1759 692 1801 non
702 1742 784 1820 quod
835 1743 897 1804 illic
912 1743 1056 1819 obtinuit,
1073 1746 1109 1803 ut
1127 1742 1166 1802 ad
1180 1742 1284 1802 divina
1304 1738 1545 1819 interpretanda,
1561 1737 1608 1800 lu-

27 1828 81 1904 jcm
93 1832 288 1910 intelligentia
302 1831 616 1911 comprehendantur,
633 1832 687 1892 sed
701 1834 785 1912 quod
835 1835 921 1896 diora
929 1836 983 1896 illa
996 1840 1027 1896 et
1040 1834 1134 1895 anilia
1146 1833 1335 1894 transferret.

31 1921 89 1982 licet
108 1925 322 2004 comprehendi
354 1929 489 2003 possent,
519 1942 584 1984 non
606 1942 658 1985 aas
679 1929 785 1986 tamen
876 1929 918 1988 De
933 1928 1058 1988 Platone
1072 1932 1228 2007 postremo
1242 1944 1307 1986 non
1318 1924 1350 1984 id
1359 1926 1609 2003 praetereundum

31 2034 122 2075 anuis
134 2017 186 2077 sed
198 2016 402 2077 sincerissima
411 2034 500 2076 mens
509 2021 619 2077 natura
634 2034 690 2076 sua
703 2035 786 2077 eom·
836 2020 985 2099 estquod
1008 2018 1141 2099 cyrillus
1164 2016 1392 2079 Alexandrinus
1418 2015 1453 2075 in
1475 2017 1609 2077 secundo

31 2106 201 2184 prehendere
214 2114 325 2188 potest.
343 2108 511 2170 Ateaedem
526 2109 667 2188 quamtis
681 2127 783 2170 essen-
835 2118 937 2173 contra
956 2111 1114 2173 lulianum
1136 2109 1287 2190 perhibet,
1313 2107 1480 2186 ancipitem
1498 2113 1529 2169 et
1543 2127 1611 2187 per·

32 2199 124 2261 tiasua
136 2202 195 2261 sint
207 2200 545 2281 incomprehensibiles,
567 2205 673 2261 tamen
686 2200 786 2263 effica-
835 2203 962 2282 plexum
976 2203 1010 2264 in
1024 2203 1085 2263 illis
1098 2201 1256 2263 tradendis
1269 2200 1430 2260 hominem
1449 2199 1554 2276 fnisse,
1574 2220 1610 2261 ae

33 2290 75 2350 cire
94 2310 151 2353 sue
175 2310 352 2372 expressam
374 2293 543 2371 qnamdam
565 2292 734 2371 imaginem
755 2299 786 2353 et
835 2296 928 2356 modo
941 2295 1001 2356 hoe
1012 2296 1106 2355 modo
1115 2294 1193 2355 illud
1208 2293 1329 2354 dixisse.
1345 2293 1542 2367 «Interdum,
1554 2293 1607 2369 ait,

33 2382 146 2461 effigiem
171 2389 338 2461 ostentant,
362 2385 625 2464 quemadmodum
633 2386 717 2465 apud
731 2405 786 2447 ros
835 2387 1019 2448 substantias
1042 2387 1110 2447 illas
1132 2405 1196 2449 esse
1216 2405 1251 2445 ac
1269 2404 1325 2464 pei·
1354 2402 1386 2444 se
1412 2385 1611 2447 subsistentes

33 2474 113 2553 sigilla
125 2496 194 2538 eum
208 2477 259 2538 rel
271 2496 342 2538 cera
354 2477 403 2537 vel
418 2477 527 2538 similis
540 2477 641 2557 aliqua
657 2478 786 2540 materia
835 2479 969 2540 affirmat
982 2479 1079 2555 Plato,
1094 2478 1168 2539 alias
1182 2478 1238 2539 llei
1252 2477 1394 2538 notiones
1408 2495 1473 2538 essc
1488 2476 1606 2539 definit.

33 2568 136 2629 admota
156 2569 261 2645 fuerit,
286 2568 528 2630 innumerabiles
541 2569 656 2648 figuras
675 2569 784 2650 impri·
835 2572 952 2632 Verum
966 2571 1028 2651 quo
1048 2572 1140 2631 modo
1164 2587 1196 2630 se
1218 2588 1268 2630 res
1290 2568 1394 2644 habet,
1417 2570 1511 2630 etiam
1525 2569 1609 2631 illius

34 2661 375 2741 nuut,nullnsuipa1te
389 2660 539 2721 mutilatis
557 2661 611 2722 sed
628 2660 661 2721 iii
676 2662 785 2723 eodem
835 2662 1000 2742 discipulos
1012 2681 1077 2723 non
1100 2662 1287 2741 approbasse
1301 2661 1408 2721 dicunt
1421 2662 1487 2740 ejiis
1500 2662 1545 2722 rei
1559 2681 1610 2742 pe-

35 2757 98 2812 statu
110 2753 292 2829 manentes,l
306 2759 383 2815 etc.»
401 2753 512 2813 «Porro
522 2771 587 2813 non
595 2757 712 2814 temere
719 2754 786 2832 qui-
834 2753 944 2816 ritil.»
962 2754 1023 2816 Sed
1036 2774 1102 2815 non
1114 2758 1179 2814 tam
1193 2754 1353 2813 Platonem
1363 2770 1457 2831 quain
1471 2753 1537 2831 ejus
1551 2754 1610 2815 dis-

35 2842 215 2906 naci-otiis
228 2846 313 2906 ideas
326 2845 393 2906 illas
406 2843 619 2919 nominarunt,
636 2846 784 2924 quoniam
835 2847 952 2928 cipulos
983 2846 1136 2907 haesitasse
1168 2865 1203 2906 ac
1231 2846 1269 2906 de
1293 2845 1432 2923 magistri
1456 2846 1609 2907 sententia

36 2953 263 3017 unamquamque
285 2957 353 2998 rem
373 2956 430 2998 saa
442 2937 628 3018 proprietate
642 2944 783 2998 mnstan·
835 2938 989 3000 dubitasse
1012 2939 1086 2998 istos
1100 2937 1254 3010 existimo,
1275 2937 1359 3015 quod
1379 2940 1410 2997 et
1431 2935 1610 2999 Aristoteles

35 3032 84 3088 teni
102 3029 244 3107 efficiunt,
269 3030 471 3109 incomposita
494 3035 730 3109 componentes,
755 3036 786 3092 et
835 3049 908 3092 mox
931 3050 950 3091 a
970 3029 1084 3111 cyrillo
1106 3029 1216 3090 citatus
1236 3028 1381 3104 ostendit,
1405 3027 1505 3107 quiid
1525 3032 1608 3108 quod

36 3118 134 3182 caua
162 3129 191 3183 et
225 3122 463 3184 indeterminata
495 3128 526 3183 et
548 3120 690 3183 informia
714 3122 786 3183 dcli·
834 3141 884 3183 res
898 3126 964 3184 erat
976 3123 1044 3182 sine
1058 3121 1380 3200 ullatergiversaticne
1389 3119 1542 3200 professus
1550 3128 1607 3184 est.

35 3211 132 3275 nieiites
152 3221 182 3275 et
205 3213 522 3276 circumscribentes&
552 3235 567 3270 ν
601 3214 673 3275 Hoec
699 3214 785 3275 Philo
836 3216 1085 3289 Quamnostram
1099 3214 1137 3274 de
1152 3213 1278 3274 Platone
1291 3214 1610 3292 senentiamproeter

36 3322 93 3365 aare
111 3307 246 3368 ridicule.
272 3307 352 3367 Nam
369 3308 469 3369 Deum
489 3323 575 3367 inere
593 3306 785 3367 Platonicum
834 3307 973 3386 illaque
986 3306 1136 3367 hactenus
1158 3304 1259 3385 posui,
1281 3305 1375 3367 etiam
1398 3305 1475 3365 ihud
1493 3307 1609 3384 quoda

36 3394 101 3475 hut,
114 3417 145 3459 ac
158 3400 195 3461 de
209 3400 306 3479 nugis
318 3399 383 3459 istis
395 3416 507 3479 parum
526 3403 700 3478 opportime
714 3417 784 3478 gar·
835 3399 979 3460 Nemesio
993 3402 1158 3478 praestante
1179 3397 1364 3477 philosopho
1387 3397 1537 3477 scriptum
1551 3404 1607 3475 est,

37 3487 154 3552 rientem.
170 3492 305 3567 Quinam
317 3509 392 3552 vero
401 3491 451 3551 isti
464 3495 537 3551 simt
550 3489 605 3570 qui
617 3495 704 3551 tanto
714 3496 785 3552 ante
834 3491 1006 3553 firmiorem
1019 3490 1101 3551 facit.
1117 3490 1173 3550 Hic
1193 3490 1277 3551 enim
1297 3489 1330 3550 iii
1349 3490 1447 3569 capite
1460 3506 1525 3551 inv
1538 3489 1610 3552 libri

38 3579 171 3644 Philonem
194 3590 225 3645 et
250 3584 408 3644 Socratem
428 3602 464 3643 ac
482 3582 574 3644 ltlosis
595 3582 693 3662 ipsius
706 3588 785 3643 tem·
834 3582 870 3644 de
884 3581 1003 3645 Νοιιινο
1017 3581 1154 3659 tamine,
1169 3582 1289 3643 eumde
1303 3581 1610 3662 divinaprovidentia

38 3690 105 3750 pore,
118 3675 177 3737 imo
190 3683 264 3738 ante
278 3677 406 3751 Mosam,
421 3675 507 3736 ideas
530 3675 598 3735 illas
620 3679 675 3736 aut
688 3675 787 3736 nomi-
835 3675 981 3756 disputat,
1007 3675 1167 3736 Platonem
1188 3679 1413 3736 commemorat
1434 3675 1488 3755 qui
1510 3677 1609 3736 Deum

39 3773 192 3830 mruntant
203 3788 315 3831 earum
329 3768 457 3830 omnino
477 3769 668 3829 mentionem
681 3768 788 3846 attige-
835 3768 936 3829 aiebat
944 3767 1105 3849 providere
1118 3767 1211 3829 rebus
1231 3768 1377 3828 omnibus
1397 3786 1458 3829 cac
1470 3767 1609 3849 primum

39 3860 116 3921 rant?
127 3863 210 3924 Certe
226 3863 385 3923 Socratem
405 3860 565 3922 occasione
579 3861 619 3921 ab
634 3860 786 3921 Heraclito
836 3860 923 3936 ideis,
938 3860 1049 3927 deinde
1061 3860 1119 3922 toti
1133 3859 1206 3920 huic
1219 3860 1425 3923 univocam.»

67 4127 82 4163 c
98 4109 180 4167 Pano.
201 4112 281 4175 Δόξαν
297 4112 324 4167 δὲ
340 4111 385 4179 σὴν
404 4105 467 4166 εἶναι
483 4111 580 4184 νομΐζω
588 4112 632 4173 τάς
643 4130 670 4166 τε
678 4114 784 4184 δορυρο·
833 4111 926 4164 οθεῦσαι
937 4111 1021 4183 μέρος,
1036 4108 1092 4162 ἀλλ’
1102 4107 1127 4162 ἐν
1137 4109 1218 4182 ὁμοίῳ
1232 4111 1356 4181 μένουσαι,
1367 4115 1422 4166 etc.

40 4193 111 4261 μοῦνος
121 4197 242 4270 δοιάμιις,
259 4190 295 4248 ὧν
313 4195 477 4267 διαριῦηονσα
492 4194 508 4261 ἡ
523 4195 657 4267 κατάληψις
671 4194 729 4267 ἄχρι
742 4198 786 4247 τοῦ
872 4208 887 4250 ο
906 4193 984 4250 Mox:
1008 4191 1170 4264 ’θνομῦζοοσι
1186 4189 1210 4244 δ’
1227 4190 1301 4255 ababa
1314 4191 1359 4245 οῦκ
1374 4191 1424 4246 tat
1438 4199 1531 4248 σκοποῦ
1545 4214 1608 4258 τινες

41 4278 286 4352 παρόντοςοῖιμοιρόν
297 4276 423 4351 ἐργάζεται
431 4277 508 4332 πόθον
517 4281 561 4344 τῆς
570 4279 732 4350 διαγνώσεως.
836 4282 886 4330 τῶν
904 4276 963 4348 παρ’
978 4274 1038 4346 ὑμῖν
1057 4273 1132 4338 ἰδέας,
1150 4271 1231 4341 ἐπειδὴ
1254 4275 1356 4329 ἕκαστον
1382 4281 1432 4330 τῶν
1452 4276 1530 4330 ὄντων
1551 4277 1609 4331 ttio-

69 4358 158 4417 libid.
181 4360 210 4415 ‘0
234 4361 262 4416 u
286 4360 421 4434 ἆμείὸεται,
450 4361 491 4413 καί
519 4379 601 4432 φησιν·
623 4361 651 4422 ἃς
665 4358 788 4428 ἐπιζητεῖς
836 4364 944 4423 ποιοῦσι,
960 4358 991 4412 τὰ
1000 4358 1094 4411 ἄτακτοι
1102 4358 1234 4412 τάττονσαι
1243 4358 1283 4411 καὶ
1293 4357 1325 4412 τὰ
1335 4358 1432 4432 ἄπειρα,
1442 4360 1483 4413 καὶ
1494 4359 1607 4433 ἀόριστα,

41 4440 141 4513 fedane,
154 4444 213 4499 eicis
230 4443 343 4517 ἀόρατοι,
365 4443 407 4497 καὶ
429 4444 516 4511 νοηταὶ
538 4444 636 4505 πάντως
657 4441 717 4516 ἐμοῦ
745 4448 788 4497 τοῦ
836 4443 878 4497 καὶ
890 4441 1063 4515 ἆοχημάιιστα
1076 4441 1487 4515 πιρατοῦααι,καὶπεριορίζουσαι.

42 4520 139 4593 ἇνρᾶτον,
154 4530 192 4581 καὶ
210 4533 314 4595 νοητοῦ·
333 4528 400 4599 λέγω
415 4525 442 4580 δὲ
458 4525 556 4593 νοητὰς,
568 4525 624 4599 οὐχὶ
634 4525 676 4589 τὰς
685 4528 732 4595 ἤδη
741 4525 789 4580 ὑπὸ
874 4525 895 4582 d
914 4526 1007 4580 Citati.
1025 4523 1074 4579 lib.
1090 4524 1124 4580 ll.
1142 4530 1217 4581 cont.
1233 4523 1292 4580 Jul.
1319 4522 1362 4589 “aa
1376 4524 1436 4579 ποτὲ
1454 4525 1497 4598 μὲν
1513 4525 1608 4593 οῦσῦας,

42 4611 76 4658 τοῦ
89 4610 391 4683 νοῦιιαταλσμῦανομόνας·
407 4606 464 4667 lai*
480 4610 519 4663 ὅτι
535 4607 557 4662 εἰ
573 4609 614 4661 καὶ
628 4609 789 4682 καταλαμῦά-
838 4610 878 4662 καὶ
888 4608 1019 4680 barcaban
1032 4606 1086 4660 καθ’
1105 4606 1191 4669 imeae
1200 4607 1378 4681 διῖοχνρῐζιται
1386 4608 1503 4676 Πλάτων,
1514 4611 1575 4665 ποτὶ
1583 4612 1610 4667 δὲ

43 4687 355 4759 macilentissimas
365 4690 476 4759 αἴσθησις
487 4690 570 4756 οὗτος,
592 4690 649 4744 ἀλλ’
660 4690 788 4765 ἀκραιφνὲ-
838 4691 880 4744 καὶ
891 4689 984 4752 ἐννοίας
1003 4683 1064 4743 εἶναι
1073 4691 1129 4744 θεοῦ
1146 4690 1287 4763 διορίζεται·
1299 4689 1363 4758 πλὴν
1373 4692 1439 4754 ὅπως
1450 4711 1494 4766 περ
1505 4695 1534 4747 ἂν
1544 4693 1609 4769 ἔχοι,

43 4781 175 4838 maci<
191 4775 389 4848 καταλσμῦάνιιν
400 4775 512 4845 πῦονιιιν·
534 4773 558 4827 αἱ
577 4773 604 4828 u
622 4773 790 4841 ἀιιατάληπτοι
838 4774 943 4835 καὶτοῖς
962 4772 1035 4826 αὐτοῦ
1049 4774 1168 4845 μαθηταῖς
1178 4771 1344 4845 trepidanter
1366 4768 1429 4828 εἷναί
1447 4794 1506 4848 φασι
1515 4777 1558 4831 τὸν
1571 4776 1609 4834 tu

43 4853 93 4906 ιοιὰ
103 4856 143 4924 την
160 4857 256 4923 σῦοίοιν,
279 4859 347 4930 ὅμως
364 4856 547 4929 περιραίνονσιν
567 4854 694 4929 tripartiti
705 4876 738 4921 τι,
749 4858 791 4909 καὶ
840 4858 904 4929 τῷδε
912 4856 988 4928 λόγον
1003 4854 1027 4907 οἱ
1036 4859 1114 4909 ταῦτα
1123 4857 1243 4928 τιχνῦται.

44 4931 182 5012 &absuper
196 4945 241 5010 ιῆς
256 4938 337 4994 αἰτῶν
355 4938 484 5012 fuscarias·
505 4933 558 4992 οἷαι
568 4939 628 5012 παρ’
643 4940 703 5012 ὑμῖν
715 4958 792 5011 σφρα-
876 4955 891 4994 e
907 4938 1011 4995 ΝΜ.
1026 4953 1085 5009 cap.
1099 4954 1138 4993 iv.
1154 4938 1275 5010 Προνοιῖν
1285 4939 1312 4992 δὲ
1321 4944 1409 4995 τοῦτον
1421 4942 1611 5013 προηγουμένως

43 5019 103 5085 aa,
120 5024 176 5076 ὅταν
192 5022 342 5096 προσενεχθῇ
365 5022 449 5095 κηρὸς,
473 5023 490 5089 h
508 5040 545 5084 τις
563 5021 727 5094 ὁμοιότροπος
745 5022 792 5090 ῦλη
842 5022 885 5095 μιν
895 5028 945 5074 τῶν
956 5020 1037 5074 ἰδεῶν·
1049 5019 1169 5074 irritabi
1179 5020 1316 5093 ξύμπαντος
1330 5028 1374 5076 τοῦ
1386 5024 1491 5078 achilon
1505 5025 1608 5095 κόσμον.

45 5102 200 5171 Minime
209 5107 300 5169 οῦπονς
309 5104 535 5177 ἐναπομάττονται,
546 5105 624 5177 μηδὲν
631 5104 773 5177 ὢιριοτηρια
780 5134 791 5146 ·
