3956 6168
293 314 353 374 400
803 315 1127 378 THEOLOGICORUM
1148 317 1364 379 DOGMATUM
1966 330 1967 415 ι

292 474 382 539 aita¹.
409 497 425 535 ι
452 476 530 539 Hine
551 478 630 539 illud
648 478 823 540 Salomonis
844 497 906 558 quo
928 486 1064 542 creatam
1112 488 1252 563 tempore
1274 478 1548 561 proferendamm,
1569 476 1646 537 adeo
1673 478 1709 535 ut
1726 474 1795 553 J‘am
1815 472 1877 534 illas

292 569 366 631 dicit
378 587 444 630 esse
456 569 639 649 sapientiam
652 570 777 631 initium
790 571 912 631 viarum
926 570 1011 647 Dei¹,
1027 590 1064 632 ao
1113 573 1341 653 quodammodo
1365 570 1400 632 in
1425 589 1483 630 sua
1505 568 1678 630 aeternitate
1699 564 1876 626 condiderit.

293 677 385 722 sensu
398 661 543 740 intelligit
560 662 672 742 equod
686 663 825 723 continet
846 663 879 723 in
901 664 1066 743 semetipsa
1117 664 1309 745 «Quidquid
1327 663 1413 725 enim
1432 662 1570 723 acanus
1583 657 1791 721 eratDeusin
1804 674 1880 716 erea-

294 753 446 814 universae
459 758 607 815 creaturae
620 755 670 815 vel
683 755 818 815 rationes
831 754 880 815 ιιι
897 755 1022 835 species.
1046 777 1061 813 ι
1114 763 1196 834 tura,
1216 757 1282 837 iam
1297 756 1331 817 in
1344 755 1448 816 Verbo
1462 759 1539 831 erat,
1555 758 1705 813 necasset
1727 749 1764 810 in
1780 747 1878 824 rebus,

333 846 542 920 Quamobrem
563 847 610 907 uti
632 846 852 908 architectandi
874 864 924 907 ars
937 852 993 907 aut
1005 847 1067 907 alia
1114 849 1176 909 nisi
1194 856 1273 910 esset
1295 848 1330 909 ιιι
1349 847 1463 921 Verbo,
1486 844 1643 924 quomodo
1666 848 1698 903 et
1719 843 1755 901 in
1773 846 1805 901 te
1823 858 1881 900 non

294 938 441 1018 quaelibet
449 939 551 1000 varias
563 939 701 1000 eontinet
714 956 845 1020 operum
853 956 982 1000 suorum
991 939 1067 1000 ima-
1115 942 1239 1002 essetin
1252 940 1379 1015 fabrica,
1395 938 1456 999 nisi
1471 934 1743 999 essetinmnsilio.
1760 932 1882 994 Sicutin
1967 978 1968 989 ,

293 1030 381 1109 gines
394 1035 426 1092 et
438 1031 584 1107 ideas,ex
597 1032 711 1111 quibus
725 1050 762 1092 ea
776 1050 846 1111 quaa
860 1036 934 1092 sunt
942 1031 1067 1111 propria
1116 1032 1282 1112 Evangelio
1305 1032 1436 1093 dicium:
1458 1027 1541 1106 Quod
1562 1028 1677 1109 sactum
1697 1033 1756 1094 eat,
1779 1024 1811 1084 iu
1826 1024 1883 1105 ipso

294 1123 343 1183 sui
356 1122 496 1199 molitur,
507 1141 609 1202 neque
621 1128 666 1184 est
674 1124 758 1184 idem
771 1141 843 1184 cum
852 1123 929 1184 ideis
936 1123 1013 1199 istis,
1025 1124 1068 1183 ita
1116 1125 1178 1185 citu
1192 1133 1267 1186 erat.
1294 1124 1369 1185 Erat
1390 1140 1465 1203 ergo
1488 1121 1572 1202 quod
1584 1119 1700 1180 factum
1713 1122 1773 1192 est,
1790 1115 1843 1176 aed
1853 1114 1883 1175 in

294 1213 434 1277 Verbum
456 1215 511 1276 Dei
530 1232 637 1276 rerum
659 1217 800 1276 omnium
814 1214 1027 1295 praeformatas
1036 1220 1068 1275 et
1116 1216 1219 1277 Verbo
1238 1221 1315 1292 erat,
1331 1222 1363 1277 et
1376 1214 1483 1276 omnia
1500 1231 1596 1293 opera
1610 1212 1664 1273 Dei
1684 1209 1731 1270 ibi
1745 1211 1884 1281 emutat

294 1307 462 1386 descriptas
477 1307 572 1368 habet
584 1308 734 1386 imagines
756 1315 849 1386 atque
867 1306 1066 1386 exemplaria,
1117 1327 1211 1388 opera
1224 1307 1366 1369 nondum
1376 1303 1497 1381 erent⁸,
1509 1327 1525 1363 ι
1538 1304 1583 1365 ait
1590 1302 1797 1382 Augustinus.
1812 1297 1884 1359 Hine

295 1400 335 1461 ad
344 1418 414 1479 quae
428 1399 496 1460 illas
511 1398 608 1479 exigit
620 1400 697 1460 dum
714 1401 747 1460 in
760 1404 900 1479 tempore
913 1398 1066 1479 producit,
1117 1400 1201 1461 idem
1228 1400 1262 1460 in
1277 1404 1409 1460 tractatu
1424 1398 1526 1479 primo
1542 1396 1575 1456 in
1584 1394 1739 1469 domnam,
1754 1391 1884 1452 Verbum
1968 1396 1969 1471 ξ

296 1510 397 1571 neque
414 1492 498 1553 idem
510 1499 557 1552 est
568 1510 693 1571 prorsus
708 1492 792 1571 quod
811 1491 892 1552 idea.
909 1490 1070 1569 Siquidem
1119 1492 1174 1553 Dei
1196 1510 1261 1554 non
1284 1493 1390 1552 minus
1412 1507 1508 1570 quam
1525 1489 1709 1561 humanum,
1732 1482 1884 1545 canalium

295 1583 367 1646 idea
379 1601 486 1645 rarum
499 1584 749 1644 iabncandarum
758 1590 804 1644 est
812 1581 981 1662 exemplar.
997 1583 1071 1642 Ver·
1119 1589 1208 1644 vocat
1221 1584 1306 1663 quod
1319 1582 1357 1643 de
1367 1600 1460 1662 opere
1469 1581 1611 1642 iaciendo
1622 1579 1661 1639 ab
1670 1576 1793 1638 artifice
1802 1575 1886 1636 suari·

295 1675 374 1736 bum
405 1681 511 1737 autem
535 1675 649 1736 (ιιιιιιιι
681 1676 778 1754 ipsius
801 1680 921 1736 naturae
944 1691 1014 1753 qua
1037 1674 1070 1734 in
1120 1675 1216 1754 pitur,
1242 1681 1274 1736 et
1295 1680 1342 1735 est
1363 1674 1433 1734 idea
1452 1673 1554 1753 operis
1574 1671 1663 1732 istius
1680 1668 1817 1730 externi.
1831 1667 1885 1727 lia-

298 1768 387 1828 Patre
409 1772 456 1829 est
477 1767 647 1847 praecipue,
672 1772 846 1828 creatarum
868 1784 942 1827 vero
966 1782 1071 1826 rerum
1116 1767 1254 1846 jusmodi
1281 1772 1387 1827 autem
1414 1765 1518 1845 imago
1546 1771 1663 1844 xpectat
1691 1767 1741 1822 est
1768 1765 1801 1821 et
1824 1776 1886 1820 cum

298 1877 368 1939 quaa
393 1859 427 1919 in
448 1859 502 1919 illa
524 1859 740 1935 eontinentur,
771 1858 906 1921 secundo
936 1858 1072 1937 quodam
1121 1858 1271 1920 moliendi
1280 1858 1440 1919 voluntate
1456 1858 1632 1937 conjuncta.
1648 1856 1691 1916 De
1704 1869 1886 1932 quaretur-
1969 1860 1970 1871 ¹

297 1953 397 2031 gradu
410 1951 526 2013 acloeo
539 1953 644 2030 imago
658 1951 782 2013 dicitur.
794 1952 866 2012 ideo
878 1969 940 2030 qua
948 1950 979 2011 id
989 1950 1073 2029 quod
1121 1968 1192 2013 sum
1205 1958 1414 2031 agemustum
1422 1950 1503 2010 libro
1512 1951 1753 2028 sequente,tum
1768 1944 1885 2004 inserto
1969 1956 1970 1967 ¹

297 2044 443 2105 divinum
454 2049 501 2105 est
513 2042 616 2119 refert,
632 2043 703 2105 idea
716 2052 836 2107 nonest
839 2043 1073 2148 ,sedquatenus
1122 2043 1158 2104 de
1184 2042 1340 2115 Trinitate,
1356 2042 1583 2102 dumveterum
1600 2037 1790 2099 sententiam
1811 2035 1887 2095 illam

299 2136 455 2198 creaturas
478 2135 612 2216 respicit
642 2136 776 2196 Tametsi
804 2154 861 2197 nec
883 2135 1072 2213 sicquidem
1123 2135 1345 2210 enodabimus,
1374 2151 1446 2213 quaa
1473 2132 1587 2193 Filium
1613 2136 1645 2192 et
1670 2148 1709 2191 ex
1736 2129 1887 2189 uoluntate

299 2230 424 2309 proprie
440 2233 485 2289 est
503 2229 584 2302 idea,
600 2228 751 2306 quianon
764 2232 1073 2307 tantumrepraesen-
1122 2229 1266 2307 genitum
1302 2231 1334 2288 et
1364 2226 1420 2288 Dei
1447 2244 1512 2287 esse
1538 2225 1732 2285 voluntatem
1759 2217 1885 2282 asserit.

299 2321 397 2395 tandi,
420 2320 475 2380 sed
497 2320 591 2380 etiam
611 2319 765 2381 efficiendi
784 2337 821 2380 ae
844 2319 993 2380 moliendi
1010 2318 1075 2378 vim
1124 2323 1317 2401 Quapropter
1328 2328 1404 2400 λόγος
1419 2318 1474 2379 Dei
1487 2318 1541 2398 qui
1556 2317 1698 2378 omnium
1710 2332 1807 2376 eausa
1817 2308 1886 2387 est*
1970 2360 1971 2389 ι

301 2412 407 2489 habet,
429 2411 493 2471 imo
513 2411 561 2471 vis
583 2418 630 2472 est
653 2412 785 2490 ipsemet
807 2418 839 2472 et
860 2428 912 2470 ars
930 2428 1000 2489 qua
1031 2428 1076 2470 se-
1124 2419 1160 2473 ut
1168 2413 1213 2473 art
1221 2412 1411 2487 Victorinus
1421 2410 1502 2472 ratio
1512 2410 1710 2489 quaedamest
1722 2426 1792 2468 non
1800 2405 1889 2467 solum

300 2502 1077 2583 cundumexemplaropuseffingit,quodestsupra
1125 2509 1366 2585 representans,
1387 2503 1441 2563 sed
1464 2502 1560 2563 etiam
1577 2500 1713 2562 efficiens
1737 2500 1887 2571 universe,

301 2597 381 2658 idea
395 2595 615 2657 conditionem.
1126 2613 1296 2675 earumque
1309 2595 1360 2655 ιιι
1373 2594 1443 2655 idea
1456 2600 1502 2654 est
1515 2593 1565 2654 vel
1576 2592 1837 2654 ideamcontinet.

343 2690 381 2750 X.
404 2689 626 2749 Potesttamen
640 2687 805 2747 aaratione
818 2703 923 2747 vocarr
913 2686 1078 2766 ideaque
1167 2689 1219 2748 Χι.
1243 2689 1278 2748 ln
1292 2705 1355 2768 quo
1368 2685 1515 2747 nonnihil
1528 2686 1611 2766 apud
1624 2685 1889 2790 tbeologosquas

304 2780 483 2862 Dionysius,
500 2780 663 2855 Maximus,
689 2778 827 2858 adeoque
846 2779 949 2840 caeteri
970 2796 1078 2853 omnes
1127 2780 1223 2840 ιιοιιιι
1235 2780 1348 2855 ex1strt
1364 2784 1518 2858 quaterms
1536 2778 1650 2838 notio
1642 2796 1709 2857 1psa
1724 2778 1795 2851 Dei,
1808 2793 1948 2882 quarnpm
1917 2775 1949 2833 ἰ·

303 2892 382 2955 quos
401 2873 564 2951 hucusque
587 2871 847 2946 commemoravi,
873 2870 932 2935 ιι
924 2870 1079 2950 rmprimis
1128 2871 1354 2939 intellectiouem
1376 2876 1508 2946 vocant,
1530 2870 1680 2949 appellari
1702 2870 1800 2949 pooeit
1820 2869 1888 2930 idea.
1907 2837 1967 2925 ιιι·

303 2965 496 3045 Augustinus
510 2964 631 3024 ideas
608 2982 673 3024 sive
687 2963 876 3043 exemplaria
881 2963 1001 3023 docent
1014 2980 1079 3023 esse
1130 2965 1210 3025 Sunt
1223 2964 1352 3025 enimin
1366 2962 1480 3023 talibus
1494 2969 1623 3043 ἐνεργείαις
1637 2968 1668 3023 ιι
1680 2961 1860 3024 acuendus
1852 2979 1891 3021 ιιι-

304 3061 403 3132 teque,
419 3056 452 3116 id
466 3062 512 3117 est
528 3057 657 3117 rabones
669 3056 735 3116 sive
749 3054 937 3134 descriptas
929 3055 1080 3132 imagines
1128 3056 1280 3135 telligent
1271 3074 1310 3116 ιι
1334 3074 1371 3116 ιι
1389 3055 1503 3115 mentis
1521 3055 1724 3115 discernenda
1738 3056 1813 3129 duo,
1826 3053 1890 3114 alte·

305 3163 412 3208 rerum
432 3149 705 3228 procreandarum.
734 3149 787 3207 Est
815 3153 920 3207 autem
942 3146 1081 3207 Verbum
1129 3165 1203 3209 rum
1224 3149 1292 3228 ipsa
1313 3147 1427 3209 mentis
1449 3148 1529 3208 actio
1552 3166 1615 3226 qua
1644 3166 1695 3208 res
1715 3147 1891 3226 objectasset

306 3238 362 3299 Dei
376 3240 490 3301 Graecis
513 3250 599 3320 λόγος,
621 3245 652 3301 ιι
675 3239 729 3300 illo
752 3239 820 3319 ipso
843 3256 936 3300 sensu
949 3239 993 3299 sic
1009 3254 1082 3299 eum
1131 3240 1271 3319 cognitas
1284 3240 1370 3301 velut
1383 3239 1590 3318 apprehensas
1602 3245 1758 3315 tenemus,
1773 3240 1891 3301 alterum

306 3331 465 3391 nominari
485 3337 604 3393 veteres
623 3332 752 3410 quidam
772 3332 961 3406 existimant,
976 3337 1013 3391 ut
1026 3348 1082 3391 suo
1131 3350 1181 3392 res
1194 3332 1268 3411 ipsae
1279 3350 1349 3411 quoe
1359 3331 1530 3410 cognitioni
1540 3338 1653 3392 nostrae
1663 3331 1810 3410 subjecte
1818 3336 1889 3392 sunt
1972 3364 1973 3377 ι

307 3421 376 3483 loco
391 3423 521 3498 dicetur,
538 3423 714 3502 quadratio
738 3424 779 3484 sit
797 3439 928 3503 operum
940 3422 1084 3482 omnium
1133 3424 1176 3484 De
1201 3441 1264 3503 qua
1285 3423 1459 3502 questione
1482 3422 1618 3484 breviter
1634 3424 1695 3485 hoc
1708 3443 1749 3485 ex
1762 3425 1890 3502 antiquo-

308 3513 488 3575 divinorum
512 3532 582 3593 quae
601 3515 635 3574 ιιι
652 3516 726 3589 Deo,
749 3520 917 3593 antequam
938 3514 1082 3590 existant,
1133 3533 1204 3576 rum
1222 3514 1343 3594 placitis
1356 3513 1505 3575 affirmari
1527 3516 1729 3596 potestibus
1750 3517 1829 3598 ipsas
1844 3533 1891 3575 no·

309 3623 348 3666 ex
361 3612 479 3667 aeterno
493 3612 685 3686 praestructa,
711 3606 909 3686 praeformata
932 3624 968 3666 ae
984 3606 1086 3686 dispo-
1133 3607 1234 3667 tiones
1243 3606 1358 3667 divinae
1368 3608 1564 3683 mentis,non
1574 3608 1756 3670 utactionoe
1764 3608 1892 3688 quedam

309 3698 369 3758 sita
386 3705 470 3759 sunt.
496 3698 585 3771 Quod
609 3699 691 3758 inter
713 3698 790 3758 alios
818 3698 1028 3759 Tertullianus
1051 3698 1085 3758 in
1134 3704 1217 3775 sunt,
1233 3699 1284 3759 vel
1294 3699 1397 3779 potius
1410 3699 1477 3778 ipsa
1487 3699 1541 3760 Dei
1554 3699 1727 3761 substantia
1740 3700 1892 3762 αιιιιιιιιιι

309 3789 391 3850 libro
405 3789 541 3851 adnexus
562 3790 711 3852 Proteum
728 3790 856 3870 exponit
866 3788 889 3849 ³.
915 3791 952 3849 Et
966 3790 1087 3869 Augus-
1136 3798 1255 3871 ἐνεργείας
1275 3809 1294 3851 a
1315 3790 1407 3851 nobis
1425 3808 1512 3851 more
1525 3797 1670 3871 ιιιιιιιι,
1686 3792 1742 3853 sed
1754 3798 1791 3853 ut
1802 3806 1892 3852 nerum

310 3882 414 3943 tinus:
432 3882 611 3957 «Christus,
627 3882 741 3961 inquit,
753 3882 892 3942 Verbum
907 3882 962 3941 Dei
979 3886 1035 3957 est,
1051 3881 1086 3941 in
1135 3882 1339 3944 <creandarum
1365 3882 1481 3943 formas
1507 3884 1679 3959 continent,
1709 3903 1777 3945 esse
1800 3898 1893 3945 aarum

313 3992 375 4053 quo
399 3980 567 4054 numquam
588 3981 700 4049 essent,
726 3975 808 4035 dicta
825 3979 898 4034 sunt
912 3971 1083 4034 ammai.»
1136 3974 1220 4036 ideas
1243 3982 1274 4036 et
1291 3974 1442 4055 exempla.
1468 3976 1521 4036 Fst
1537 3976 1625 4037 enim
1637 3977 1708 4038 idea
1720 3977 1769 4038 rei
1779 3975 1893 4055 alicujus

314 4067 379 4127 Hoc
410 4074 515 4128 autem
545 4067 817 4146 predestinatione
839 4084 874 4127 ac
905 4065 1027 4126 decreto
1052 4065 1088 4126 fit
1137 4068 1347 4147 exemplarad
1360 4067 1448 4146 eujus
1461 4068 1559 4128 instar
1573 4067 1686 4144 illafit,
1702 4074 1893 4149 etperquam

315 4159 422 4219 omnia
434 4160 493 4219 ista
509 4159 703 4237 temporibus
717 4157 837 4219 idoneis
850 4175 1012 4237 procreare
1026 4163 1086 4218 sta·
1137 4160 1171 4219 in
1185 4159 1348 4221 efficientis
1357 4166 1463 4221 mente
1473 4159 1742 4243 intelligentiaque
1750 4168 1822 4223 ante
1829 4175 1894 4241 opm

315 4252 432 4311 tuentis
446 4250 627 4311 accolentis
648 4252 713 4309 Dei.
734 4251 779 4310 Ex
793 4268 855 4328 quo
870 4249 948 4309 illud
961 4251 1089 4329 apparet
1137 4269 1202 4311 esse
1216 4251 1330 4311 dieitur
1352 4268 1447 4331 quam
1469 4252 1504 4311 in
1527 4270 1560 4312 se
1576 4252 1682 4332 ipsum
1694 4254 1810 4329 existit,
1824 4258 1893 4314 ntea

317 4342 401 4422 quod
415 4342 509 4422 paulo
524 4341 667 4420 superius
681 4341 932 4416 observabamua,
947 4359 1003 4426 cur
1016 4341 1087 4401 llio-
1138 4343 1352 4403 demonstrant
1373 4361 1444 4422 quae
1462 4343 1497 4402 in
1514 4342 1574 4404 hoe
1601 4349 1633 4404 et
1657 4344 1893 4408 anteoedentibns

316 4433 424 4512 nysius
441 4433 556 4512 aliiqne
569 4432 668 4494 Graeci
689 4432 728 4493 ad
746 4433 889 4494 idearum
901 4438 1046 4494 neumam
1059 4439 1091 4494 et
1138 4434 1311 4514 presertim
1338 4434 1510 4515 capitibus,
1539 4441 1606 4496 tam
1623 4455 1662 4497 ex
1680 4437 1794 4498 nostris
1814 4451 1893 4516 quam

317 4524 534 4585 definitionem
557 4529 679 4585 motum
699 4524 836 4604 aliquem
854 4525 1026 4603 adjungant
1042 4526 1089 4586 di-
1139 4527 1268 4587 exoticis
1299 4545 1316 4587 e
1347 4526 1551 4606 scriptoribus
1575 4527 1614 4589 de
1637 4528 1778 4589 idearum
1799 4533 1893 4589 namra

146 4638 297 4688 mum·
318 4616 613 4677 dnaevoluntatiset
620 4616 794 4677 efficientiae
798 4626 1092 4697 ,ιιιιιιιιιροορισμοις
1140 4623 1381 4680 commemorata
1402 4624 1486 4679 sunt.
1511 4618 1630 4692 Quibus
1648 4620 1893 4698 Atrgustininune

156 4696 236 4746 “m
245 4702 281 4736 aa
320 4726 357 4769 ae
378 4715 520 4810 tettpcqa,
547 4707 705 4768 ueletiam
722 4718 831 4784 unitata
856 4726 920 4768 esse
934 4715 1090 4785 censeant,
1140 4709 1294 4772 accedat
1286 4709 1418 4788 insignis
1440 4710 1495 4770 illa
1516 4716 1547 4771 et
1569 4711 1610 4772 ad
1630 4713 1821 4793 propositum
1837 4728 1894 4772 nos

149 4751 289 4855 etiem&-
320 4797 1092 4879 quodmnurumrerumfuturarumratxones1llas
1140 4801 1396 4882 trumaptissima
1407 4802 1893 4883 sententiaexprimoindoomen

320 4897 351 4953 et
364 4889 553 4969 exemplaria
565 4908 631 4950 non
648 4891 745 4950 otiose
760 4897 791 4951 et
804 4890 893 4970 quasi
907 4892 1092 4970 speculando
1140 4898 1294 4956 tractatu.
1314 4893 1450 4969 «Faber,
1466 4894 1579 4974 inquit,
1595 4894 1669 4956 iacit
1681 4914 1793 4958 aream.
1804 4896 1893 4956 Primo

320 4983 472 5044 duntaxat
490 4981 638 5061 exprimit
659 4982 693 5042 in
707 4982 810 5043 Verbo
832 4989 863 5043 et
880 5002 936 5062 per
954 4984 1093 5045 Verbum
1142 4986 1176 5047 in
1208 4991 1273 5047 arte
1308 4985 1403 5047 babet
1436 5004 1550 5047 arcam.
1589 4986 1621 5048 Si
1658 4989 1741 5050 enim
1768 4990 1801 5049 in
1839 4991 1894 5046 arte

321 5092 413 5136 suum
427 5075 518 5151 Deus,
534 5074 588 5135 sed
602 5079 736 5150 actuose,
752 5074 864 5152 utjam
882 5074 959 5149 dixi,
977 5082 1093 5136 etcum
1142 5096 1246 5139 arcam
1277 5097 1342 5139 non
1373 5077 1512 5154 haberet,
1548 5096 1613 5139 nou
1641 5087 1720 5142 esset
1751 5080 1831 5142 unde
1860 5076 1895 5137 ιι

323 5166 480 5247 proposito
494 5186 530 5228 ae
542 5167 703 5227 voluntate
717 5184 823 5226 rerum
837 5167 1017 5228 earumdem
1038 5187 1093 5229 suo
1143 5170 1291 5231 bricaudo
1319 5170 1404 5231 illam
1430 5169 1592 5251 proferret.
1620 5173 1680 5234 Sed
1706 5192 1773 5235 area
1793 5172 1835 5232 sic
1857 5174 1895 5230 est

352 5408 1892 5471 tttb.1ecruum.1.vuuq-uarrocuua-alamanu-sttbmttcomfflruuucap,Qarucrineaauae

325 5422 970 5526 atup.u.-11-i.7uuunttucournruueuuaa
