4030 6204
356 320 406 380 DE
430 319 504 380 ΒΕΘ
530 317 1127 395 belouEPRuPRlETATlBUS‚L1s.
1150 323 1202 397 vl,
1225 324 1307 384 GAP.
1332 323 1383 384 lll.
1604 327 1662 387 tot

60 482 149 545 illud
164 503 173 545 t
187 502 246 545 nee
259 482 334 546 alibi
347 484 498 564 quarinrr
512 484 583 560 hoc,
599 483 672 547 alibi
686 483 774 556 illud,
790 484 844 547 sed
894 504 966 547 cum
982 486 1130 563 dicerent,
1153 488 1264 549 lilium
1280 494 1388 565 ἀμνσως,
1408 490 1439 550 id
1452 494 1497 551 est
1509 490 1661 570 proxime,

61 577 183 645 omnia
198 583 273 639 sunt
286 577 376 638 nohis
388 578 422 639 iu
439 578 514 653 lieo,
530 583 561 637 ct
581 582 627 637 est
645 578 726 641 Deus
739 577 845 639 omnia
892 597 928 640 ec
951 578 1038 639 nullo
1055 579 1235 659 interposito
1253 581 1338 642 velut
1354 581 1560 645 instmmento
1581 602 1663 644 eroa-

76 687 102 729 n
119 667 275 733 nsaw.»
892 674 961 731 tum
981 690 1000 730 a
1021 673 1109 732 Patre
1129 672 1232 746 nume,
1256 674 1386 753 ideoque
1405 686 1535 752 μονογινῆ,
1561 675 1594 735 id
1616 682 1664 737 est

110 761 152 823 X.
166 763 450 825 Fraternasumma
462 762 776 841 excellentissimaque
790 760 844 819 bo·
858 783 861 787 ·
892 762 1078 842 unipenitem
1093 764 1250 843 appellari,
1268 771 1417 845 tanquam
1430 766 1469 826 ab
1483 783 1558 841 uno,
1579 767 1660 827 solo-

60 852 154 925 nites
171 855 229 915 hoe
244 855 339 917 iubet
356 855 560 934 praecipuum,
576 855 610 914 in
630 873 692 933 quo
711 871 842 916 summae
892 873 952 933 que
966 857 1122 933 genitum
1134 862 1249 918 ereatau
1258 875 1332 918 vero
1343 875 1507 918 resumes
1519 875 1574 936 per
1582 859 1659 921 Ver-

59 946 203 1023 perinde
214 947 437 1023 convenientiae
451 947 510 1007 sita
521 946 599 1007 ratio
609 952 665 1022 est,
679 952 715 1007 ut
727 965 792 1007 non
804 965 843 1006 ex
891 946 968 1007 bum
986 967 1021 1008 ac
1039 948 1150 1009 Filium
1165 967 1229 1009 esse
1243 949 1418 1029 productas,
1439 967 1476 1009 eo
1500 950 1584 1029 quod
1597 969 1661 1012 me

59 1042 137 1098 toto
148 1038 282 1118 seipsam
293 1040 471 1120 profundat,
487 1039 588 1100 sadud
599 1057 693 1099 usum
702 1045 841 1118 captum·
890 1057 959 1100 ram
979 1058 1015 1101 ac
1032 1042 1248 1121 primigeniam
1271 1042 1385 1101 summi
1407 1041 1523 1120 opifieis
1540 1041 1605 1102 vim
1629 1050 1660 1103 et

59 1146 132 1207 (μιν
158 1149 276 1205 rerum,
302 1151 379 1211 quas
407 1132 456 1192 sui
480 1131 643 1210 participes
669 1130 750 1203 lacit,
777 1133 842 1192 vim
890 1131 1086 1194 efficientiam
1111 1152 1160 1194 res
1191 1140 1293 1195 creata
1315 1152 1424 1213 capere
1450 1152 1486 1194 ac
1508 1135 1659 1197 sustinere

60 1239 174 1297 mam,
195 1230 227 1284 et
243 1223 440 1287 efficientiam
463 1224 684 1285 accommodet.
701 1223 734 1282 ld
757 1224 841 1285 euim
890 1226 976 1286 nulla
990 1231 1102 1306 posset.
1125 1228 1212 1300 Quod
1228 1226 1273 1286 illi
1286 1244 1305 1285 a
1319 1227 1445 1287 Platone
1459 1227 1656 1288 didicerunt:

60 1315 212 1393 apprime
220 1317 427 1381 uenenarium
438 1320 484 1376 est
496 1315 536 1376 ad
547 1315 644 1389 iilam,
659 1333 755 1393 quam
764 1316 838 1391 dixi,
890 1318 978 1398 cujus
990 1320 1024 1378 in
1041 1317 1151 1380 Timeo
1162 1323 1282 1381 exstant
1299 1318 1401 1397 abque
1414 1320 1454 1379 ad
1467 1337 1540 1380 eum
1555 1318 1657 1399 impli-

60 1422 227 1467 mmmsm
245 1407 462 1486 infinitamque
476 1406 721 1486 congruentiam,
732 1407 766 1467 in
779 1427 841 1486 qua
889 1416 958 1470 eata
970 1428 1113 1484 sensum;
1127 1428 1261 1489 quorum
1275 1415 1307 1470 et
1315 1409 1459 1469 Alcinous
1468 1410 1612 1471 meminit
1624 1412 1658 1472 in

61 1497 200 1559 infinita
215 1498 360 1563 bonitatis
374 1504 486 1560 ustura
498 1499 648 1561 consistit.
663 1499 783 1561 Eximio
795 1505 841 1561 est
889 1503 986 1583 capite
1007 1519 1069 1563 aar.
1098 1503 1161 1563 lloc
1184 1520 1259 1563 vero
1280 1507 1492 1563 commentum
1515 1503 1658 1563 vanitatis

59 1588 105 1651 de
119 1589 181 1651 hae
190 1609 225 1651 rc
238 1592 375 1653 Philonis
387 1593 540 1654 sententis
552 1594 585 1654 in
595 1593 674 1654 libro
685 1592 721 1654 de
732 1593 843 1654 illuudi
888 1594 1078 1674 inscitiaque
1095 1594 1224 1674 plenum
1244 1611 1407 1672 nunquam
1425 1594 1603 1655 Christianis
1623 1596 1658 1655 in

58 1680 197 1762 opificiis.
215 1704 231 1741 a
246 1684 481 1759 Verumtamen,
496 1685 607 1764 inquit,
623 1704 688 1746 non
701 1704 758 1765 pro
772 1704 838 1746 ma·
888 1692 1027 1748 mentem
1048 1687 1190 1763 venisset,
1216 1687 1242 1747 si
1267 1686 1439 1764 cujusmodi
1461 1686 1501 1746 sit
1523 1686 1658 1751 afficiens

58 1773 232 1850 gniiudine
244 1776 521 1838 beneticentiarum
537 1796 666 1838 suarum
680 1777 760 1838 bena
772 1796 837 1839 me·
888 1798 979 1840 causa
994 1782 1084 1856 Deus,
1095 1798 1131 1840 ae
1145 1779 1407 1858 quemadmodum
1418 1778 1484 1856 ejus
1493 1782 1579 1840 extra
1588 1797 1658 1858 pro-

59 1870 166 1927 mtur.
196 1870 275 1929 Sunt
297 1869 382 1930 enim
407 1870 549 1945 infinitae,
572 1889 608 1932 ac
625 1860 717 1931 'modi
737 1872 839 1932 amuis
887 1877 1017 1951 pagetur
1030 1871 1152 1932 bonitas
1169 1870 1400 1935 intellexissent.
1421 1870 1491 1930 Non
1505 1870 1600 1946 enim,
1620 1875 1658 1941 ut

60 1961 640 2042 mperua;sanadreaum‚qaehonis
648 1962 836 2037 afficiuntur,
887 1983 935 2040 ea,
947 1983 1017 2044 qua
1026 1963 1207 2024 annualiter
1217 1968 1315 2042 egum
1324 1981 1359 2023 ae
1368 1962 1549 2038 necessario,
1557 1967 1656 2025 totam

60 2057 194 2131 captum
210 2070 275 2115 sese
293 2059 456 2135 temperat.
475 2055 594 2135 Quippe
607 2074 672 2115 non
686 2060 837 2135 quantum
887 2057 951 2116 vim
963 2055 1109 2117 bonitatis
1122 2054 1262 2130 effirudit,
1274 2060 1305 2115 et
1316 2053 1485 2114 efficientiae
1498 2071 1562 2114 suaa
1575 2054 1656 2115 Deus

60 2144 569 2227 adbenebaciendumcomparatus
575 2151 836 2225 estnsturaDeus,
886 2147 919 2207 in
934 2165 1015 2209 resa
1036 2165 1068 2208 se
1083 2146 1237 2221 conditas;
1252 2146 1388 2206 sedeam
1402 2151 1468 2205 arte
1484 2151 1515 2206 et
1528 2145 1654 2207 consilio

60 2240 189 2299 uatum
201 2238 243 2313 id,
259 2241 344 2318 quod
355 2244 492 2301 creatum
503 2244 559 2316 est,
575 2239 650 2300 boni
662 2259 835 2321 eaperepo·
886 2242 1076 2315 moderatur,
1106 2258 1141 2300 ae
1163 2257 1220 2318 pro
1246 2237 1372 2298 modulo
1403 2237 1549 2318 cujusque
1579 2243 1656 2298 tem-

59 2333 135 2390 test.
161 2330 321 2409 Siquidem
345 2332 429 2392 illius
450 2331 531 2392 vires
552 2332 681 2393 modum
710 2351 837 2394 omnem
886 2339 990 2412 perat;
1013 2339 1164 2412 quantum
1185 2348 1281 2409 rapax
1302 2334 1510 2408 utquisque,
1531 2334 1655 2391 tantum

60 2428 215 2501 superant
230 2442 237 2482 :
256 2423 315 2484 hoe
328 2442 402 2485 vero
420 2424 604 2485 imbecillius
618 2430 675 2499 est,
693 2444 789 2504 quam
801 2431 837 2487 ut
885 2425 919 2484 in
933 2443 1001 2487 cam
1020 2424 1191 2485 conterens.

60 2512 288 2575 beneficiorum
313 2516 561 2594 magnitudinem
592 2517 687 2595 possit
711 2536 833 2596 capere;
926 2519 1005 2578 Hinc
1019 2517 1079 2577 alia
1092 2516 1158 2590 dos,
1173 2520 1204 2575 et
1215 2512 1441 2575 commendatio
1455 2531 1585 2574 summas
1600 2515 1655 2575 Dei

60 2605 169 2684 itaque
187 2607 413 2683 succumberet,
437 2607 497 2669 nisi
518 2609 598 2668 Deus
622 2610 705 2687 quod
725 2610 836 2689 cuique
885 2609 1030 2670 borutatis
1040 2608 1149 2683 oritur,
1161 2607 1245 2685 quod
1254 2624 1318 2669 non
1328 2606 1459 2685 seipsam
1470 2607 1651 2681 necessario,

60 2702 109 2757 est
127 2700 397 2760 accommodatum
419 2706 622 2762 consentanee
645 2720 680 2761 ac
705 2721 837 2781 congru·
884 2702 938 2762 sed
951 2707 1071 2782 sponte,
1087 2719 1123 2760 ac
1141 2704 1248 2778 suapte
1264 2698 1422 2758 voluntate
1435 2698 1651 2773 communicat,

60 2795 153 2849 enter
165 2792 346 2852 msfimamo
361 2792 522 2852 metiretur
531 2803 557 2852 ⁶.
573 2815 589 2850 n
613 2793 713 2872 Atque
732 2814 768 2855 en
781 2798 835 2858 de·
883 2794 1109 2872 innumeraque
1118 2793 1151 2851 in
1160 2810 1209 2851 res
1222 2808 1331 2851 omnes
1340 2790 1502 2850 commoda
1513 2796 1577 2850 tam
1586 2790 1652 2850 ani-

60 2899 154 2941 mum
165 2888 327 2959 causaest,
344 2902 439 2962 quam
453 2889 535 2944 recte
551 2885 714 2963 Dionysius
730 2886 834 2949 obser·
884 2893 991 2959 maias,
1009 2903 1103 2964 quam
1118 2884 1282 2951 inanimes,
1298 2887 1363 2942 tam
1376 2882 1496 2941 ratione
1510 2900 1545 2942 ac
1558 2881 1652 2943 bene·

1713 2547 1791 2593 Divina

1712 2601 1800 2646 bonltm

1691 2662 1771 2710 sponte
1788 2666 1812 2699 ss

1703 2720 1801 2753 commu·

1717 2761 1786 2805 nicar.

60 2979 115 3034 vat
127 2975 390 3055 iuquartooapite
404 2975 520 3036 libridc
533 2975 832 3049 fficindncrnsiu'bus,
883 2979 1025 3039 ficiorum
1046 2995 1137 3037 sensu
1157 2975 1311 3054 prauitas,
1332 2992 1427 3053 pram
1447 2992 1484 3033 eo
1503 2980 1650 3052 carentes,
1709 3048 1712 3053 ξ

60 3084 129 3139 rur,
144 3086 216 3128 cum
225 3069 499 3129 omniasummum
510 3067 630 3129 bonum
639 3071 832 3150 participent,
883 3091 923 3132 ne
933 3078 1055 3132 tantum
1062 3066 1336 3148 gratosetamicos,
1351 3066 1506 3127 sedetiam
1515 3066 1653 3145 ingratos

60 3157 156 3237 idque
172 3161 213 3220 ad
226 3160 345 3236 infima,
362 3165 392 3221 et
405 3167 543 3221 extrema
556 3178 653 3240 usque
667 3165 832 3242 pertingat,
883 3170 914 3224 et
927 3162 1152 3223 inimicissimos
1162 3158 1479 3220 uberrimediliundit.
1495 3159 1652 3220 Postremo

59 3269 128 3311 non
160 3257 266 3313 tamen
291 3270 331 3313 ex
360 3271 449 3331 aeqaao
479 3254 561 3313 bona
587 3254 649 3313 sint
677 3255 832 3317 universa.
883 3257 1030 3336 pleraque
1044 3253 1192 3332 largitatis
1200 3270 1264 3312 suae
1278 3269 1409 3312 munera
1423 3269 1487 3311 non
1497 3250 1653 3311 eblandita

63 3344 354 3423 «Quandoquidem
372 3364 428 3424 per
445 3346 551 3407 omnia
568 3348 683 3407 radens
701 3348 834 3425 perfectu
883 3366 1011 3429 precum
1021 3345 1254 3426 importunitate
1268 3342 1396 3417 conlert,
1412 3360 1469 3402 nec
1483 3361 1537 3422 spe
1550 3342 1652 3422 aliqua

60 3433 324 3511 bonitas,nouad
337 3437 494 3497 ibassolas
504 3439 742 3517 pervenitque
755 3441 834 3502 circa
883 3440 1034 3501 mercedis
1060 3442 1190 3513 extorta,
1215 3436 1268 3496 sed
1295 3435 1400 3495 invitis
1426 3452 1650 3515 sepenumero,

59 3546 92 3588 se
114 3528 222 3603 habet,
244 3529 377 3607 optimas
396 3528 592 3605 substantias,
607 3532 661 3591 sed
678 3550 775 3610 usquo
794 3534 834 3593 ad
883 3552 980 3613 eaque
994 3529 1244 3603 detrectantibus,
1261 3527 1377 3606 ignaris
1395 3533 1488 3599 certe,
1506 3527 1651 3588 minime·

59 3625 216 3680 extremas
225 3621 412 3693 extenditur,
429 3622 472 3681 sic
487 3627 521 3681 ut
534 3622 602 3681 aliis
612 3622 691 3683 adsit
703 3642 742 3683 ex
755 3631 831 3701 toto,
883 3644 943 3704 que
957 3622 1163 3703 cogitantibus
1175 3621 1290 3699 objicit.
1309 3640 1325 3676 a
1341 3620 1406 3683 Hoc
1420 3625 1466 3679 est
1478 3620 1563 3680 enim
1579 3638 1652 3699 pro·

59 3710 834 3793 aliisminusperfeete,aliisdeniquesee1mdum
883 3717 986 3796 prium
1008 3716 1061 3776 Dei
1081 3713 1214 3794 potentis
1235 3731 1270 3772 ac
1288 3711 1363 3785 veri,
1379 3712 1422 3770 ait
1442 3711 1597 3771 Amobius
1618 3712 1652 3771 in

59 3802 265 3863 saevissimum
272 3804 834 3886 perfectionisgradum,proutunum-
882 3809 961 3869 libro
974 3807 1077 3881 tertio,
1086 3808 1246 3866 inexorata
1259 3803 1407 3864 beneficia
1416 3802 1555 3882 praebere
1568 3803 1653 3863 fessis
1688 3794 1695 3805 ’

59 3896 253 3975 quodqucex
265 3897 381 3975 iisquse
395 3902 478 3971 sunt,
489 3894 680 3976 potestillius
691 3920 755 3961 esse
766 3921 833 3981 par-
883 3907 975 3981 atque
995 3898 1137 3960 invalidis
1156 3897 1259 3969 rebus,
1278 3901 1310 3954 et
1329 3894 1513 3955 multiformi
1531 3912 1653 3973 semper

58 3986 190 4066 fisseps‘s
205 3994 263 4048 ⁰1⁰·
276 3989 400 4061 Quodsi
415 4006 480 4053 nou
492 3990 620 4067 singulis
634 3994 833 4071 proportione
883 3993 1045 4073 asperitate
1066 3989 1195 4050 vallatis.
1219 3988 1298 4047 Nam
1321 3986 1475 4046 sacrificiis
1496 3985 1584 4049 editis
1607 3985 1649 4059 id,

57 4096 220 4140 maumam
234 4081 353 4141 adesset
366 4081 496 4157 bonum,
511 4100 582 4160 quac
600 4082 790 4145 divinissima
803 4091 834 4147 et
883 4085 966 4164 quod
988 4081 1122 4163 poscaris
1135 4096 1283 4151 annuere,
1301 4095 1365 4137 non
1381 4083 1427 4138 est
1444 4077 1527 4136 istud
1545 4080 1650 4155 postu·

58 4172 314 4250 prestantissima
336 4179 409 4234 stant
427 4174 461 4232 in
484 4174 665 4235 infimorum
691 4177 832 4239 ordinem
882 4175 1017 4237 lantibus
1039 4172 1213 4245 subvenire,
1233 4170 1287 4230 sed
1303 4168 1501 4247 benignitatis
1517 4167 1652 4247 propriu

57 4263 339 4341 redigerentur.»
883 4265 1126 4329 munificentiam
1144 4262 1346 4323 venditare.»
1369 4261 1469 4339 Hujus
1489 4260 1522 4319 in
1543 4259 1652 4327 mundi

100 4354 154 4414 Xl.
177 4357 222 4415 lix
235 4357 272 4416 iis
291 4356 488 4436 perspicuum
506 4363 561 4431 est,
577 4357 684 4418 falsam
696 4365 728 4418 ot
743 4360 831 4440 iuep-
883 4359 1095 4441 procreatione
1118 4356 1254 4436 primum
1276 4353 1431 4434 specimen
1452 4351 1571 4413 editum
1587 4356 1650 4425 est3

57 4451 126 4507 tam
144 4464 211 4508 esse
227 4448 381 4509 rationem
398 4448 495 4523 illam,
511 4467 573 4527 qua
588 4450 690 4527 sniis,
706 4453 832 4532 ejusque
882 4470 977 4532 quem
991 4468 1056 4512 nou
1068 4448 1245 4509 necessitate
1264 4447 1414 4507 adductus
1435 4445 1500 4505 ulla
1517 4443 1654 4506 condidit

58 4545 274 4617 propugnator
288 4540 437 4600 Eusebius
453 4541 644 4602 &menits
654 4543 831 4621 utebantur,
883 4544 1023 4617 enihilo,
1040 4559 1140 4619 neque
1154 4540 1204 4600 vel
1217 4538 1353 4600 materiae
1368 4556 1400 4600 se
1416 4537 1584 4598 obtrudens
1599 4538 1654 4596 aut

96 4768 119 4815 a
136 4751 222 4811 Pauo
242 4753 290 4813 lin.
311 4753 349 4818 de
366 4753 471 4817 Mundi
492 4754 569 4831 epis.
593 4754 661 4809 ‘tlt’
679 4757 707 4811 oi
726 4760 786 4831 πρὸς
804 4760 833 4814 rt
917 4760 934 4815 b
954 4760 1033 4815 Dios.
1050 4772 1112 4827 esp.
1128 4771 1156 4811 ιν
1174 4752 1416 4811 aestatuum.
1440 4750 1509 4805 Ἐπεί
1522 4770 1568 4822 πῦρ
1581 4749 1596 4817 i
1611 4749 1653 4804 8ῑᾶ

59 4836 165 4909 nigrim
179 4836 302 4909 νῦεργντνῖ
322 4843 372 4891 τῶν
387 4835 461 4892 αὑτοῦ
476 4840 593 4911 χαρίτων·
610 4838 770 4913 άσερίγρσφσι
785 4842 832 4913 γὰρ
880 4842 978 4896 πάντων
1006 4844 1117 4911 φοιτῶσα
1144 4836 1263 4904 παντελὴς
1286 4835 1404 4909 neuen
1427 4833 1456 4887 05
1482 4836 1554 4906 pipp
1578 4835 1652 4904 tml

59 4918 224 4989 riuiqaaai
234 4920 399 4988 murima·
408 4919 552 4993 πρὸςδέτάς
561 4921 658 4977 καὶτῶν
668 4922 833 4995 aianeoane-
882 4927 964 4997 χωρεῖ
973 4929 1022 4976 τῶν
1037 4922 1091 4993 περὶ
1106 4918 1180 4986 uisis
1195 4920 1340 4991 παναγάθων
1356 4918 1457 4980 οὐσιῶν,
1478 4914 1605 4971 furtivum
1626 4914 1652 4973 bi

59 5002 245 5072 νωνδυνάμεις,
257 5001 286 5054 oi
294 5003 342 5074 γὰρ
349 5003 384 5064 ὡς
396 5004 581 5073 πάφνκννὸθεδς
589 4999 615 5056 εὖ
622 5008 711 5068 ποιεῖν,
721 5005 785 5061 otae
792 5005 832 5061 xci
881 5007 940 5078 άχρι
960 5012 1010 5059 τῶν
1032 5003 1143 5075 tepeat
1164 5004 1218 5063 ταῖς
1239 5000 1282 5073 μὲν
1306 5001 1394 5062 ὑλικῶς
1412 5002 1533 5070 παροῦσα,
1555 5003 1608 5060 ἳαῖς
1626 4997 1651 5049 δὲ

57 5085 88 5143 rit
104 5084 234 5154 γινόμενον
249 5079 276 5148 εἶν
290 5086 392 5159 πάσχα,
406 5084 458 5143 tasi
470 5092 515 5143 τοῦ
530 5086 574 5157 μὲν
589 5088 614 5145 αἱ
625 5089 738 5161 δυνάμεις
757 5088 830 5161 irrep·
880 5087 1021 5159 ὑφειμένως·
1031 5087 1117 5147 illisu
1126 5084 1153 5139 el
1163 5083 1282 5156 ἐσχάτως,
1291 5084 1325 5153 ὡς
1338 5083 1439 5143 teano
1454 5080 1527 5146 vitii
1540 5078 1652 5152 Mitti

60 5166 193 5219 άάλλονσι·
220 5165 250 5220 ab
268 5167 291 5219 δ’
310 5166 478 5240 ἀσθενέστερον
498 5170 570 5237 ibi
591 5171 655 5231 ὥστε
674 5168 783 5232 δέξασθαι
803 5171 832 5225 τὸ
882 5169 1220 5232 altercationesque.

58 5249 162 5321 μέγεθος
177 5246 270 5313 uitiis,
285 5248 384 5304 ἀπεῖπεν
396 5253 435 5313 ἂν,
451 5249 472 5304 εἰ
487 5251 519 5324 μὴ
535 5255 711 5325 ὀιεμιτρήσατσ
725 5255 833 5325 στάθμη·
918 5269 933 5307 o
952 5252 1020 5317 ibid.
1039 5251 1069 5311 lit
1082 5250 1130 5323 γάρ
1145 5250 1178 5323 μὴ
1194 5249 1320 5319 dimittit
1333 5245 1427 5317 &dotat
1441 5243 1545 5315 wiht
1560 5248 1651 5316 “tila

56 5332 165 5402 σάμενος
179 5329 337 5403 deputatu<
351 5333 380 5386 τὸ
393 5332 488 5405 ἑκάστῳ
503 5332 644 5388 insiditur.
881 5332 911 5402 ἦν
930 5337 959 5388 ἂν
988 5335 1019 5389 τὰ
1032 5337 1145 5389 θειότατα
1170 5332 1209 5386 mi
1229 5330 1382 5402 πρεσὸὑτατσι
1402 5326 1445 5393 τὴν
1468 5332 1517 5379 τῶν
1540 5324 1651 5397 ἐσχάτων

882 5418 975 5490 ἔχοντα
988 5416 1065 5480 τάξιν.

84 5483 96 5526 l
109 5485 181 5527 sarm.
195 5493 216 5527 ν.
228 5484 256 5529 de
269 5487 380 5539 muci.
