4096 6190
298 282 357 341 632
605 332 608 337 .
801 281 1125 344 Tunotoulcouon
1151 283 1366 345 DOGMATUM

299 447 386 521 hant,
399 452 515 508 creatas
531 465 592 522 res,
614 453 646 508 et
667 446 857 526 singularem
871 447 903 507 in
924 446 963 506 iis
980 445 1070 507 fabri·
1118 453 1256 519 nentem,
1282 454 1313 508 ct
1334 447 1547 527 colligentem
1571 449 1720 528 quoniam
1744 446 1889 511 eumdem

300 540 404 600 randis
422 538 577 599 solertium
593 539 771 618 pradicant.
788 561 802 595 a
808 539 901 617 Atqui
911 557 975 599 non
986 539 1068 599 idem
1118 540 1311 619 presidentia
1323 558 1378 601 sua
1395 541 1551 601 moderari
1568 547 1691 620 oportet
1705 541 1823 614 omnia,
1834 543 1889 619 qui

300 637 356 715 θεῖ,
367 632 420 707 ait,
431 631 674 710 providentia,et
687 631 811 692 creatio.
821 632 899 691 Nam
909 631 1070 692 creationis
1118 631 1308 706 condidit··,r
1331 650 1381 705 ne,
1405 631 1490 692 velut
1502 632 1590 692 navis
1603 632 1749 711 procella,
1765 630 1892 693 subver-

301 729 346 784 est
359 729 451 800 recte,
466 742 536 803 quar
549 723 640 798 fiunt,
652 723 756 784 moliri
770 744 777 784 :
793 723 985 803 providentia
997 741 1070 784 vero
1117 729 1201 785 tatur
1213 730 1243 784 θῖ
1256 726 1290 784 in
1298 725 1431 785 nibilum
1441 724 1567 786 recidat.

301 816 381 876 ineo
395 816 452 876 situ
463 821 519 892 est,
532 821 567 875 ut
580 834 627 888 ea,
639 815 796 895 quaefacta
805 820 888 891 sunt,
902 833 1069 894 procuren-
1161 817 1293 878 illustrat
1319 817 1400 877 hanc
1425 816 1593 889 rationem,
1619 835 1691 895 quae
1717 835 1757 878 ex
1784 834 1893 878 rerum

300 913 382 968 tur⁰.
394 929 409 965 r>
427 909 498 969 Haec
512 913 616 968 autem
626 908 745 968 diversa
758 926 822 968 esse
836 913 1071 985 argumentatur
1118 910 1329 989 procreatione
1350 926 1458 969 cruam
1475 926 1595 982 earum,
1609 912 1641 969 et
1664 908 1892 988 providentiam

301 999 384 1073 inde,
400 1000 483 1079 qnod
498 1019 563 1061 non
574 1017 693 1076 omnes,
707 1001 761 1079 qui
772 1018 849 1079 opus
859 999 983 1078 aliquod
993 1000 1069 1060 fece·
1119 1001 1259 1073 adstruit,
1274 1001 1440 1079 Gregorius
1459 1000 1617 1080 Nyssenus
1636 1001 1670 1060 in
1691 1001 1834 1061 oratione
1849 999 1893 1061 De

301 1096 386 1167 runt,
403 1110 509 1152 ernam
530 1091 597 1171 ejus
609 1092 726 1152 hahere
744 1097 951 1171 perseverant,
966 1099 1002 1152 ut
1020 1110 1069 1152 ar-
1120 1094 1167 1168 r'ia,
1183 1093 1238 1174 qui
1249 1093 1407 1153 tractatore
1421 1100 1513 1153 morte
1526 1090 1765 1153 subtrabuntur:
1781 1110 1818 1153 ac
1838 1111 1891 1172 pe

302 1184 451 1244 chitectus
462 1184 584 1257 domus,
599 1201 694 1263 quam
709 1183 854 1244 condidit.
870 1185 999 1257 Verum,
1014 1185 1071 1245 etsi
1119 1185 1267 1246 cvdiarem
1281 1203 1320 1246 ex
1337 1185 1405 1263 ipso
1425 1191 1572 1259 creatore,
1592 1185 1781 1264 creandique
1798 1185 1892 1245 modo

302 1277 337 1337 in
350 1276 498 1336 creaturis
516 1275 631 1337 distent
648 1275 780 1336 invicem
793 1276 885 1336 ambo
900 1276 962 1351 illa,
979 1281 1010 1337 et
1022 1295 1070 1336 se·
1119 1277 1414 1357 contemplationem
1436 1276 1537 1337 offert.
1566 1277 1718 1337 «Etenim
1742 1294 1810 1336 non
1834 1277 1892 1337 ior-

303 1368 1071 1448 paratarernantur3tameninlleonomrisiratione
1119 1371 1208 1445 truta,
1232 1388 1334 1450 neque
1357 1369 1477 1430 ratione
1500 1369 1646 1429 destituta
1672 1387 1751 1441 esse,
1778 1369 1889 1448 inquit,

303 1460 432 1535 diversa,
447 1478 555 1520 revera
573 1465 645 1520 sunt
665 1460 747 1520 idem
764 1459 858 1538 :quia
879 1460 1072 1538 providentia
1119 1480 1189 1540 quae
1203 1462 1350 1522 divinitus
1360 1460 1625 1537 administrantur,
1636 1460 1738 1538 quivis
1747 1459 1889 1537 fateamr,

303 1553 385 1613 idem
408 1558 464 1627 est,
484 1571 519 1612 ac
539 1553 741 1626 conservatio,
765 1570 835 1630 quae
859 1551 897 1612 ab
919 1553 1071 1613 creatione
1119 1554 1388 1633 quinorit,l)eum
1402 1571 1467 1614 esse
1480 1553 1890 1631 rationemetsapientiam,

303 1645 382 1704 nihil
395 1645 555 1724 discrepat.
572 1645 617 1704 lta
625 1645 642 1704 J
645 1644 777 1720 ustinus,
793 1645 857 1704 sive
871 1642 951 1704 alius
965 1651 1072 1706 auctor
1120 1651 1150 1705 et
1159 1647 1306 1708 virtutem
1315 1663 1443 1706 omnem
1461 1664 1496 1706 ac
1510 1645 1683 1705 veritatem.
1696 1644 1893 1706 Nihilautem

308 1738 507 1813 Qooestiocom
530 1744 557 1796 et
584 1736 801 1816 responsionum
824 1734 1069 1811 Groeeom'corcm,
1119 1738 1246 1798 rationis
1269 1756 1379 1817 expers
1400 1737 1557 1797 aratione
1579 1735 1768 1815 profectum,
1793 1756 1891 1816 neque

307 1829 425 1901 «Fecit,
436 1828 546 1907 inquit,
563 1833 746 1904 creatricem,
758 1847 828 1907 quae
839 1829 981 1889 nondum
995 1835 1070 1902 erat,
1121 1830 1268 1910 insipiens
1281 1850 1300 1890 a
1313 1830 1451 1909 sapiente
1466 1849 1473 1889 :
1487 1847 1589 1908 neque
1602 1828 1711 1903 virtus,
1731 1835 1765 1888 et
1784 1829 1893 1890 veritas

303 1922 410 1980 rolens
424 1921 499 1999 ipsc,
517 1937 612 1999 quam
635 1926 666 1980 et
686 1920 880 1999 providentia
902 1938 958 1980 sua
975 1921 1007 1980 in
1023 1939 1070 1996 co,
1120 1922 1153 1982 id
1165 1940 1317 2001 unquam,
1334 1922 1418 2000 quod
1430 1921 1543 1981 virtute
1562 1925 1655 1995 caret,
1670 1925 1726 1979 aut
1745 1926 1831 1980 extra
1844 1940 1893 1981 re

303 2018 338 2072 ut
352 2013 401 2088 sit,
416 2018 594 2089 conservat,
615 2011 675 2072 hoc
690 2010 870 2072 astruant.»
1121 2014 1243 2075 ritatem
1266 2020 1322 2089 est,
1345 2013 1485 2074 admittet
1493 2012 1505 2060 ί
1508 2058 1515 2072 .
1527 2034 1542 2069 ν
1566 2012 1639 2085 Quae
1658 2029 1770 2072 omnes
1783 2013 1892 2073 divina

342 2104 478 2166 Joanncs
496 2123 619 2184 quoque
640 2103 875 2183 chrysostomus
895 2103 928 2164 in
946 2104 1074 2165 homilia
1121 2107 1323 2186 proprietates
1336 2123 1458 2166 summa
1471 2105 1601 2179 ratione,
1618 2122 1704 2179 orna,
1726 2105 1891 2182 providen-

303 2196 437 2275 quadam
450 2194 485 2255 de
507 2195 692 2278 Perclytico,
710 2195 768 2255 sul)
786 2195 892 2270 linem,
907 2196 1071 2275 provideri·
1121 2199 1235 2277 tiaque,
1250 2217 1286 2258 ac
1302 2197 1422 2275 justitia
1436 2215 1485 2255 res
1499 2196 1636 2256 conditas
1654 2195 1721 2273 regi
1750 2196 1893 2256 adminis

302 2289 378 2349 tiam
400 2289 478 2349 nihil
491 2307 556 2348 esse
578 2289 673 2364 aliud,
696 2306 791 2368 quam
807 2289 1073 2350 conservationem
1121 2290 1466 2370 trariqnepersuadent3
1482 2288 1892 2349 maximcautemillaratio

302 2380 351 2441 his
362 2381 464 2441 verbis
472 2382 580 2460 aperit.
596 2402 611 2438 a
619 2381 687 2441 Non
700 2381 801 2441 solum
814 2386 988 2468 creatrrram
1000 2400 1072 2461 pro·
1121 2384 1180 2459 nis,
1201 2402 1271 2462 quae
1294 2382 1334 2443 ad
1360 2383 1486 2443 illarum
1507 2381 1746 2460 productionem
1769 2382 1893 2460 propius

303 2472 391 2533 duxit
424 2473 514 2547 Deris,
544 2473 656 2551 inquit,
686 2473 738 2532 sed
771 2473 953 2551 productam
980 2474 1073 2535 etiam
1121 2480 1237 2555 spectat
1253 2475 1421 2555 :quoniam
1442 2475 1516 2535 artis
1535 2477 1581 2534 est
1595 2491 1684 2552 opus,
1706 2478 1740 2532 et
1757 2472 1890 2547 artificis

303 2564 396 2639 foret,
418 2570 449 2624 et
469 2570 640 2624 conservat.
662 2563 733 2625 Sive
748 2570 785 2624 tu
804 2565 931 2643 angelos
948 2564 1071 2640 dixeris,
1122 2569 1259 2646 adeoque
1274 2567 1414 2639 rationis,
1436 2571 1468 2626 et
1486 2565 1643 2644 sapientire
1660 2564 1801 2625 mundus
1821 2565 1890 2640 iste;

303 2657 366 2717 sive
380 2656 590 2734 archangelos,
612 2656 675 2716 sive
691 2657 827 2717 caelestes
845 2658 985 2733 virtutes,
1010 2659 1073 2718 sive
1121 2661 1186 2740 qui,
1202 2665 1237 2719 nt
1250 2659 1379 2719 minime
1394 2658 1519 2718 fortuito
1542 2677 1578 2717 ac
1594 2662 1711 2717 temere
1724 2657 1851 2731 coaluit,
1863 2665 1891 2719 et

303 2749 434 2809 visibilia
450 2749 568 2823 omnia,
582 2754 614 2809 et
626 2748 802 2823 invisibilia,
823 2750 891 2810 haec
904 2748 987 2809 illius
999 2768 1072 2829 pro·
1123 2752 1212 2813 initio
1223 2750 1339 2825 extitit3
1355 2750 1398 2809 ita
1411 2767 1513 2829 neque
1526 2749 1592 2809 sine
1614 2766 1739 2809 summo
1767 2749 1891 2810 consilio

304 2840 441 2902 videntia
453 2841 618 2917 fruuntur3
632 2859 668 2901 ac
685 2841 710 2899 si
724 2841 790 2918 ejus
808 2840 968 2901 efficientia
984 2843 1074 2902 desti-
1121 2863 1157 2905 ac
1170 2845 1288 2905 ratione
1304 2843 1492 2903 continetur.

305 2932 861 3010 tuantur,abeunt,etdiffluru1t,ac
884 2939 1069 3012 perennc.»
1166 2937 1246 2995 Vlll.
1270 2934 1478 3009 Quamobrem
1501 2939 1536 2993 ut
1555 2934 1636 2993 inter
1657 2934 1846 2995 creationem
1862 2941 1891 2995 et
1944 2960 1990 3003 a„

305 3025 358 3100 hc,
374 3025 401 3085 si
415 3025 618 3104 providentia,
640 3031 676 3085 ut
694 3043 787 3104 supra
807 3024 978 3100 docuimus,
994 3026 1074 3086 nihil
1122 3028 1398 3099 conservationem,
1414 3026 1456 3086 sic
1472 3026 1553 3086 inter
1566 3024 1671 3085 ambas
1686 3026 1754 3101 bas,
1778 3032 1810 3086 et
1821 3044 1889 3105 pro-
1916 3023 2013 3109 m

305 3116 390 3177 aliud
408 3122 464 3193 est,
486 3135 581 3196 quam
604 3135 711 3177 rerum
736 3135 810 3176 cura
831 3123 1072 3196 procreatarum,
1123 3120 1301 3193 videntium,
1321 3118 1487 3179 discrimen
1510 3117 1713 3197 perpusillum
1735 3123 1792 3193 est,
1815 3130 1889 3198 θθτῇ
1921 3120 2007 3216 ,Ἐξ

305 3214 351 3269 θεῖ
371 3215 476 3270 autem
496 3228 577 3270 curae
599 3228 681 3288 pars,
702 3208 881 3287 functioque
905 3210 1072 3289 praecipua,
1123 3211 1299 3289 ἔκινσ1ᾳεοίθ,
1312 3211 1345 3271 id
1354 3215 1400 3271 θεῖ
1408 3210 1523 3270 ratione
1532 3211 1759 3270 constatllere
1768 3210 1890 3289 quidem
1910 3226 2014 3285 μμεει

307 3300 454 3362 adhibere
478 3302 679 3381 diligentiam,
701 3307 737 3362 ut
760 3320 824 3363 esse
849 3309 1023 3382 perseveret
1043 3303 1074 3363 id
1122 3303 1188 3384 ipsa
1210 3303 1365 3378 convenit,
1388 3320 1453 3363 non
1474 3320 1563 3383 posse
1585 3308 1701 3362 creatas
1721 3320 1783 3377 res,
1805 3303 1890 3363 nisio

306 3392 388 3472 quod
396 3401 589 3471 procuratur,
597 3413 719 3456 necesse
728 3400 784 3469 est,
796 3394 1071 3469 conservationem,
1123 3397 1186 3457 Deo
1211 3400 1446 3468 conserventur,
1479 3399 1510 3455 et
1536 3395 1602 3473 ejus
1623 3393 1820 3473 procidentia
1848 3413 1891 3455 re

306 3502 376 3562 quae
402 3502 508 3545 rerum
534 3489 716 3548 exstantiam
744 3492 859 3559 tuetur,
887 3487 986 3566 ipsam
1010 3505 1075 3548 esse
1124 3493 1248 3567 gantrn,
1263 3488 1344 3547 tueri
1359 3505 1391 3547 se
1404 3492 1497 3565 atque
1511 3486 1686 3546 consistere.
1699 3487 1891 3547 Demonstrat

306 3576 543 3655 providentiam.
560 3580 666 3641 «Nihil
679 3581 764 3640 enim
778 3597 898 3655 eorum,
909 3585 1072 3658 quaesunt,
1122 3580 1182 3641 hoo
1197 3581 1344 3659 Origenes
1358 3580 1437 3639 libro
1451 3583 1537 3639 sexto
1551 3585 1655 3639 contro
1670 3576 1790 3639 Celsum
1807 3578 1845 3637 iis
1856 3596 1890 3638 ex

306 3675 512 3745 permaneret,
528 3677 563 3732 ut
572 3671 615 3732 ait
625 3673 777 3733 Maximus
785 3673 908 3752 Tyrius,
920 3671 980 3731 nisi
994 3672 1075 3732 Deus
1123 3673 1262 3751 Apostoli
1288 3672 1390 3732 verbis
1415 3691 1423 3731 z
1448 3669 1591 3746 Quoniam
1619 3688 1657 3730 ec
1684 3669 1761 3751 ipro,
1786 3679 1818 3743 et
1840 3688 1892 3751 per

306 3757 389 3819 illius
402 3767 546 3823 naturam
559 3764 734 3842 attingeret,
745 3783 780 3825 ao
793 3763 890 3824 veluti
903 3768 1073 3824 contrecta·
1124 3765 1230 3844 ipsam,
1244 3771 1272 3823 et
1286 3764 1320 3824 in
1334 3765 1398 3844 ipso
1412 3769 1482 3823 snat
1492 3762 1619 3822 omnen&
1635 3762 1755 3836 Quibus
1773 3768 1891 3822 «ostar

307 3849 384 3912 reti.
400 3873 415 3909 a
438 3853 510 3914 ldeo
536 3876 552 3913 a
561 3856 787 3934 providentiam
809 3860 898 3916 vocat
911 3855 1075 3934 Gregorius
1124 3856 1183 3929 dit,
1212 3856 1328 3934 iuquit,
1355 3856 1544 3934 principium
1576 3854 1762 3915 subsistendi
1790 3872 1891 3915 rerum

307 3941 514 4008 Nazianzenus
529 3953 626 4009 totam
642 3949 724 4010 banc
737 3948 971 4010 universitatem
982 3947 1077 4008 conti·
1124 3948 1266 4008 omnium
1280 3947 1314 4008 in
1326 3964 1374 4023 eo,
1390 3947 1474 4026 quod
1487 3947 1571 4022 dicit,
1584 3964 1623 4007 ex
1636 3947 1721 4026 ipso;
1737 3963 1891 4006 conscrva-

344 4324 364 4363 o
382 4308 486 4363 vcors.
509 4323 568 4378 cap.
589 4323 653 4362 1111.
672 4307 708 4362 Oi
721 4308 768 4380 γὰρ
784 4309 860 4361 τοῦτο
883 4305 934 4361 ἔστι
961 4308 1074 4379 πρόνοια,
1160 4307 1181 4363 d
1200 4303 1614 4377 Μ11.Τ111.01θ1.1.Τίγθρᾶν
1624 4303 1665 4357 καί
1679 4309 1729 4358 τῶν
1740 4305 1891 4369 tueretur

307 4391 348 4443 καί
356 4390 442 4450 κτίσις·
457 4390 557 4453 κτίσεως
571 4390 613 4461 μὲν
638 4389 685 4463 γθρ
701 4391 731 4444 ab
753 4391 835 4453 καλῶς
855 4393 955 4457 ποιῆσαι
966 4388 998 4442 τὰ
1009 4391 1075 4462 γινθ-
1125 4391 1163 4444 θτι
1178 4388 1211 4462 μὴ
1224 4394 1267 4443 τοῦ
1281 4390 1336 4442 θεοῦ
1352 4387 1536 4459 ἔπαφησαρίνον
1547 4393 1589 4455 τῆς
1602 4387 1694 4441 ἐκείνου
1708 4388 1817 4459 φύσεως

308 4492 379 4545 μενοι·
395 4474 497 4545 πρόνοια
506 4473 531 4525 δὲ
545 4473 575 4526 ab
591 4475 673 4535 καλῶς
687 4471 851 4545 ἐπιμελεῖσθαι
863 4479 912 4526 τῶν
927 4473 1074 4545 γενομένων.
1161 4489 1176 4529 θ
1196 4474 1261 4531 Nar.
1277 4474 1353 4529 Orat.
1369 4471 1406 4527 de
1425 4474 1554 4543 Pauper.
1576 4487 1686 4527 acuere.
1708 4471 1756 4524 Καὶ
1780 4472 1891 4543 πρόνοιαν

344 4557 452 4612 blasi.
469 4557 549 4627 Resp.
565 4555 600 4611 ad
618 4572 665 4626 qu.
679 4574 717 4612 11.
742 4555 860 4625 Ἐποίησε
873 4555 921 4629 γὰρ
943 4554 987 4623 τὴν
999 4556 1075 4609 κτίσιν
1126 4554 1255 4628 εἰσάγομεν
1270 4554 1313 4623 τὴν
1335 4556 1406 4608 τοῦδε
1432 4558 1475 4606 τοῦ
1490 4554 1578 4615 παντὸς
1596 4552 1735 4620 συνεκτικὴν
1751 4553 1793 4606 καί
1813 4555 1891 4607 σονθτ·

308 4637 353 4691 οθκ
362 4633 435 4692 οὖσαν
448 4641 577 4711 πρότερον,
598 4640 724 4710 βουληθείς
733 4640 815 4705 αὐτὸς,
829 4642 858 4709 ἣν
872 4639 998 4712 τῇίαυτοῦ
1021 4657 1078 4711 προ·
1125 4641 1203 4707 τικήν·
1221 4637 1272 4692 ἐπεὶ
1285 4638 1326 4691 καί
1337 4636 1473 4709 προνοητὴν
1490 4630 1552 4689 εἶναι
1568 4642 1656 4690 τοῦτον
1673 4632 1708 4689 ὧν
1718 4636 1822 4705 ποιητὴν
1835 4629 1891 4688 riser

308 4721 363 4792 volqr
372 4719 397 4774 ἐν
406 4726 443 4792 τῷ
458 4715 520 4773 εἶναι
534 4722 652 4794 διατηρεῖ,
667 4724 725 4794 ὅπερ
741 4721 791 4776 ἐστί
805 4725 882 4776 ποιεῖ.
1127 4721 1268 4794 ἀναγκαῖον.

342 4807 475 4861 00111111.
496 4803 530 4858 Oi
543 4807 672 4877 παρήγαγε
684 4806 846 4877 μόνονθθεθς
856 4805 900 4874 τὴν
910 4806 1000 4871 κτίσιν,
1012 4804 1077 4858 ἀλλὰ
1163 4804 1184 4878 s
1199 4805 1380 4862 Ν188θ11.οἰί.
1405 4820 1423 4859 a
1452 4805 1579 4860 Damaso.
1599 4804 1634 4857 Τὸ
1646 4804 1670 4857 θ’
1680 4798 1712 4855 αὖ
1721 4802 1892 4874 aethiophu-

307 4889 347 4940 καί
360 4888 522 4960 παρκχθεῖσαν
536 4886 611 4955 «driu
635 4891 771 4959 συγκροτεῖ.
795 4891 840 4942 κᾶν
869 4888 985 4961 ἀγγέλους
999 4886 1077 4961 εἴπῃς,
1126 4888 1189 4963 γαῖά
1197 4908 1234 4954 τε,
1246 4888 1286 4940 καί
1297 4888 1376 4959 ίίλογα
1389 4881 1453 4940 εἶναι
1462 4886 1493 4940 τὰ
1507 4888 1586 4941 θεόθεν
1606 4885 1799 4958 οἰκονομούμενσ
1812 4885 1891 4946 ramo

307 4972 353 5022 κᾶν
377 4969 559 5042 ἀρχαγγεθοος,
583 4973 627 5023 κᾶν
649 4970 693 5032 τὰς
714 4972 766 5023 ἅνω
790 4973 919 5044 δυνάμεις,
939 4975 982 5026 κᾶν
997 4973 1078 5025 πάντα
1127 4972 1302 5043 ὁμολογήσειεν
1318 4968 1387 5031 εἰδὼς
1400 4971 1437 5022 θτι
1452 4969 1467 5023 θ
1480 4970 1533 5032 θεθς
1546 4970 1621 5042 λόγος
1636 4967 1698 5039 ἐστὶ,
1713 4970 1755 5022 καὶ
1763 4967 1848 5039 capla,
1856 4968 1892 5017 κοί

310 5051 393 5113 ἁπλῶς
406 5051 438 5104 τὰ
450 5051 538 5122 ὁρατὰ,
551 5051 592 5104 καί
605 5052 637 5105 τὰ
656 5053 759 5126 ἀόρατα,
776 5059 818 5122 τῆς
831 5056 947 5127 προνοίας
961 5054 1078 5108 ἀκολουθεῖ
1127 5056 1195 5108 πᾶσα
1210 5052 1293 5126 ἀρετὴ,
1316 5054 1358 5106 καί
1370 5052 1480 5119 ἀλήθεια·
1499 5051 1568 5106 οὐδὲν
1589 5051 1615 5105 δὲ
1628 5052 1708 5122 λόγου
1726 5052 1827 5123 ἄλογον,
1842 5046 1891 5102 etot

309 5136 352 5199 τῆς
372 5130 471 5185 ἐκείνου.
492 5136 537 5186 κᾶν
556 5133 635 5207 ἔρημα
657 5137 756 5207 γένηται
777 5140 821 5202 τῆς
842 5135 960 5210 ἐνεργείας
978 5135 1076 5204 ἐκείνης,
1128 5145 1171 5190 τοῦ
1186 5141 1261 5209 σοφοῦ
1274 5136 1376 5206 ἄσοφον·
1398 5134 1450 5188 οὐδ’
1470 5138 1499 5188 ἂν
1518 5135 1633 5208 ἡάρετὴ,
1647 5135 1689 5187 καὶ
1709 5134 1807 5202 ἀλήθεια
1821 5131 1891 5202 nat

309 5212 415 5286 οἴχεται,
427 5213 467 5265 καὶ
480 5214 583 5286 traditi,
597 5217 638 5269 καί
653 5217 797 5272 ἀπόλλυται.
1064 5219 1066 5223 ’
1130 5218 1252 5291 ἐνάρετον,
1267 5220 1306 5272 καί
1321 5218 1367 5281 ἔξω
1379 5222 1423 5272 τοῦ
1438 5217 1542 5285 ἀληθοῦς
1554 5216 1720 5279 auaritiam.

336 5448 347 5490 l
361 5447 419 5489 Rom.
431 5456 462 5497 n,
474 5445 507 5489 111.
