3952 6170
336 362 386 423 nt
405 362 481 425 ΒΕΘ
501 362 644 440 DEIQUE
664 365 1012 441 PROPRIETATIBUS,
1033 362 1107 425 LIB.
1129 360 1183 439 111,
1204 358 1288 422 ule.
1310 358 1363 420 lx.
1585 356 1644 417 tet

71 527 240 590 sufem.
263 528 346 588 Saue
363 546 422 608 ego
440 544 507 589 non
525 547 597 590 sum
617 529 703 591 locus
725 531 824 593 sedin
873 531 964 593 librio
975 530 1187 592 continentem
1201 521 1481 588 etastinememl.
1496 542 1512 580 a
1528 522 1564 582 ln
1581 537 1644 601 quo

72 622 150 693 loco,
171 625 259 698 atqm
283 620 328 680 ita
350 622 597 703 unumquodque
621 641 731 683 eorum
752 641 823 703 quae
874 625 913 685 nd
924 624 1020 685 Esaiae
1034 624 1140 684 locam
1148 621 1238 682 illum
1249 618 1384 700 respexit
1395 616 1503 696 capitis
1514 614 1645 694 quadra-

72 719 145 774 sunt.
156 712 239 786 Quod
247 712 332 773 enim
343 714 533 791 continetur,
546 716 753 777 acontinente
764 716 823 777 ‹lif-
873 716 983 796 gesimi
995 732 1090 795 quem
1103 714 1196 794 paulo
1212 717 1304 774 antes
1320 709 1536 790 descripsimus
1549 727 1556 767 z
1572 705 1644 782 Oura

72 804 133 866 lert.
154 804 291 866 Divinum
309 823 383 867 vero
401 824 522 869 numen
538 826 559 868 a
577 807 663 868 nullo
682 826 823 889 compre·
873 827 988 870 meiana
1000 817 1044 868 eat
1052 806 1166 890 pupillo
1179 823 1271 887 oquae
1284 812 1314 865 et
1327 802 1410 864 caelos
1420 800 1520 882 palmo
1530 797 1642 880 ponde-

73 898 189 959 bcnsnm
202 898 374 959 necessario
396 899 503 978 ipsum
526 899 585 961 sibi
602 900 688 961 locus
710 906 820 962 emt.»
873 900 977 962 ravit?
1006 901 1123 975 Quibus
1149 898 1251 959 verbis
1272 895 1424 957 contineri
1449 895 1550 954 abeo
1574 891 1644 953 uni-

74 989 126 1050 Ubi
144 989 344 1069 pulcherrima
364 991 443 1052 ratio
464 992 603 1053 redditur
619 1011 675 1054 cur
692 994 741 1054 sui
758 994 824 1073 ipse
873 1012 961 1056 verse
972 993 1134 1073 significat,
1149 993 1234 1053 etita
1245 989 1396 1051 contineri
1405 993 1440 1047 ut
1449 1004 1544 1066 supra
1554 989 1586 1046 et
1592 1002 1644 1045 ex-

73 1082 146 1142 loma
164 1082 289 1159 dicetur,
311 1101 426 1163 nempe
447 1085 532 1163 quod
556 1085 686 1147 anullo
703 1086 775 1162 alio,
791 1087 824 1147 id
872 1092 920 1149 tra
945 1088 998 1148 illc
1021 1087 1055 1148 in
1080 1088 1270 1148 immensum
1303 1086 1416 1162 pateat.
1445 1081 1482 1140 Et
1514 1082 1643 1157 apparet

73 1174 204 1254 qnodloci
211 1176 433 1256 propriumest,
445 1176 597 1238 contineri
603 1179 708 1257 possit,
717 1196 825 1259 quem·
872 1180 986 1260 triplici
996 1198 1103 1241 rerum
1116 1179 1170 1240 illa
1185 1182 1273 1258 parte
1290 1192 1398 1236 earum
1410 1172 1642 1234 universitatem

72 1265 223 1327 admodum
244 1273 275 1327 et
294 1286 314 1328 a
335 1287 368 1329 se
390 1286 455 1369 esse
474 1268 587 1331 dicitur
598 1271 672 1350 quis
684 1271 724 1332 ab
735 1271 823 1333 nullo
873 1274 1016 1353 exprimi,
1038 1279 1074 1333 ut
1092 1270 1271 1333 Aristoteles
1288 1267 1377 1329 initio
1399 1266 1471 1327 libri
1491 1264 1584 1343 primi
1607 1261 1643 1323 de

72 1357 185 1419 mli&
875 1363 954 1427 Celo
979 1366 1065 1426 testis
1086 1369 1152 1437 est,
1176 1363 1231 1443 qui
1258 1360 1320 1422 trra
1344 1358 1419 1420 dicit
1445 1374 1504 1418 eoae
1529 1354 1640 1416 menia

105 1450 151 1510 lll.
176 1450 222 1511 Sic
244 1451 452 1514 Tertullianus
481 1451 620 1516 adorram
646 1455 822 1518 Proteum:
876 1458 1032 1537 «Quippe
1044 1463 1080 1518 ut
1093 1454 1294 1537 Pythmoreis
1308 1450 1440 1533 placet,
1432 1466 1536 1530 1psum
1548 1464 1642 1509 omne

74 1542 167 1602 «Ante
188 1543 294 1603 omnia
314 1545 397 1605 Deus
415 1550 482 1607 erat
501 1546 596 1622 solus,
620 1548 686 1627 ipse
711 1547 769 1609 sibi
792 1554 824 1610 et
872 1555 904 1609 et
914 1568 1019 1610 omma
1037 1550 1174 1610 ternario
1188 1546 1316 1608 definita
1334 1549 1417 1605 sant.
1434 1540 1597 1603 Namfinis
1611 1545 1643 1600 et

70 1634 324 1696 mnndusetlocus
338 1637 518 1699 etomuia¹.
533 1639 823 1702 »EtAntioebenus
872 1642 1011 1703 medium
1036 1648 1067 1703 et
1089 1641 1214 1701 initium
1239 1654 1408 1700 numerum
1432 1633 1560 1708 hebent,
1586 1632 1641 1711 qui

71 1726 696 1813 l‘beopbilusinsecundoadAutolpcom.
713 1734 822 1795 «Nihil
871 1752 968 1813 1ps1us
979 1734 1153 1794 omnisest
1157 1754 1194 1793 ,ν
1320 1778 1322 1782 »
1441 1764 1446 1771 ·

70 1818 229 1880 enimcum
253 1821 318 1881 Deo
338 1821 455 1898 floruit,
480 1823 533 1884 sed
557 1826 715 1904 cumipse
738 1825 823 1888 locus
912 1827 978 1887 llll.
1001 1826 1246 1887 Exiisveterum
1258 1820 1379 1903 placitis
1391 1821 1430 1882 de
1443 1819 1499 1881 nsi
1508 1819 1641 1879 immen-

70 1930 137 1973 ιιιε
146 1918 220 1973 esset
238 1931 275 1974 ac
298 1914 415 1975 nullius
427 1915 597 1994 indigeret,
613 1921 671 1977 etc.
686 1938 701 1975 ν
716 1919 754 1979 Et
764 1920 821 1981 Mi·
871 1919 960 1980 sitetc
973 1937 1044 1998 quae
1057 1919 1209 1992 hactenus
1225 1915 1376 1989 recensui,
1392 1912 1418 1973 si
1432 1912 1501 1991 quis
1515 1910 1596 1970 inter
1609 1928 1641 1970 se

70 2005 166 2064 nucim
178 2005 274 2066 Felix:
294 2028 310 2063 a
333 2007 391 2080 Qui
409 2014 481 2068 ante
493 2008 648 2070 mundum
661 2009 822 2073 fueritsibi
871 2028 1049 2091 comparare
1072 2011 1206 2072 voluerit
1222 2008 1338 2081 omnia,
1358 2008 1556 2084 cognosceret
1578 2021 1642 2081 quo

69 2097 359 2176 iWWmffld⁰·”
871 2121 964 2166 sensu
986 2106 1086 2165 Deum
1112 2104 1166 2165 alii
1186 2102 1305 2181 ubique
1327 2117 1392 2160 esse
1418 2096 1564 2170 dixerint,
1588 2095 1642 2155 alii

102 2189 181 2265 Quod
202 2191 378 2253 Bernartius
390 2191 434 2251 sic
449 2201 593 2255 enarrat:
620 2216 635 2253 ε
647 2193 730 2255 Alias
747 2214 821 2257 vero
870 2215 1037 2276 nusquam,
1053 2197 1106 2258 alii
1120 2202 1152 2257 et
1163 2196 1360 2274 nusquamst
1371 2190 1500 2269 ubique,
1516 2188 1642 2249 utinter

69 2280 181 2343 abierat
189 2289 355 2363 antequem
365 2284 612 2363 mundusfieret,
626 2287 670 2347 ibi
682 2292 738 2349 est.
751 2288 822 2349 Non
870 2288 947 2350 elios
962 2289 1101 2350 Plotinus
1114 2288 1137 2349 ⁶.
1152 2287 1274 2350 Etenim
1283 2284 1432 2364 quoniam
1440 2282 1472 2342 id
1485 2281 1571 2361 quod
1584 2280 1641 2340 eli·

69 2375 190 2453 eoquod
201 2394 323 2454 quaeras
334 2376 417 2437 ultra
428 2377 481 2437 nbi
494 2385 576 2455 erat,
593 2383 707 2458 praeter
717 2379 821 2460 ipsum
871 2380 943 2443 cubi
957 2387 1014 2457 est,
1030 2383 1064 2442 in
1079 2382 1149 2442 loco
1163 2386 1219 2457 est,
1235 2378 1321 2458 quod
1333 2382 1439 2438 numm
1449 2379 1499 2434 est
1511 2374 1546 2434 in
1559 2374 1639 2450 loco,

68 2465 443 2549 mbflemt.mgoinseipso
449 2468 548 2531 erat².
557 2491 572 2529 ν
584 2470 823 2534 Cuiooncorsest
871 2491 908 2534 eo
922 2474 1100 2535 continetur
1112 2478 1144 2534 et
1157 2471 1295 2533 ambitur
1305 2486 1409 2547 neque
1421 2465 1515 2527 letius
1524 2465 1640 2526 diffun-

68 2564 96 2617 et
112 2560 295 2639 Augustinus
316 2561 404 2643 epist.
429 2579 518 2625 nuru.
546 2565 753 2642 «Quomodo,
776 2566 823 2626 in-
871 2567 956 2628 ditur
973 2585 1069 2646 quam
1085 2566 1169 2627 illins
1192 2569 1239 2626 ert
1260 2560 1470 2634 intervallum,
1491 2565 1528 2619 ut
1547 2558 1641 2638 paulo

69 2651 822 2737 quit,ubiqueaiinseipso?Ubiquesciiicet,quie
870 2660 1034 2721 antePhilo
1044 2657 1294 2733 dicebet,idcirco
1302 2669 1459 2732 nusquam
1467 2668 1532 2711 esse
1542 2651 1642 2711 Deum

68 2761 205 2824 uuaqtmm
221 2751 267 2806 est
282 2746 402 2808 absens.
426 2747 461 2807 ln
481 2748 580 2827 seipso
601 2755 723 2825 autem,
748 2749 822 2829 quie
870 2754 1114 2833 pronuntiarunt
1121 2751 1229 2830 aliqu.
1240 2747 1374 2811 Aliisola
1378 2743 1514 2827 potentia
1525 2743 1642 2822 ubique

68 2853 122 2896 nou
141 2838 314 2899 continetur
336 2838 439 2900 abeis
466 2839 579 2918 quibus
601 2847 648 2902 est
671 2859 818 2922 presens,
870 2862 936 2906 esse
957 2845 1104 2906 dixerunt
1121 2851 1282 2923 οοδυνάμιι,
1296 2858 1367 2920 quae
1385 2838 1512 2899 illorum
1525 2836 1641 2897 locutio

67 2933 200 3008 brunam
211 2930 278 2992 sine
289 2932 334 2992 eis
347 2949 412 2992 esse
428 2949 493 2992 non
505 2933 611 3012 possit.
623 2954 640 2991 ν
662 2935 820 2996 Postremo
870 2937 1034 3017 diligenter
1047 2932 1320 2998 animadvertenda
1337 2936 1393 3006 est,
1412 2948 1453 2990 ne
1471 2928 1541 3008 quia
1559 2928 1642 2988 simi·

9 3032 11 3043 ’
67 3021 184 3083 cdillud
203 3022 289 3084 idem
310 3023 548 3103 significandum
567 3025 677 3088 attinet
698 3028 822 3106 quode
869 3029 940 3090 liter
957 3030 1080 3090 aberret
1097 3033 1191 3107 atque
1204 3031 1312 3089 auctor
1332 3022 1404 3084 libri
1419 3019 1455 3082 de
1474 3018 1586 3081 Mundo
1601 3019 1642 3081 ed

67 3111 214 3175 Platonicis
224 3115 361 3177 maxime
372 3115 602 3196 hequenmum
616 3137 681 3180 esse
694 3121 818 3198 scimus,
869 3119 1083 3189 Alexandrum,
1099 3126 1191 3198 aupue
1205 3116 1389 3196 Eugubinus
1402 3119 1433 3190 et
1446 3112 1549 3173 caeteri
1562 3130 1641 3192 quos

68 3204 151 3266 [tcum
169 3206 304 3283 initium,
327 3208 467 3270 medium
491 3229 527 3271 ac
547 3210 645 3272 tinem
662 3212 821 3274 continere
869 3231 963 3293 supra
976 3212 1215 3285 confutavimus,
1230 3210 1285 3289 qui
1299 3208 1355 3270 Dei
1367 3205 1571 3268 substantiam
1583 3223 1639 3267 nc-

67 3299 193 3360 omnium
203 3317 322 3361 rerum.
339 3302 524 3381 Quanquam
538 3303 598 3363 hoc
615 3303 741 3365 Platone
752 3305 819 3384 ipso
869 3311 985 3385 garant
992 3305 1123 3384 implere
1131 3304 1248 3378 mia,
1259 3300 1447 3363 sedsoliboc
1457 3298 1524 3377 ejus
1532 3298 1640 3358 virturti

67 3391 400 3470 antiquiusestdietum,
414 3394 574 3456 utfatetur
586 3396 652 3475 ipse
664 3396 818 3459 scribens:
869 3415 905 3458 ac
926 3397 1071 3477 potentiae
1089 3396 1279 3470 tribueramt,
1301 3390 1566 3474 quemadmodum
1584 3409 1640 3452 rex

69 3483 170 3544 «Deus
186 3502 280 3564 porro
301 3486 389 3567 (sicut
407 3487 554 3567 antiquus
565 3504 668 3549 sermo
680 3489 818 3572 testeum)
868 3496 934 3552 toto
952 3491 986 3552 in
1002 3507 1101 3569 regno
1118 3489 1235 3549 amauri
1253 3487 1377 3563 dicitur,
1397 3484 1589 3564 gubernator
1606 3485 1640 3545 in

66 3574 545 3656 pfinupinmactincmetmedia
558 3583 819 3644 rerumomnium
869 3583 952 3643 navi.
986 3582 1105 3656 Quibus
1136 3581 1310 3661 presertim
1338 3580 1479 3641 Clemens
1505 3577 1638 3638 Alexan-

66 3669 211 3730 eontineus
221 3675 307 3731 reeta
319 3672 470 3750 peragit⁶,
485 3676 543 3732 etc.
557 3693 574 3731 ν
592 3673 642 3733 Sic
653 3673 739 3734 enim
752 3675 819 3737 Pla·
868 3674 978 3735 altinus
991 3673 1185 3735 occasionem
1198 3674 1273 3735 dare
1284 3677 1397 3753 potest,
1412 3670 1468 3750 qni
1481 3670 1581 3730 Deum
1594 3668 1639 3729 af-

65 3760 185 3822 tonicam
206 3763 288 3823 banc
306 3764 492 3825 sententiam
513 3764 735 3844 interpretatur
756 3767 821 3828 tile-
868 3766 973 3827 firmet
992 3766 1164 3828 substantia
1184 3765 1294 3846 procul
1311 3782 1376 3826 esse
1393 3763 1433 3824 eb
1456 3761 1549 3823 rebus
1571 3778 1638 3822 om-

65 3868 141 3914 meus
166 3853 393 3915 Alexandrinus
418 3856 465 3915 in.
479 3854 679 3936 Protreptico,
704 3857 757 3937 qui
780 3859 820 3920 ad
868 3857 971 3933 nibus,
987 3866 1088 3936 δυνάμει
1101 3858 1291 3918 veroomnia
1304 3855 1469 3934 complecti
1483 3852 1506 3914 ⁶.
1522 3854 1640 3913 Verum

66 3941 115 4003 hoc
125 3944 207 4007 illam
224 3946 342 4025 protest
359 3952 395 4007 ut
411 3946 541 4026 probet⁸
567 3949 665 4009 Deum
687 3951 821 4012 somnis
869 3968 934 4011 non
943 3950 986 4010 sic
995 3949 1176 4029 explicanda
1184 3966 1272 4009 mens
1281 3948 1365 4008 illius
1372 3951 1472 4020 estut
1480 3945 1640 4006 absentem

65 4035 98 4094 ud
106 4055 243 4099 mensum
257 4044 289 4099 et
299 4057 432 4119 pensum
444 4041 566 4119 exigere
578 4047 685 4120 suapte
688 4041 818 4121 justitia,
869 4047 901 4102 et
909 4041 1019 4122 procul
1026 4042 1193 4102 distantem
1202 4040 1241 4101 ab
1254 4039 1350 4100 rebus
1363 4038 1473 4098 creatis
1481 4037 1565 4097 illius
1574 4054 1639 4097 esse

65 4128 273 4209 reluttrutinn,
286 4131 505 4193 universorum
516 4139 662 4194 naturam
674 4134 709 4194 in
722 4136 819 4215 aeqm·
868 4133 1074 4194 substantiam
1096 4133 1266 4212 putaverit,
1287 4132 1341 4192 sed
1363 4132 1407 4191 ita
1423 4135 1460 4190 ut
1478 4128 1551 4208 quia
1570 4146 1638 4189 cor-

64 4328 258 4405 εῐηχορόον,ιπὶ
272 4331 425 4405 tuterit-upa·
441 4332 766 4407 ότπὶαότόςξωιτῷτόπος,
780 4337 820 4389 ant
869 4336 915 4403 ov,
930 4341 985 4392 ete.

64 4413 126 4477 aitte
145 4416 231 4471 emor
252 4417 358 4489 πλήρης,
377 4417 419 4469 καὶ
440 4416 522 4480 ἱκανός
543 4419 557 4471 ό
574 4418 637 4482 θεός,
652 4417 685 4472 τὰ
698 4419 741 4492 μὲν
755 4420 821 4475 ἄλλα
905 4418 1013 4475 cPlato
1033 4417 1080 4474 lib.
1097 4418 1142 4476 lv.
1161 4416 1198 4473 de
1210 4416 1307 4488 chtb.
1331 4413 1361 4470 Ὅ
1375 4413 1418 4488 μὲν
1434 4415 1464 4483 δὴ
1479 4414 1532 4477 θὼς
1546 4416 1639 4488 imp

64 4493 146 4564 tant,
156 4500 196 4553 καὶ
209 4499 300 4573 ἔρημοι,
315 4500 357 4555 καὶ
370 4499 429 4553 κενόν
440 4501 501 4555 όντα
512 4502 675 4573 πληρῶν,Μῖ
687 4504 818 4575 περιέχων,
868 4504 908 4557 καὶ
921 4504 936 4557 ό
949 4502 1053 4575 watto
1065 4504 1151 4575 λόγος)
1170 4500 1249 4575 ἀρχήν
1268 4519 1305 4566 τε,
1326 4501 1367 4553 καὶ
1381 4497 1508 4571 τελευτὴν,
1522 4500 1564 4553 καὶ
1575 4501 1639 4573 pter

63 4578 125 4645 ates
135 4581 161 4636 tt
171 4582 217 4638 ba’
227 4582 329 4645 otene,
339 4583 417 4638 ἄλλον
426 4586 609 4658 περιεχόμενος,
622 4586 664 4639 ότε
676 4578 721 4657 εἷς,
736 4586 776 4639 καὶ
790 4586 820 4641 τό
868 4592 918 4641 τῶν
934 4587 1012 4641 όντων
1027 4584 1141 4641 ἁπάντων
1154 4585 1219 4658 ἔχων
1235 4583 1325 4638 εὐθεῖαν
1340 4582 1458 4656 περαίνει.

62 4667 103 4716 ³5*
114 4665 182 4729 ᾱῦτδε
193 4668 238 4720 ὧν·
903 4669 925 4726 d
944 4672 1029 4726 Cura.
1047 4674 1128 4726 ttrx.
1142 4667 1172 4723 Ὁ
1187 4670 1263 4741 μόνος
1278 4668 1355 4730 ὄντος
1369 4667 1432 4740 θεὸς,
1445 4665 1500 4729 ἴσος
1514 4666 1563 4735 et,
1578 4667 1639 4722 κατὰ

92 4747 313 4818 οΡοιιοεἚπεεδή
323 4768 369 4821 περ
377 4748 821 4825 αότόςίστιχώρααότοῦ,εεχωρηκὼς
868 4753 899 4808 τὰ
913 4752 984 4817 αὐτὰ,
996 4754 1037 4807 καὶ
1051 4753 1168 4815 ὼοοότως
1182 4751 1259 4825 ἔχων,
1271 4753 1395 4824 μετρεῖται
1408 4752 1500 4818 πάντα,
1514 4752 1556 4805 καὶ
1567 4752 1640 4805 orat·

62 4827 147 4896 όοετόν,
166 4834 207 4886 καὶ
228 4833 393 4906 ἐμφερόμτνος
407 4835 477 4906 μόνῳ
491 4833 582 4906 όαοτῷ·
595 4832 645 4906 ἐγὼ
657 4833 700 4907 μὶν
712 4833 758 4890 οὔτε
770 4834 820 4908 εἰμὶ
869 4839 960 4909 pairac,
982 4836 1058 4889 οἱονεὶ
1076 4836 1181 4908 τρυτάνη
1200 4838 1231 4909 τῇ
1251 4834 1407 4908 δικαιοπόνῃ,
1436 4834 1549 4903 τὴντῶν
1573 4834 1638 4888 blut

61 4916 134 4979 τόπος,
149 4916 204 4971 ἀλλ’
216 4916 242 4970 ἓν
255 4919 336 4989 τόπῳ,
351 4915 391 4970 καὶ
404 4917 506 4971 ἕκαστον
520 4924 571 4971 τῶν
584 4917 663 4972 όντων
677 4918 778 4990 ὁμοίως·
790 4919 820 4973 τό
869 4918 980 4992 tetsanae
991 4937 1020 4973 πε
1023 4919 1189 4991 ιρλαμόάνων,
1202 4918 1244 4972 καὶ
1259 4917 1446 4991 ἀνόχωνρόσιν

62 4996 284 5101 rtpmpuptpsaov
305 4972 411 5073 διαφέρει
429 5005 474 5055 τοῦ
494 5001 660 5075 περιέχοντος·
676 5000 819 5057 τόδὶόεῖον
904 5017 919 5058 e
948 5003 1039 5058 Autsr
1058 5001 1106 5058 lib
1127 5000 1194 5058 lde
1213 5001 1300 5067 Coelm
1324 5017 1349 5057 e.
1369 5016 1389 5055 1.
1417 5001 1462 5055 tat
1481 4999 1511 5053 τό
1533 4999 1564 5053 τὰ
1582 5000 1639 5073 τρία

62 5080 199 5147 νπόὒόενός
212 5085 399 5157 περιεχόμενον,
420 5083 558 5158 ἀναγκαίως
579 5083 643 5139 ἐστὶν
664 5084 725 5140 αὐτό
744 5087 820 5149 τόπος
868 5086 949 5140 πάντα
964 5079 1034 5148 εἶναι,
1048 5087 1088 5139 ml
1101 5085 1132 5139 τό
1143 5103 1194 5156 τρες
1203 5085 1295 5153 πάντη
1311 5086 1417 5157 καθάπερ
1428 5085 1476 5157 γάρ
1489 5102 1547 5155 φασι
1561 5084 1601 5137 καὶ
1614 5084 1638 5139 oi

62 5161 146 5219 tanae.
868 5169 1037 5241 Πυθαγόρειοι,
1056 5168 1086 5222 το
1104 5170 1163 5231 πᾶν,
1177 5168 1218 5220 καὶ
1234 5167 1265 5221 τὰ
1280 5167 1512 5239 πόντοιτοςτρισὶν
1524 5168 1635 5239 ὥρισται

92 5249 244 5306 bTmtoru.
259 5249 333 5306 inu2
350 5250 402 5307 ad.
419 5250 519 5308 Autol.
547 5251 583 5307 Οό
603 5253 651 5325 γάρ
672 5257 751 5325 τιτῷ
772 5253 819 5324 θειμ
868 5251 967 5320 τελευτὴ
982 5250 1041 5324 γὰρ,
1055 5251 1192 5323 scipione,
1211 5251 1253 5304 sat
1271 5249 1335 5323 ἀρχὴ
1320 5250 1391 5318 brba
1405 5248 1506 5324 ἀριθμόν
1526 5250 1579 5325 ἔχει
1595 5252 1638 5306 τόν

63 5332 211 5405 crispante·
228 5332 287 5386 ἀλλ’
298 5332 371 5397 ὠτός
391 5332 479 5388 ἑαυτοῦ
497 5337 572 5397 τόπος
586 5337 634 5402 ὢν,
648 5336 693 5389 παὶ
707 5306 820 5405 ἀνενδεὴς
868 5337 1022 5398 τοῦπαντός.

85 5510 154 5568 tcsp.
164 5523 185 5555 v.
196 5509 308 5616 -Ltnlalpi
318 5510 456 5617 {demum
469 5523 517 5570 περ.
530 5513 617 5558 vt-a
628 5512 680 5569 Ρες.
691 5513 726 5559 at.
738 5512 792 5558 adit.
806 5511 871 5558 fletu.
884 5512 958 5557 utitur
968 5520 991 5558 et
1006 5514 1082 5570 sputa.
1093 5519 1149 5558 οεεε.
1166 5512 1193 5557 tc
1209 5511 1315 5568 nep-t
1326 5510 1382 5556 Plot.
1401 5513 1459 5557 Εοο.
1477 5525 1507 5557 ιι.
1520 5511 1561 5556 lib.
1578 5512 1637 5567 vlit,

87 5584 152 5626 pru,
163 5574 211 5615 -5
266 5606 271 5617 .
399 5608 404 5618 .
