3942 6168
353 327 403 386 DE
423 325 496 386 nnn
518 324 660 398 DElQUE
681 323 1029 397 PROPRlETATlBUS,
1051 324 1123 385 Llll.
1148 324 1198 397 lll,
1221 324 1304 385 CAP.
1328 325 1350 384 l.
1585 323 1645 383 aba

73 495 120 563 et,
134 494 162 549 et
172 488 241 553 ideo
255 496 407 552 eternum
415 509 480 550 non
489 495 571 551 reete
579 489 704 550 dieitur.
720 491 826 551 altem
875 490 1051 569 nonagitur
1059 508 1152 551 eausa
1161 509 1226 551 non
1236 496 1335 551 earet:
1347 489 1431 567 quod
1440 494 1545 549 autem
1554 507 1646 550 eausa

73 583 102 642 11
115 581 187 642 libro
204 583 369 645 undecimo
393 581 626 662 Corsesn'onum,
648 583 748 661 eapite
766 600 823 644 rr:
875 600 941 642 non
960 588 1054 659 earet,
1075 600 1177 662 neque
1198 588 1244 643 est
1263 581 1425 644 immobile
1445 582 1552 661 :quod
1571 600 1645 643 vero

76 674 166 734 111111
183 681 254 735 1111
270 676 383 736 eoelum
405 680 436 736 et
454 680 548 735 terra.
566 676 726 735 Mutantur
740 675 826 736 enirn
874 673 1037 736 immobile
1061 693 1127 736 non
1150 681 1205 749 est,
1228 674 1358 736 omnino
1377 680 1504 753 propter
1520 691 1645 735 eausam

72 770 152 844 atque
161 767 328 829 variantur.
344 767 501 846 Quidquid
515 772 621 827 autem
634 766 752 828 laetum
761 786 825 828 non
874 766 1012 845 aliquam
1032 774 1187 843 movetur,
1212 786 1249 828 eo
1270 767 1337 847 ipso
1356 766 1440 845 quod
1462 766 1646 827 annualiter

72 864 255 920 estettamen
264 866 395 936 estnon
405 859 541 921 estinan
555 858 728 938 quidquam
741 860 826 937 quod
875 867 1032 937 movetur,
1064 861 1104 921 ab
1134 879 1226 922 eausa
1258 865 1362 920 aetum
1396 866 1427 920 et
1460 859 1643 938 impulsum,

72 958 197 1013 antenon
205 958 280 1029 erat,
291 953 378 1032 quod
387 958 433 1012 eet
440 952 556 1013 mutari
568 957 660 1029 atque
669 951 794 1012 variari.
806 973 821 1008 ο
874 957 1001 1031 propter
1014 971 1110 1032 quam
1123 960 1153 1015 et
1166 954 1206 1014 ad
1222 970 1318 1030 quam
1331 957 1453 1012 motum
1466 952 1549 1012 feeit.
1566 952 1645 1012 Nam

73 1043 227 1104 1111111111
239 1044 321 1105 libro
335 1044 685 1122 seeundo,eapitevn1:
705 1043 826 1103 «Solus
874 1043 956 1103 nihil
973 1062 1083 1105 eorum
1103 1064 1172 1124 quae
1194 1051 1369 1119 morentur,
1386 1045 1453 1119 sine
1471 1062 1563 1105 eausa
1576 1062 1644 1104 mo-

72 1134 155 1213 igitur
174 1138 253 1198 Deus
273 1137 395 1216 estqui
415 1135 514 1197 faetus
536 1154 602 1197 non
622 1141 677 1210 est,
702 1140 734 1195 et
755 1135 825 1196 ideo
874 1136 940 1196 veri
950 1143 1062 1198 natura
1077 1156 1133 1198 sua
1147 1142 1256 1218 potest.
1269 1140 1364 1199 Porro
1379 1136 1529 1197 naturalis
1542 1141 1646 1197 motus

72 1226 209 1289 1111111111
221 1229 284 1291 alia
298 1234 409 1308 potest,
424 1228 491 1309 ipse
504 1227 622 1288 destrui
635 1246 699 1288 non
713 1234 823 1307 potest.
874 1228 978 1289 omnis
991 1230 1183 1310 principium
1190 1236 1242 1291 est
1257 1247 1367 1291 eorum
1383 1235 1469 1289 ortus
1483 1247 1555 1309 qua
1576 1247 1644 1289 mo-

73 1317 382 1400 Permanebitsemper
396 1321 478 1381 ineo
494 1320 577 1399 quod
591 1320 661 1396 fuit,
677 1319 825 1399 quianon
874 1326 996 1397 venun,
1015 1323 1207 1402 principium
1225 1329 1332 1384 autem
1345 1325 1431 1383 ortus
1450 1339 1560 1382 eorum
1574 1339 1645 1399 quae

72 1413 231 1475 estaliunde
244 1419 411 1494 generatus
424 1431 483 1475 nee
496 1418 594 1489 ortus,
610 1430 667 1473 nee
681 1413 826 1474 nativitas
874 1419 1040 1475 moventur
1052 1421 1099 1476 est
1118 1417 1210 1491 Deus,
1225 1421 1375 1495 tanquam
1393 1419 1501 1476 auetor
1519 1419 1551 1475 et
1570 1433 1644 1475 eon-

72 1503 127 1581 ejus
137 1523 172 1565 ex
183 1505 361 1585 aliquaalia
373 1524 407 1566 re
421 1506 546 1586 pendet,
562 1524 633 1584 quae
649 1505 741 1567 illum
755 1524 824 1567 mu·
874 1505 985 1567 ditort.
997 1529 1013 1565 ι)

71 1601 123 1657 tata
136 1597 286 1659 dissolvat.
303 1620 320 1655 ο
342 1598 522 1677 Fulgentius
540 1597 617 1659 item
633 1618 640 1657 ε
666 1620 681 1655 «
698 1597 825 1659 Nullum
914 1600 980 1660 Hoe
994 1600 1029 1661 in
1043 1601 1172 1663 Maximi
1192 1600 1259 1662 loeo
1274 1600 1379 1681 priora
1392 1600 1452 1660 ista
1472 1599 1566 1661 verba
1580 1618 1646 1660 non

72 1687 342 1767 babensdefectum,
354 1690 430 1770 quia
443 1709 509 1751 non
522 1708 561 1751 ex
575 1690 673 1750 nihilo
687 1690 803 1751 laetum
815 1711 822 1752 :
874 1696 955 1751 reete
974 1692 1088 1753 latinos
1101 1693 1286 1773 interpretes
1299 1692 1452 1772 accepisse
1466 1693 1535 1753 dieo
1553 1712 1559 1753 :
1576 1700 1646 1753 obeb

72 1780 176 1842 nulum
194 1782 313 1844 habens
331 1782 521 1863 profectum,
537 1782 612 1861 quia
630 1783 755 1844 nullum
768 1783 824 1844 hu·
874 1795 923 1844 τῶν
938 1791 1014 1845 ὄντων
1030 1791 1215 1864 αὗτενίργητον·
1238 1791 1306 1846 τὸδὲ
1330 1792 1363 1864 μὴ
1383 1791 1568 1864 αὐτενέργητον,
1589 1791 1646 1846 οὐδ’

72 1869 275 1935 111111ίῇ111.
291 1875 364 1935 Ideo
379 1875 623 1954 quippenaturae
637 1875 825 1937 aneofaetae
874 1881 992 1936 ἀναίτιον.
1009 1877 1088 1936 Nem
1102 1883 1276 1956 αῡτινέργησσν
1292 1894 1357 1936 111
1373 1895 1392 1934 o
1414 1894 1443 1935 se
1457 1875 1571 1956 foetum
1592 1881 1647 1936 aut

72 1965 200 2040 pnfioere
211 1973 354 2047 possunt,
372 1968 448 2046 quia
469 1984 535 2028 esse
552 1973 713 2047 ooeperunt
729 1988 736 2027 ι
755 1967 825 2028 ideo
868 1964 1046 2046 productum
1067 1968 1232 2047 signifieat,
1248 1969 1301 2029 sed
1319 1966 1397 2049 qood
1412 1987 1431 2026 o
1453 1986 1482 2028 1ο
1499 1968 1603 2047 opiter
1616 1977 1646 2029 et

71 2055 190 2133 deficere,
205 2060 281 2138 quia
291 2079 331 2120 ex
344 2059 445 2120 nihilo
459 2059 547 2121 iaetae
562 2066 645 2121 suut.
662 2060 709 2121 Ad
725 2060 824 2121 defee—
874 2059 1048 2140 impellitur,
1065 2060 1149 2139 quod
1170 2061 1205 2122 in
1225 2061 1426 2141 sequentibus
1442 2066 1570 2140 apparet
1589 2061 1644 2121 ubi

70 2152 179 2210 tumeas
191 2152 330 2212 conditio
345 2152 433 2213 ducit
441 2151 588 2231 originis,
600 2152 640 2213 ad
653 2153 825 2231 profectum
873 2150 918 2210 ita
935 2153 1021 2229 dieit,
1038 2152 1186 2234 quidquid
1200 2172 1258 2213 oon
1283 2160 1325 2213 est
1348 2150 1507 2225 immobile,
1522 2160 1646 2234 propter

70 2258 130 2301 vero
141 2244 280 2323 provehit
288 2245 430 2324 operatio
440 2245 587 2305 creatoris
596 2243 617 2305 ¹.
634 2244 825 2325 »Antipater
872 2262 989 2305 eausam
1009 2245 1141 2326 aliquam
1155 2245 1277 2313 moveri,
1294 2252 1464 2326 ἐνεργσύμινσν
1478 2258 1515 2323 τῷ
1528 2254 1645 2306 κινεῖσθαι

71 2333 219 2397 murensis
231 2337 400 2417 episeopus
419 2357 426 2396 ε
453 2358 469 2394 ιι
484 2337 691 2416 Sempitema,
707 2338 822 2416 inquit,
873 2351 979 2413 φυσικῶς
993 2346 1041 2399 ὑπὸ
1054 2350 1098 2414 τῆς
1113 2344 1204 2411 αἰτίας,
1215 2344 1311 2397 ortum
1319 2336 1533 2418 impulsumque
1541 2353 1572 2396 eo
1582 2336 1645 2417 ipso

69 2425 216 2489 enuntia
223 2429 410 2490 mutationis
419 2428 566 2490 umbram
573 2430 654 2490 ferre
664 2448 728 2489 non
736 2431 826 2490 susti·
872 2427 950 2507 quod
960 2429 1141 2490 naturaliter
1154 2436 1287 2490 monetur
1301 2449 1319 2488 a
1333 2447 1429 2502 causo,
1443 2428 1595 2489 nimirum
1605 2429 1645 2489 ab

70 2525 120 2596 net,
129 2523 285 2582 nonenim
294 2527 406 2601 potest.
419 2522 507 2595 Quod
517 2522 602 2582 enim
612 2522 709 2582 semel
721 2528 777 2599 est,
789 2543 825 2584 ae
873 2538 909 2579 eo
928 2521 991 2581 fine
1012 2522 1100 2600 eujus
1123 2522 1188 2601 agit
1206 2522 1306 2599 gratia
1326 2526 1357 2581 et
1377 2540 1395 2582 a
1415 2539 1478 2599 quo
1496 2520 1641 2581 allinitur.

70 2612 157 2672 neeab
164 2613 260 2674 altero
269 2614 363 2675 babet
372 2619 408 2673 ut
417 2614 457 2673 sit
468 2632 526 2674 neo
534 2614 662 2674 fortuito
671 2615 822 2693 quodam·
873 2613 962 2685 Quod
983 2614 1081 2692 igitur
1100 2614 1249 2674 traditum
1268 2619 1314 2673 est
1334 2612 1373 2672 ab
1392 2612 1566 2683 Aristotele,
1581 2618 1613 2673 et
1625 2632 1645 2673 a

70 2705 144 2763 uodo
152 2705 266 2766 11111111
281 2712 338 2781 est,
353 2707 412 2765 hoe
427 2724 527 2784 neque
537 2705 605 2766 lieri
615 2724 717 2785 neque
726 2712 825 2768 trans-
873 2704 1065 2785 pbilosophis
1074 2706 1271 2784 aetheologis
1284 2705 1324 2765 ad
1333 2722 1464 2765 summae
1479 2722 1578 2764 eausae
1593 2704 1642 2764 in-

69 2798 164 2856 mutari
173 2816 275 2877 neque
290 2798 430 2859 11111111
440 2804 549 2878 potest.
565 2798 823 2876 Quandoquidem
873 2799 1108 2877 vestigationem
1123 2798 1265 2859 adhiberi
1281 2796 1369 2867 solet,
1388 2795 1536 2877 quidquid
1547 2815 1642 2858 move-

69 2886 237 2966 inpossibile
247 2896 296 2950 est
310 2895 347 2950 ut
360 2891 496 2969 deponat
508 2890 541 2949 id
555 2891 639 2969 quod
652 2892 823 2953 seeundum
874 2900 941 2957 tur:
950 2889 988 2950 ob
1001 2890 1061 2951 olio
1075 2890 1195 2957 moveri,
1213 2890 1246 2950 id
1260 2890 1299 2950 de
1313 2906 1449 2949 1111111
1459 2906 1555 2967 quam
1563 2888 1641 2970 fino-

69 2985 191 3042 uatruum
204 2988 262 3042 est.
282 2982 362 3042 Nam
377 2983 493 3061 quoda
512 2983 599 3044 nullo
616 2984 742 3062 aceepit,
758 3003 823 3044 non
872 2979 1643 3058 lemvocant,intellexitlllaximusquemadmodum

69 3069 186 3150 deponit,
205 3081 237 3135 et
254 3075 341 3154 quod
364 3094 429 3135 non
450 3075 603 3154 posterius
622 3075 742 3151 habuit,
759 3095 823 3137 non
872 3077 903 3131 et
926 3073 1025 3134 Rabbi
1038 3074 1137 3134 Moses
1150 3073 1333 3133 Maiemouis
1352 3072 1436 3132 tilius
1449 3072 1525 3132 dum
1545 3078 1644 3133 moto·

69 3163 174 3225 emittit.
201 3168 322 3228 Verum
349 3166 539 3247 sempiterna
561 3167 822 3246 substantiaque
872 3181 939 3224 rem
959 3165 1099 3244 primum
1119 3183 1157 3225 ex
1173 3163 1356 3225 Aristotelea
1369 3163 1489 3224 ratione
1503 3163 1641 3237 statuit⁸,

69 3261 105 3315 est
117 3257 191 3319 solus
206 3261 302 3333 Deus,
320 3277 434 3338 nempe
449 3261 539 3321 Pater
552 3265 584 3320 et
598 3260 694 3320 Filius
707 3265 738 3319 11
752 3261 822 3339 Spi-
872 3257 1013 3317 eamdem
1032 3274 1156 3317 eausam
1175 3256 1318 3317 intexuit.
1338 3256 1382 3315 lta
1397 3256 1643 3334 pulohenimum

69 3346 823 3427 1111111111,111111111111111,οοιιν1111ο1111
872 3349 1033 3410 oonfieitur
1053 3354 1274 3427 argumentum
1297 3368 1359 3428 quo
1383 3349 1438 3408 Dei
1461 3348 1642 3409 immutabi-

68 3443 294 3503 etmutationem
303 3448 334 3503 et
343 3443 558 3504 alterationem
566 3462 631 3503 nou
640 3444 819 3524 eapienst.»
872 3440 953 3517 litas,
974 3442 1039 3502 sive
1060 3442 1145 3519 quod
1161 3441 1246 3503 idem
1266 3447 1322 3515 est,
1340 3439 1544 3501 immobilitas
1563 3440 1644 3501 affir-

100 3531 132 3591 11.
151 3534 363 3596 Memorabilis
372 3535 412 3595 ad
422 3535 562 3596 eamdem
577 3536 764 3597 sententiam
778 3542 825 3597 est
873 3540 986 3595 matur.

68 3622 176 3686 blaximi
193 3627 283 3688 loeus
307 3627 391 3707 apud
415 3626 651 3707 Euthymium²,
676 3645 771 3706 quem
793 3635 825 3690 et
912 3626 1036 3687 Etenim
1058 3625 1211 3704 quidquid
1241 3630 1384 3686 movetur
1412 3630 1466 3685 aut
1493 3629 1642 3699 mittatur,

67 3714 446 3799 11111111(1111111111111δ
460 3720 575 3780 attulit.
593 3719 673 3779 Huie
692 3738 766 3781 vero
781 3722 825 3782 la·
873 3725 1016 3781 movetur
1031 3718 1071 3778 ab
1084 3719 1191 3793 altero,
1209 3717 1269 3779 hoe
1287 3723 1334 3779 est
1347 3718 1474 3778 alterius
1487 3717 1598 3796 gratia,
1614 3723 1645 3778 et

27 3890 31 3896 1
66 3804 114 3866 tini
126 3808 183 3870 duo
198 3812 396 3891 interpretes,
412 3811 473 3871 viri
489 3811 583 3888 doeti,
599 3829 734 3890 quorum
748 3813 825 3875 alter
872 3811 912 3871 ab
931 3831 969 3873 eo
990 3816 1141 3891 tanquam
1164 3811 1238 3887 line,
1264 3811 1304 3871 ed
1325 3811 1483 3889 agendum
1506 3809 1642 3889 pellitur.

13 3898 46 3987 Ἀ
68 3898 256 3979 Euthymium
278 3903 387 3978 vertit,
410 3904 488 3965 alter
510 3905 666 3964 loannem
685 3906 825 3984 Cyparis-
874 3905 953 3964 Nam
972 3903 1059 3964 nulla
1079 3909 1182 3964 ereata
1203 3922 1253 3964 res
1267 3903 1397 3963 ultimus
1410 3902 1470 3962 sibi
1492 3919 1557 3962 esse
1572 3901 1645 3963 finis

67 3989 176 4067 1111111,
205 3994 355 4056 mendose
384 3995 598 4056 reddiderunt.
634 3998 734 4069 Quare
767 4016 825 4059 nos
874 4001 1050 4076 potestant
1062 3997 1097 4057 in
1110 3997 1212 4075 seipsa
1224 3995 1429 4073 acquiescere.
1446 3996 1526 4054 Deus
1539 3998 1645 4054 autem

67 4100 150 4157 grece
172 4086 344 4165 latineque,
364 4093 400 4147 nt
423 4088 552 4169 quidem
574 4088 825 4169 interpretandus
874 4107 945 4149 eum
955 4107 1114 4149 summum
1128 4093 1159 4148 et
1172 4086 1332 4148 infinitum
1347 4086 1467 4147 bonum
1476 4086 1527 4159 sit,
1543 4103 1644 4165 neque

66 4172 183 4253 ridetur,
195 4179 249 4239 hie
261 4197 335 4240 eum
349 4180 577 4240 describemus:
597 4201 613 4237 e
622 4180 708 4240 Nihil
715 4198 825 4242 eorum
874 4186 961 4242 extra
970 4200 1002 4242 se
1011 4186 1066 4241 aut
1076 4199 1140 4241 non
1150 4184 1275 4260 propter
1285 4197 1316 4239 se
1326 4179 1498 4258 quidquem
1505 4183 1642 4257 expetat:

66 4272 824 4353 ·1naesunt,oseipsoagitur;quodoutemaseipso
874 4273 935 4334 sibi
945 4273 1031 4334 enim
1041 4274 1128 4335 omni
1137 4271 1393 4352 expertesuffieit
1409 4270 1644 4333 :moverinullo

96 4520 210 4578 aisne
239 4520 316 4594 apud
331 4523 460 4578 Damaso·-
475 4537 534 4593 cap.
558 4539 567 4575 1
597 4521 744 4595 Ἐιλογῶν,
765 4524 824 4579 site
872 4523 912 4576 rel
928 4522 1126 4595 persistebant
1143 4523 1274 4577 tuotone
1288 4522 1332 4576 οὐκ
1345 4520 1513 4594 ἔπιδεχομένη.

66 4602 197 4661 Porallel.
217 4606 312 4667 Ἀΐδισς
325 4605 500 4678 σ1σ1στρσσ11ς
514 4605 671 4678 ἀποσκίασμα
683 4607 766 4659 παθεῖν
781 4606 824 4659 οὖα
909 4607 926 4662 ὁ
946 4608 1048 4663 Manu.
1069 4607 1143 4678 apud
1170 4607 1302 4678 Euthym.
1328 4622 1362 4662 ex
1387 4605 1472 4676 hujus
1496 4606 1646 4679 Panoplte

65 4679 173 4755 ἆνέχετιιι·
189 4689 243 4745 οὔτε
264 4689 311 4761 γὰρ
325 4688 433 4742 &rerer
458 4688 486 4742 rb
507 4688 554 4761 γὰρ
576 4686 639 4750 ἅπαξ
652 4690 692 4755 ὃν,
707 4689 747 4741 καὶ
762 4691 823 4760 ete
876 4691 987 4745 Graeca.
1017 4688 1094 4744 abab
1122 4694 1171 4743 τῶν
1195 4690 1272 4743 ὄντων
1301 4687 1482 4761 αὗτενέργητον·
1512 4689 1541 4742 τὸ
1562 4687 1588 4742 δέ
1611 4688 1643 4761 μὴ

39 4832 45 4839 ¹
65 4768 113 4836 ἔφ’
125 4767 204 4842 ἑτέρου
217 4772 276 4845 ἔχον
291 4772 320 4824 τὸ
335 4766 406 4836 εἶναι,
422 4774 485 4843 μήτε
499 4769 522 4832 ἔξ
533 4771 670 4843 ιῶτομάτοο
684 4778 737 4832 πῶς
750 4790 821 4843 pero·
873 4772 1063 4845 αὗτενέργητον,
1079 4772 1131 4826 οὐδ’
1153 4771 1269 4827 ἀναίτιον·
1293 4772 1322 4826 τὸ
1343 4773 1370 4825 δὲ
1391 4772 1423 4844 μὴ
1446 4772 1572 4838 ἀναίτιον,
1593 4771 1645 4825 oto‘

64 4848 109 4914 *⁸052
122 4857 193 4906 teneo
204 4856 324 4928 γενέσθαι,
339 4856 355 4922 ἢ
371 4854 627 4927 permeantium
643 4859 823 4927 μετατραπῆναι
872 4853 995 4923 ἀκίνητον·
1011 4855 1041 4909 eb
1055 4854 1082 4909 δὲ
1096 4855 1129 4927 μὴ
1145 4854 1268 4925 ἀκίνητον,
1284 4854 1316 4908 δι’
1330 4853 1409 4909 αἰτίαν
1423 4857 1523 4908 κινεῖται
1537 4856 1644 4919 πάντως,

63 4929 177 4988 &iterem
194 4936 273 5007 έπειδὴ
296 4937 424 4991 ἀποθέσθαι
448 4937 478 4991 τὸ
507 4931 568 4990 εἶναι
595 4939 655 5010 ὅπερ
683 4936 735 4991 loti
762 4937 823 4991 κατὰ
872 4936 1040 5010 ένεργοῧμευον
1061 4943 1097 5010 τῷ
1109 4939 1224 4991 κινεῖσθαι
1244 4943 1349 5010 φυσικῶς
1368 4937 1417 4991 tet
1437 4943 1481 5005 τῆς
1502 4935 1598 5002 αἰτίας,
1612 4937 1645 4988 δι’

63 5014 292 5081 1111ὰῶ11111
312 5020 358 5093 γὰρ
379 5020 423 5073 oie
438 5018 540 5087 ἔλαθεν,
559 5019 603 5073 oia
616 5020 765 5075 ἀποτίθεται·
781 5023 822 5073 καὶ
871 5024 911 5089 ἣν,
926 5023 966 5075 καὶ
981 5022 1040 5094 πρὸς
1061 5024 1091 5089 ἣν
1112 5025 1218 5076 ποιεῖται
1238 5023 1282 5091 τὴν
1309 5022 1414 5090 κίνησιν,
1442 5020 1511 5074 oleta
1538 5020 1645 5092 γὰρτΐον

63 5096 178 5173 limpor
197 5103 239 5157 eia
260 5102 349 5176 ἔσχεν,
369 5102 413 5157 oie
433 5101 608 5157 ἆποὸάλλεται·
631 5102 689 5156 ἀλλ’
709 5102 724 5170 ἡ
747 5099 823 5166 ἀΐδιος
871 5105 1017 5177 κινουμένων
1044 5105 1161 5159 κινεῖσθαι
1183 5106 1285 5177 πέφυκεν
1307 5104 1430 5165 ἀναιτῐως·
1447 5103 1511 5176 ἀρχὴ
1526 5102 1553 5156 δὲ
1566 5104 1646 5171 πάσης

63 5178 174 5253 &libb
196 5189 267 5257 μόνος
288 5185 353 5240 totle
367 5186 382 5238 ὁ
396 5186 458 5252 θεὸς,
474 5187 584 5240 τουτέστι
598 5186 689 5258 πατὴρ,
704 5186 743 5238 καὶ
758 5185 821 5251 υἱὸς,
871 5189 987 5256 κινήσεως
1008 5191 1119 5259 φυσικῆς,
1139 5188 1154 5256 ἠ
1176 5194 1226 5242 τῶν
1246 5187 1394 5259 κινουμένων
1413 5187 1515 5258 γένεσις·
1539 5184 1603 5259 ἀρχὴ
1618 5183 1645 5238 δὲ

64 5264 99 5315 ’ei
111 5266 179 5339 ἅγιον
193 5275 292 5343 πνεῦμα,
309 5267 339 5339 ἦν
363 5288 400 5335 τε,
419 5270 459 5322 καὶ
474 5268 543 5336 ἔστι,
560 5270 600 5323 καὶ
620 5268 707 5334 ἔσται,
730 5269 822 5341 τροπὴν
872 5274 916 5336 τῆς
929 5274 978 5325 τῶν
992 5272 1139 5343 κινουμένων
1157 5271 1284 5343 γενέσεως,
1304 5270 1318 5323 ὁ
1336 5269 1404 5335 θεὸς,
1418 5269 1453 5331 ὡς
1466 5270 1643 5343 γενισιουργός.

90 5502 97 5547 Ι
112 5503 156 5550 tit.
173 5506 198 5553 de
207 5510 260 5555 tide
269 5511 299 5554 ad
309 5512 356 5556 ret.
369 5522 418 5565 esp
433 5520 466 5553 ιιι.
474 5531 501 5543 -
514 5509 580 5554 arte.
595 5509 633 5553 111.
647 5520 696 5565 pag.
708 5510 743 5562 tu,
756 5508 803 5553 lnt.
816 5508 869 5554 edit.
877 5509 926 5555 -3
936 5510 987 5556 1111.
1000 5510 1039 5556 111.
1051 5522 1100 5567 cap.
1114 5522 1138 5554 11,
1148 5532 1173 5544 -
1186 5510 1199 5554 l
1212 5509 1260 5555 Pur.
1274 5509 1302 5554 ll.
1314 5511 1372 5556 lert
1382 5510 1433 5557 Nol.
1444 5522 1493 5567 erp.
1506 5522 1522 5554 ι,

175 5611 246 5676 Tor.
269 5615 293 5674 1.
1487 5614 1525 5673 18
