4008 6170
346 487 398 548 DE
420 487 493 548 DEO
515 486 660 560 DElQUE
682 487 1024 563 PROPRIETATIBL'S,
1047 489 1120 549 ΗΒ.
1144 488 1167 564 ί,
1190 488 1273 550 CAP.
1297 488 1321 549 Ι.
1646 495 1685 558 bb

91 640 140 718 git,
153 655 250 700 noua
270 637 376 718 seipsis
388 636 442 699 illa
461 637 538 716 regi,
558 636 610 698 sed
626 656 691 698 esse
708 637 851 713 alterum,
907 636 1016 712 moles3
1027 657 1090 698 non
1099 638 1255 701 medusae
1269 647 1422 717 mensura,
1436 642 1489 703 sod
1502 643 1687 705 immodera-

90 732 138 812 qui
161 731 226 792 bec
258 731 439 792 moderetur
465 737 496 792 et
520 732 674 792 contineat
696 736 853 792 auctorem
907 731 950 791 tio
968 738 1171 792 cernereture.
1186 756 1201 787 ν
1225 732 1303 793 Cum
1316 735 1412 814 igitur
1425 742 1511 796 tanta
1522 737 1561 797 sit
1576 754 1683 799 rerum

92 842 190 885 corum
201 822 411 904 etopitieem?
434 824 508 897 Quis
529 824 680 886 orientem
699 842 755 904 per
770 823 853 885 diem
906 825 1069 885 nonmodo
1085 825 1287 901 diversarum,
1299 827 1456 888 sedetiam
1464 829 1684 891 inimicissima·

89 919 175 979 solem
186 918 346 998 aspiciens,
361 924 393 979 et
406 917 617 998 splendentem
635 925 724 979 nocte
745 918 854 980 lunam
906 935 987 993 rum,
1015 919 1205 979 consentiens
1225 924 1256 979 et
1295 921 1475 982 continuata
1499 925 1681 1003 temperatio

89 1013 420 1094 eamdemqueparibus
427 1032 548 1094 semper
566 1013 732 1092 interiectis
749 1014 855 1093 spatiis
909 1013 1064 1095 «Necesse
1085 1017 1131 1072 est
1144 1012 1272 1091 eogitari
1284 1013 1420 1094 aliquem
1430 1015 1595 1097 animoque
1608 1036 1682 1097 per-

89 1107 274 1169 incrementa
297 1126 334 1168 ao
356 1108 552 1170 decrementa
577 1108 761 1187 capientem,
784 1113 853 1169 tum
906 1105 966 1185 cipi
977 1106 1255 1186 domiuum,quiin
1269 1108 1683 1190 uuumistacoegeritacde·

87 1200 234 1262 sellarum
247 1201 328 1263 alias
341 1201 544 1264 discurrentes
553 1202 694 1282 miraque
706 1202 854 1265 varietate
905 1199 1047 1275 virrxerit,
1067 1206 1159 1279 atqrm
1178 1200 1217 1260 ad
1236 1201 1413 1262 societatem
1431 1208 1463 1263 et
1483 1204 1680 1265 (concordiam

87 1312 182 1355 eunus
189 1313 262 1355 suos
271 1301 462 1376 peragentes,
473 1295 549 1356 alias
558 1295 853 1375 citraevagationcm
906 1291 1079 1352 adduxerit.
1091 1293 1148 1367 Qui
1161 1294 1284 1355 tametsi
1303 1312 1367 1356 nou
1382 1295 1504 1357 videtur
1520 1297 1626 1374 oculis,
1642 1316 1680 1358 ex

88 1388 225 1449 constanti
234 1389 406 1468 agitatione
413 1406 573 1449 conversas
583 1406 645 1448 non
655 1388 791 1466 aliquem
806 1406 854 1448 es-
906 1383 1013 1444 ordine
1024 1393 1131 1446 tamen
1145 1391 1177 1447 et
1195 1386 1406 1448 dissidemium
1425 1389 1557 1450 invicem
1575 1408 1680 1450 rerrrm

89 1481 227 1556 sentiat,
237 1481 342 1560 quiiis
352 1482 465 1561 presit,
476 1499 566 1560 aquo
576 1480 818 1541 suntconditat‘?
834 1502 849 1537 υ
906 1494 942 1537 ac
957 1478 1015 1538 sibi
1025 1480 1161 1540 meritum
1175 1480 1403 1542 adversantium
1421 1481 1617 1562 colligatione
1633 1502 1681 1543 co

131 1575 178 1635 Vt.
217 1574 315 1636 Addit
347 1574 525 1636 inferiorem
563 1574 854 1654 contemplationem
905 1573 1071 1650 gnoscitur.
1085 1574 1165 1634 Nam
1182 1579 1219 1634 ut
1238 1575 1393 1636 civitatem
1411 1576 1549 1657 amplam
1568 1596 1604 1639 ac
1618 1597 1682 1639 ma·

89 1667 184 1727 mundi
192 1667 330 1747 partium
340 1667 853 1743 Athanasius,velutelementorum
906 1663 1050 1742 gnitioum
1060 1665 1086 1726 si
1097 1667 1167 1746 quis
1184 1666 1286 1728 videat
1297 1686 1336 1728 ex
1351 1669 1503 1729 immensa
1517 1669 1681 1731 hominum

90 1762 244 1823 contrarias
276 1762 357 1824 inter
374 1780 406 1823 se
427 1762 592 1842 qualitates
612 1768 644 1824 et
664 1756 850 1839 efficientias,
906 1756 1104 1820 multitudine
1118 1758 1289 1837 collectam,
1310 1780 1443 1841 quorum
1454 1781 1518 1824 non
1531 1782 1612 1824 unus
1627 1764 1682 1825 ha·

89 1873 313 1936 annusmmque
331 1861 550 1936 tempestatum
576 1875 646 1937 qum
665 1857 852 1932 admirabili,
903 1848 984 1911 bitus
1001 1852 1040 1912 sit
1062 1872 1097 1913 ae
1113 1853 1258 1929 conditio,
1279 1856 1332 1915 sed
1351 1854 1404 1915 alii
1425 1856 1529 1935 pusilli
1548 1858 1608 1917 sint
1627 1863 1682 1918 aut

91 1949 462 2029 ununqrraminterrupta
478 1949 683 2011 vicissitudine
703 1950 856 2012 decedunt
904 1946 1020 2024 magni,
1042 1945 1095 2006 alii
1111 1946 1220 2008 divites
1238 1952 1293 2008 aut
1303 1953 1437 2027 egentes,
1452 1967 1538 2010 senes
1549 1951 1624 2011 item
1645 1970 1682 2011 ac

91 2043 219 2103 murem.
239 2044 323 2104 'lum
342 2060 510 2122 perennem
529 2048 618 2104 terrea
636 2044 855 2105 iecrmditatcm
899 2040 1038 2118 juvenes,
1057 2059 1158 2103 mares
1176 2049 1207 2103 et
1220 2043 1352 2117 femma,
1371 2043 1554 2122 eosdemque
1575 2061 1682 2104 omnes

90 2154 159 2215 quae,
179 2144 213 2198 ut
240 2138 395 2199 Ciceronis
416 2136 515 2199 verbis
531 2143 614 2213 utar,
638 2161 652 2195 ν
676 2137 777 2199 locata
794 2157 856 2199 cor·
903 2134 1128 2195 animadvertat
1143 2141 1224 2196 recte
1242 2140 1334 2215 atque
1352 2135 1458 2196 ordine
1476 2135 1578 2197 vivere
1600 2136 1682 2196 inter

91 2229 201 2290 niturin
210 2230 315 2291 media
327 2229 438 2290 mrmdi
447 2229 528 2305 sede,
538 2230 635 2290 solida
648 2230 814 2310 etglobosa
824 2237 857 2292 et
904 2245 936 2287 se
947 2244 1152 2308 summapace
1161 2234 1193 2289 ct
1210 2229 1383 2304 concordia,
1395 2235 1431 2289 ut
1446 2247 1547 2310 neque
1573 2228 1682 2293 divites

91 2323 213 2402 undique
223 2324 292 2403 ipsa
304 2324 338 2382 in
352 2340 417 2383 sese
435 2321 561 2383 uultibus
578 2322 641 2382 suis
660 2322 854 2401 conglobata,
905 2325 1011 2381 contra
1019 2339 1169 2401 pauperes
1176 2322 1455 2401 insurgant,neque
1464 2322 1681 2401 magnicontra

90 2416 185 2475 restite
196 2414 335 2489 floribus,
349 2414 463 2489 herbis,
472 2413 643 2491 arboribus,
658 2414 853 2494 frugibust.»
905 2412 1041 2491 pusillos,
1067 2432 1168 2494 neque
1188 2415 1333 2476 adversus
1352 2432 1439 2476 senes
1464 2415 1679 2492 adolescentes,

90 2510 200 2575 mbae
216 2509 416 2573 dissimilium
429 2510 714 2590 contrariarumque
738 2529 854 2587 rerum,
905 2506 958 2567 sed
977 2506 1057 2584 juris
1071 2508 1150 2568 iuter
1166 2527 1198 2569 se
1220 2508 1430 2587 aequalitatem
1449 2515 1623 2570 constanter
1637 2515 1682 2569 te-

91 2602 250 2685 exquibus
270 2602 399 2663 interior
423 2603 475 2663 hic
504 2604 696 2682 potissimum
718 2606 858 2666 vmimdus
905 2606 1009 2677 neant,
1021 2600 1247 2680 haeainquam,
1261 2601 1473 2677 sividcrimus,
1487 2603 1683 2682 statimeogi-

91 2696 203 2769 texitur,
216 2703 404 2758 concentum
414 2703 446 2757 et
461 2696 658 2759 harmoniam
668 2698 755 2775 cujus
772 2704 858 2758 tanta
905 2692 1040 2753 tabimm
1069 2694 1173 2755 adesse
1203 2694 1247 2755 ibi
1266 2696 1438 2775 principem
1463 2695 1600 2775 aliquem
1627 2698 1682 2776 qui

90 2788 129 2847 u's
148 2796 200 2864 est,
222 2796 259 2851 ut
273 2791 330 2850 etsi
351 2790 566 2873 contrariisac
584 2798 733 2872 perpetuo
749 2798 857 2875 ‘secum
906 2786 986 2847 hanc
1006 2786 1259 2866 tranquillitatem
1278 2787 1410 2867 publice
1429 2789 1513 2867 pacis
1534 2788 1681 2850 adminis-

93 2881 293 2960 pugnantibus
308 2883 510 2962 qualitatibus
526 2885 704 2964 naturisque
722 2892 860 2947 conuent
904 2885 974 2956 tret,
986 2881 1042 2940 etsi
1055 2881 1193 2942 nondum
1213 2883 1310 2943 oeulis
1321 2900 1394 2943 eum
1412 2883 1523 2944 nostds
1534 2883 1679 2962 adspexe-

92 2992 162 3034 τινα
176 2975 311 3037 invicem
326 2975 478 3051 infestent,
494 2981 689 3055 perseverent
702 2981 807 3038 tamen
826 2979 859 3038 in
905 2973 1019 3047 rimus3
1040 2974 1338 3053 proptereaquodet
1354 2974 1468 3035 ordinis
1489 2975 1680 3054 perturbatio

93 3086 212 3130 omnem
221 3074 400 3149 temporum
416 3067 681 3149 longinquitatem,
695 3088 752 3130 neo
765 3069 861 3132 altera
906 3065 1028 3125 nullum
1047 3083 1120 3143 ⁶³³0,
1143 3067 1197 3146 <1¹¹i
1209 3067 1322 3147 Pfffliits
1340 3066 1455 3127 issffissiO
1476 3072 1530 3143 ests
1552 3073 1583 3128 θί
1604 3068 1680 3128 0Μο

92 3169 244 3222 consumat
267 3162 622 3241 alterametextinguat.
643 3185 657 3219 ν
680 3163 774 3242 Atqui
791 3164 860 3225 fieri
906 3159 971 3238 ipse
990 3158 1227 3238 gubernatorem
1244 3158 1386 3221 ostendit.
1409 3160 1458 3219 Sio
1469 3159 1545 3220 dum
1572 3161 1681 3222 incor-

89 3273 145 3315 uou
170 3263 288 3336 posset,
323 3256 365 3317 ait
396 3256 480 3317 idem
514 3256 705 3330 Athanasius,
742 3262 778 3316 ut
800 3259 859 3320 istu
906 3270 982 3332 pore
1002 3252 1214 3313 membrorum
1229 3252 1358 3313 interae
1379 3251 1576 3314 concordiam
1600 3253 1682 3315 vide

90 3349 184 3411 omnia
211 3349 346 3410 invicem
369 3350 565 3427 confligentis
589 3354 621 3410 et
651 3350 804 3410 contraria
830 3351 863 3411 in
907 3362 986 3420 mers,
1004 3345 1038 3405 in
1053 3363 1230 3426 quousque
1249 3345 1357 3406 oculus
1375 3364 1534 3408 cumame
1549 3354 1679 3427 pugnat,

90 3459 179 3501 uuum
198 3456 264 3503 sese
288 3449 425 3521 agerent,
450 3442 508 3502 nisi
533 3442 725 3522 prestantior·
751 3442 863 3522 aliquis
907 3456 1008 3517 neque
1017 3439 1250 3518 manusapede
1267 3440 1402 3516 dissidet,
1415 3441 1468 3502 sed
1487 3442 1684 3520 unumquod-

90 3540 158 3594 met
172 3540 201 3595 et
210 3552 353 3597 summus
368 3534 545 3596 moderator
557 3553 592 3596 ac
608 3534 752 3595 dominus
762 3537 816 3615 qui
826 3554 864 3597 ea
907 3548 968 3609 que
978 3530 1055 3590 citra
1070 3531 1298 3609 dissensionem,
1313 3550 1442 3594 munere
1456 3551 1512 3593 suo
1529 3537 1562 3593 et
1581 3532 1684 3594 officio

89 3628 217 3703 sociuet,
234 3628 286 3689 cui
301 3633 332 3688 et
349 3627 503 3688 elementa
522 3628 601 3707 ipsa,
620 3627 706 3688 velut
725 3627 801 3689 bero
820 3629 864 3689 tn-
906 3623 1059 3703 fungitur3
1072 3643 1110 3685 er
1122 3643 1159 3686 eo
1171 3643 1296 3704 prorsus
1316 3626 1526 3706 intelligimus,
1546 3627 1682 3687 animam

89 3719 179 3795 mab,
213 3721 253 3781 ad
288 3726 399 3781 nutum
429 3720 677 3800 obtemperarent
707 3738 742 3780 ac
773 3721 862 3782 cede·
906 3715 1110 3778 inilloinesse
1128 3736 1348 3797 corporaque
1371 3718 1437 3779 haec
1456 3717 1561 3779 omniu
1578 3719 1682 3779 modo

89 3815 175 3871 renti.
188 3836 203 3867 ν
226 3812 315 3886 Quod
328 3812 386 3873 nisi
403 3817 491 3888 esset,
514 3813 615 3893 pergit
629 3813 713 3874 idem
733 3812 863 3875 subinde
907 3815 1003 3884 retur,
1016 3810 1159 3889 quamus
1175 3810 1272 3871 oculis
1287 3828 1324 3870 ea
1337 3811 1449 3871 nonsit
1469 3810 1618 3890 exposita.
1632 3812 1682 3872 Sic

20 3914 53 3949 '‘-
89 3903 203 3965 dicere:
223 3906 394 3985 ‹Nonjam
407 3905 517 3987 κόσμος,
532 3906 565 3966 id
581 3912 626 3967 ast
647 3906 792 3984 mrmdus,
805 3907 858 3968 sed
907 3920 945 3963 ex
967 3903 1173 3965 universitatis
1195 3905 1303 3965 ordine
1324 3922 1360 3964 ao
1383 3909 1543 3979 concentu,
1571 3905 1682 3983 priuci-

92 3998 210 4079 νἀωμία,
227 4000 383 4081 musenim
400 4019 464 4060 non
482 3999 568 4076 ordo,
585 4000 638 4060 sed
647 3999 854 4080 perturbati03
906 4014 978 4076 pem
990 3994 1021 4057 et
1044 3998 1323 4059 administratorem
1342 3998 1473 4077 intelligi
1487 4014 1609 4058 neccsse
1634 4005 1680 4059 est

89 4109 144 4152 non
155 4093 334 4173 compositio
346 4099 376 4155 et
386 4094 622 4173 coagmentatio,
638 4093 691 4155 sed
701 4094 857 4155 incondito
906 4090 1052 4150 bermo»
1064 4092 1136 4152 Hmc
1156 4096 1187 4151 et
1203 4090 1295 4170 plura
1307 4091 1344 4150 iis
1363 4090 1556 4167 Athanasius,
1569 4091 1682 4170 quibus

122 4298 138 4335 o
159 4284 266 4339 Areua.
282 4300 312 4356 p.
328 4285 374 4340 30.
394 4283 437 4345 Τίς
448 4282 495 4354 γὰρ
506 4282 572 4353 όμῶν
585 4281 627 4336 τόν
646 4284 748 4355 ουμανοῦ
769 4281 856 4335 κόκλον
904 4276 934 4331 τὰ
947 4279 1059 4349 στοιχεῖα
1069 4278 1152 4350 ὥσπερ
1163 4277 1241 4332 δοῦλα
1253 4277 1372 4332 δεσπότου
1383 4274 1534 4332 ὑπακούοντα
1553 4275 1622 4349 τίκει,
1641 4279 1682 4331 καί

89 4363 125 4416 καί
139 4364 181 4418 τόν
191 4367 283 4438 δμόμον
296 4366 379 4435 ἡλίου,
393 4366 435 4418 καί
449 4366 561 4435 σελήνης,
574 4364 614 4418 καί
625 4370 675 4420 τῶν
688 4366 772 4419 ἄλλων
785 4365 856 4421 ἀστό-
903 4362 1023 4418 πείθεται.

93 4468 138 4518 pm
150 4449 193 4512 τίς
205 4451 290 4521 όίσεις,
305 4450 346 4504 καί
370 4470 412 4514 τας
434 4450 614 4523 περινολήασις,
628 4449 737 4514 ἐναντίας
755 4449 809 4523 μίν,
830 4471 861 4505 κα
940 4462 953 4499 ο
965 4445 1037 4501 1bid.
1054 4445 1145 4500 Λοιπόν
1153 4442 1183 4514 ἦν
1202 4444 1262 4500 lictu
1273 4447 1352 4501 οόκίτι
1363 4448 1466 4519 κόσμον,
1478 4446 1536 4500 ἀλλ’
1550 4445 1680 4518 ἀκοσμίαν.

88 4533 210 4605 aspum
221 4536 360 4608 γινομένας,
376 4532 445 4589 ἔνὸί
466 4536 613 4608 τῇόιαμομᾴ
632 4535 720 4607 ὁμοίαν
732 4536 778 4604 τὴν
791 4534 856 4599 τάξιν
904 4529 983 4583 οὐκίτι
995 4528 1072 4594 τάξιν,
1086 4529 1143 4582 ἀλλ’
1156 4528 1265 4593 ἀταξίαν·
1281 4531 1359 4584 οὐκέτι
1373 4531 1497 4600 σίατασιν,
1508 4530 1566 4584 ἀλλ’
1578 4529 1683 4585 ἀσύστα-

88 4617 148 4687 apd
158 4619 321 4692 πόντονόμοῦ
329 4620 481 4692 σωζομένην,
493 4618 537 4672 οόκ
545 4617 734 4692 intepretaretur
748 4620 857 4675 οὖνταύτὸν
904 4632 946 4668 τον
960 4614 1028 4667 όλον·
1042 4613 1121 4668 οόκίτι
1134 4613 1219 4686 μίτρα,
1234 4613 1291 4667 ἀλλ’
1311 4614 1438 4687 ἀμετρίαν.

88 4697 164 4758 ἔπτὰ
179 4702 274 4759 ἄλλτί
259 4706 330 4778 μός
343 4703 596 4775 ίστινόοιαακοαμῶν
609 4703 669 4759 αυτόν
687 4706 808 4773 ποιητήςς
820 4705 857 4768 τίς
940 4697 1050 4752 dlbid
1065 4713 1096 4769 p·
1117 4699 1162 4753 ³2.
1197 4696 1299 4770 Ἀνάγκη
1321 4698 1470 4771 λογίζεσθαι,
1493 4698 1533 4752 καί
1552 4699 1684 4772 raptore

87 4782 195 4857 ἃόῷνν
217 4788 288 4855 ἥλων
312 4788 476 4842 ἀνατέλλοντα
503 4788 558 4840 καθ’
581 4787 684 4859 ἡμέραν
707 4788 796 4857 σελήνη
797 4787 856 4842 νδί
905 4779 997 4834 ἔννοιαν
1010 4785 1060 4834 τῶν
1073 4785 1152 4835 ταῦτα
1165 4783 1352 4854 συναγαγόντος,
1376 4782 1416 4835 καί
1439 4780 1621 4855 ωσμίγξαντος,
1643 4784 1683 4837 καί

88 4855 210 4923 ΨΜ
224 4858 287 4913 W
306 4860 387 4930 aare,
409 4859 449 4912 καί
468 4858 608 4929 illm
625 4858 664 4910 καί
685 4859 854 4932 πληρουμίνην
906 4865 1045 4966 ανμμωνίαν
1059 4862 1133 4939 ἔμγαζ
1133 4865 1220 4937 ομίνου
1231 4865 1291 4939 πρός
1305 4865 1365 4920 αυτόν
1373 4866 1502 4920 δεσπότου
1522 4867 1565 4918 κᾶν
1587 4864 1682 4938 γὰρμὴ

88 4938 345 5012 &milhmam
354 4942 483 5012 τόντων
467 4942 566 5016 μίμων
576 4942 732 5007 ίοονπόντως
740 4942 852 5016 ἀριθμόν
908 4950 960 5010 τοῖς
973 4947 1108 5019 όμίκλμοῖς
1121 4948 1217 5022 όμαται,
1227 4947 1284 5002 ἄλλ’
1296 4948 1344 5003 ἀπό
1358 4954 1401 5018 τῆς
1416 4948 1515 5018 τάξεως,
1529 4947 1569 5000 καί
1583 4967 1684 5019 συμμον-

88 5024 568 5131 ικίτῶνόστμωντὰμίνδιατμέγοντα,
583 5028 623 5081 καί
642 5028 760 5091 ποικίλως
782 5027 853 5082 ἔναλ·
906 5033 958 5096 νίας
970 5038 1020 5088 τῶν
1031 5032 1132 5089 ίναντί
1132 5055 1155 5107 ν,
1170 5034 1260 5090 ίννοιίν
1276 5033 1326 5090 ἔστι
1340 5034 1383 5089 τόν
1394 5034 1486 5088 τουτων
1505 5034 1622 5105 ἄρχοντα,
1641 5035 1682 5088 καί

88 5106 201 5164 uxama
219 5113 275 5175 teia
296 5112 413 5185 δρόμους
435 5111 465 5166 τὰ
482 5111 508 5166 lt
526 5112 640 5175 ἀπλανῶν
654 5112 790 5184 κινούμενα
811 5112 854 5166 οὒκ
906 5120 1057 5191 κοσμήτορα,
1069 5079 1231 5193 mimante.
1244 5115 1627 5192 όπιργαρπόλινίιπολλον,
1642 5119 1682 5173 καί

89 5191 116 5242 b
128 5191 216 5249 ἔννοιαν
231 5197 304 5251 istoc
323 5198 362 5251 tn
383 5200 479 5260 πάντως
492 5195 557 5252 ίατίν
571 5196 586 5250 ό
600 5196 719 5269 κυόιμνίόν
736 5195 853 5265 αντᾶδη-
907 5203 1028 5274 διαφόρων
1048 5202 1168 5277 ἀνθρώπω
1167 5224 1181 5257 ν
1202 5208 1353 5258 mutuae
1374 5206 1476 5274 μικρῶν,
1496 5201 1536 5255 καί
1557 5202 1681 5275 perflue,

90 5280 218 5349 μωργόςς
904 5286 945 5339 καί
956 5287 1080 5341 πλουσίων
1083 5289 1275 5359 mutuaticae
1287 5288 1327 5341 καί
1341 5287 1553 5359 πόλινγτμόντων,
1568 5286 1607 5340 καί
1619 5306 1680 5341 νοω·

124 5359 279 5420 &Amaras
302 5369 363 5420 cont
387 5365 464 5421 dett.
483 5381 512 5438 p.
527 5368 572 5422 st.
591 5364 642 5419 ota
664 5359 738 5418 ἂν
711 5384 754 5418 ουν
773 5366 853 5438 μαχό-
906 5370 993 5444 τίρων,
1006 5372 1046 5425 καί
1060 5332 1176 5445 diptica,
1191 5372 1230 5425 καί
1239 5373 1342 5440 θηλειῶν
1354 5368 1376 5424 εί
1384 5372 1548 5445 όιωμήσαιμον
1563 5372 1681 5435 τυτόατως

91 5461 158 5514 μενοι,
169 5446 422 5522 ναίίναντίαόντατῇ
441 5449 509 5521 φύσει
524 5449 595 5504 luerit
612 5452 757 5522 συνήγαγον,
779 5448 853 5523 τίμὴ
906 5453 1058 5559 νίνμνμίνην·
1081 5476 1112 5510 να
1110 5456 1188 5519 imag
1201 5455 1225 5510 lv
1247 5456 1307 5529 αονῆ
1320 5453 1503 5528 &apumque
1521 5454 1602 5524 ὄντας
1618 5455 1680 5527 Apa.

90 5528 231 5598 ¹t¹fm¹tr
214 5527 305 5584 ίίί
264 5532 305 5584 καί
325 5532 405 5604 ὥρων
426 5533 442 5586 ὅ
463 5537 580 5605 συνδήσας
604 5529 710 5588 οὔτί·
692 5555 714 5606 ῳ
733 5534 773 5641 καί
796 5534 855 5589 abab
909 5539 1060 5603 νοουνταςόί
1074 5541 1135 5613 πρός
1148 5538 1254 5609 laurate,
1272 5541 1312 5594 καί
1328 5543 1389 5611 μήτε
1408 5539 1463 5602 robe
1479 5539 1608 5602 πλουσίους
1622 5536 1682 5592 aeri

119 5668 417 5720 lUleldeAnrwrtd
