4134 6182
696 295 991 369 PROLEGOMENA,
1020 296 1105 356 CAP.
1129 297 1179 356 lx.
1454 354 1461 368 ,
1702 305 1741 364 59

142 446 172 501 ut
181 443 341 522 utriusque
359 443 399 502 sit
408 461 471 504 una
484 462 622 523 persona.
641 443 789 517 Quartam
801 444 911 505 instru-
1003 459 1044 504 nr.
1079 443 1203 519 Belide,
1215 463 1279 525 spe,
1292 444 1439 507 charitate
1456 446 1678 507 acvirtutibns.

141 543 239 597 menta
260 538 427 619 complecti
444 540 505 601 sive
528 538 690 600 efficientia
714 541 830 618 gratia,
852 540 910 600 hoc
1003 554 1033 598 ιι.
1076 538 1266 618 Depeccato.

140 634 180 688 est
190 639 382 693 sacramenta
395 652 483 694 novae
497 632 582 712 legis,
600 633 663 693 sive
677 632 848 712 dirigentia,
860 652 911 694 cu-

135 721 269 800 jusmodi
284 731 329 786 est
342 725 405 788 lex.
420 727 467 788 Ad
483 728 622 807 quintam
635 726 735 787 forma
749 726 804 788 illa
819 728 911 806 perti·
1004 727 1049 785 Ex
1067 725 1180 805 quihus
1200 726 1299 787 tribus
1315 727 1382 806 jam
1395 727 1487 790 tomis
1507 728 1651 808 explicati
1669 736 1740 790 sunt

138 823 268 898 detque
276 821 373 881 sancti
381 827 414 882 et
422 820 517 881 divini
525 820 751 882 fiunthomines
758 823 907 902 dungali,
963 824 1106 897 quatuor,
1117 819 1229 898 reliqui
1250 838 1303 880 sex
1320 839 1384 881 non
1402 820 1529 901 perinde
1548 821 1639 881 tomis
1659 840 1740 883 com-

138 914 202 971 tum
219 912 334 992 quihus
351 914 391 974 ad
406 913 492 975 illam
510 914 560 974 isti
576 919 798 993 praeparantur.
820 916 911 977 Sexta
963 911 1116 991 plectendi
1128 912 1267 989 totidem,
1280 914 1332 974 sed
1342 913 1493 993 plinibus‚
1506 912 1739 992 paucioribusve

138 1006 367 1086 comprehendit
387 1007 466 1068 iilud
486 1008 569 1087 quod
594 1007 701 1068 lormre
721 1007 771 1068 isti
795 1014 912 1070 contra·
964 1023 1020 1083 pro
1028 1006 1200 1084 argumenti
1211 1006 1476 1086 copiusupersunt.

139 1097 282 1175 domest,
295 1119 408 1181 nempe
417 1106 586 1180 peccatum.
1005 1099 1134 1177 Sedjam
1143 1104 1368 1179 tempusestut
1382 1100 1737 1179 praefaridesinametad

175 1192 221 1251 lta
238 1193 345 1254 decem
361 1194 487 1254 omnino
497 1192 661 1273 theologici
674 1196 822 1254 tractatus
836 1195 911 1256 esis
964 1195 1065 1273 operis
1079 1194 1174 1273 ipsius
1188 1194 1407 1273 inspectionem
1421 1194 1549 1254 lectores
1565 1212 1651 1254 meos
1667 1212 1739 1254 cum

140 1288 215 1344 tunt.
965 1288 1046 1349 bona
1059 1306 1134 1368 pace
1152 1289 1316 1364 dimittam,
1329 1288 1355 1347 si
1363 1293 1474 1367 praeter
1490 1287 1566 1364 haec,
1587 1306 1657 1366 quae
1676 1287 1739 1347 dixi

966 1381 1122 1459 hacteuus,
1135 1400 1234 1443 unum
1253 1401 1305 1443 eos
1314 1382 1513 1457 admonuero,
1534 1387 1570 1441 ut
1588 1381 1739 1460 siquidin

177 1488 198 1534 1.
249 1473 367 1535 DeDco
376 1474 503 1555 ejusque
515 1475 761 1556 proprietatibus.
965 1480 1050 1535 tanta
1071 1475 1154 1536 mole
1167 1474 1319 1535 librorum
1347 1474 1582 1554 reprehensione
1607 1474 1739 1553 dignum

178 1582 209 1626 ιι.
253 1567 464 1630 De'l'rinitate.
964 1569 1145 1644 notaverint,
1160 1574 1305 1648 utrosque
1317 1587 1382 1645 nos,
1396 1575 1427 1629 et
1445 1568 1499 1648 qui
1509 1567 1614 1647 scripsi
1631 1585 1692 1643 me,
1709 1572 1741 1628 et

179 1674 222 1720 ur.
254 1660 298 1720 De
310 1660 444 1739 Angelis.
964 1663 1076 1743 seipsos
1089 1662 1144 1742 qui
1156 1662 1273 1741 legum,
1295 1661 1435 1723 homines
1451 1680 1514 1722 csse
1528 1662 1737 1737 recordentur,

178 1768 219 1814 ιι.
251 1754 416 1815 &mundi
425 1754 557 1835 opificio.
964 1762 1056 1836 atque
1080 1755 1158 1815 illud
1182 1755 1414 1834 crpuspuemodi
1438 1761 1493 1831 est,
1515 1773 1571 1833 pro
1594 1755 1708 1815 indicto
1721 1774 1741 1815 a

177 1863 209 1908 r.
248 1849 292 1909 De
306 1848 527 1911 incarnatione.
963 1850 1086 1928 mejam
1097 1848 1205 1910 haberi
1218 1849 1323 1925 sciant,
1342 1848 1511 1928 prasertim
1521 1848 1631 1926 siquid
1644 1847 1739 1908 invito

177 1956 220 2001 rr.
250 1942 518 2004 DeSacramentis.
964 1945 1070 2024 utique
1101 1949 1132 2005 et
1158 1942 1242 2003 aliud
1268 1944 1371 2023 agenti
1397 1944 1474 2004 mihi
1501 1942 1540 2003 ab
1569 1942 1739 2004 christianae

178 2050 232 2095 ru.
253 2035 437 2116 Delegibus.
963 2056 1072 2100 norma
1090 2038 1173 2113 fidei,
1193 2036 1254 2098 hoe
1271 2044 1316 2099 cst
1330 2058 1350 2099 a
1367 2038 1523 2099 catholicae
1543 2041 1574 2096 et
1594 2037 1739 2098 Romana

182 2126 418 2209 imnegraua.
962 2132 1101 2194 Ecclesiae
1110 2132 1228 2213 placitis
1236 2132 1371 2195 alienum
1379 2133 1500 2195 excidit.
