3952 6170
322 375 372 437 DE
391 374 465 437 REO
486 374 630 448 hulcus
649 374 997 447 Proseilemmene,
1018 375 1091 437 uu.
1114 374 1172 449 lll,
1194 375 1278 437 CAP.
1301 375 1379 437 Vlll.
1593 379 1666 438 ³07·

74 563 128 627 qun
144 543 269 605 didimus
285 543 341 624 qui
362 560 428 605 non
449 542 543 622 longe
570 542 611 604 ab
637 560 828 623 unoquoque
876 543 1045 622 quemdem
1063 558 1127 622 pres
1147 561 1180 603 se
1197 541 1278 604 ferre
1297 543 1381 604 visus
1396 550 1443 604 est
1462 541 1556 624 penio
1577 549 1650 606 ante

75 644 201 698 nostrum
227 642 284 712 est,
306 636 356 698 rel
376 637 479 716 potius
499 636 535 697 iu
561 635 652 697 nohis
673 635 765 712 inest,
783 636 832 720 itaq
877 635 1017 698 Clemens
1033 635 1271 697 Alexandrinus.
1288 636 1345 696 Hie
1363 636 1398 696 in
1414 642 1499 697 sexto
1513 634 1649 699 stroma-

76 747 162 810 neque
170 728 270 809 opiter
278 729 431 791 omnium.
443 748 459 787 ν
472 729 545 791 Mox
553 734 635 790 recte
648 727 725 789 illud
734 728 828 789 etiem
877 735 941 789 teon
954 745 1064 789 verum
1073 745 1168 808 quem
1177 728 1337 789 christiani
1350 727 1481 788 colimus
1493 729 1593 789 Deum
1605 729 1650 791 its

75 822 209 897 oberret,
223 840 288 889 uon
307 821 417 883 dixisse
431 821 625 901 Apostolum,
642 839 697 901 per
719 821 824 901 speum,
876 821 1021 882 describit
1056 840 1095 882 ex
1129 820 1210 882 libro
1246 819 1498 882 Proedicutienum
1531 819 1619 881 Petri
1636 839 1648 882 .·

75 915 118 977 sed
126 914 155 974 ιό
168 914 227 995 ipso
236 932 293 974 nos
306 914 436 982 moveri,
445 914 586 994 utmagis
591 913 735 975 intimam
742 912 828 973 illius
880 914 1019 976 «Scitote
1028 915 1123 993 igitur
1132 930 1234 974 unum
1243 930 1308 974 esse
1318 914 1428 987 Deum,
1440 913 1496 991 qui
1505 914 1649 975 omnium

75 1006 252 1087 presentiam
270 1006 476 1067 oetenderete.
492 1005 623 1069 Videtur
635 1011 751 1081 eutem,
768 1005 828 1065 nisi
876 1024 983 1067 rerum
995 1007 1122 1068 initium
1136 1012 1182 1067 est
1194 1005 1370 1067 molitus'ae
1392 1005 1489 1091 linem
1506 1004 1602 1066 hahet
1613 1007 1648 1067 iu

75 1117 116 1161 me
129 1099 299 1177 conjectura
313 1098 402 1175 fallit,
423 1108 535 1179 μιριιοος
555 1098 710 1179 appellare
728 1103 827 1158 certos
875 1104 1036 1179 potestate,
1055 1100 1171 1178 quique
1187 1098 1316 1159 minime
1332 1097 1525 1177 aspectabilis
1540 1098 1650 1177 aspicit

75 1192 199 1253 homines
213 1192 268 1270 qui
281 1190 431 1270 peculiari
444 1191 512 1253 loco
526 1191 721 1252 divinitatem
743 1189 828 1250 eddi-
875 1193 1000 1268 omnis,
1030 1210 1095 1253 non
1118 1190 1359 1270 comprehensus
1381 1190 1487 1249 omnia
1506 1208 1647 1269 compre·

75 1283 271 1363 eebsnt,quod
280 1283 660 1363 EugmhinusacVorstius
673 1282 825 1358 feceruut,
874 1283 1032 1359 hendit,et
1040 1301 1114 1345 cum
1122 1283 1240 1343 nullius
1249 1289 1337 1361 egeat
1346 1301 1383 1342 eo
1392 1282 1533 1361 indigent
1542 1283 1649 1344 omnia

1698 660 1800 705 Clemens

1713 714 1776 759 Ater.

75 1376 430 1457 ndquosrednrguendos
444 1376 601 1437 nihilistis
617 1376 827 1455 Chrysostumi
875 1394 910 1436 ac
921 1395 977 1455 per
990 1394 1063 1438 eum
1072 1374 1260 1436 existenti.»
1273 1375 1355 1435 Turn
1368 1374 1648 1453 septimoejusdem
1745 1366 1750 1375 ’

76 1469 162 1531 rcrhia
181 1470 354 1549 expressius
366 1474 422 1531 est.
440 1470 486 1531 lte
499 1468 583 1531 enim
597 1470 697 1530 Deum
710 1469 744 1528 iu
758 1487 825 1529 cm·
876 1470 977 1548 operis
990 1470 1028 1529 de
1048 1469 1132 1529 bono
1150 1487 1186 1528 ac
1202 1473 1308 1528 sencio
1330 1468 1398 1527 viro
1412 1485 1589 1527 sermonem
1601 1467 1646 1528 fa·

76 1561 153 1623 uibus
165 1562 261 1623 inesse
274 1561 366 1623 uobis
385 1562 503 1637 asserit,
521 1561 568 1622 uti
586 1566 632 1622 est
644 1579 698 1621 eer
713 1561 748 1620 iu
766 1561 828 1621 sin·
876 1560 979 1622 ciens:
995 1560 1189 1640 «Ejusmodi,
1201 1560 1314 1640 inquit,
1331 1565 1387 1635 est,
1404 1559 1455 1619 cni
1465 1577 1648 1639 persuasum

76 1653 153 1731 gub,
166 1655 229 1715 sine
250 1673 316 1733 quo
334 1653 398 1715 vita
414 1654 473 1714 ista
490 1673 555 1715 nou
576 1653 710 1715 ducitur.
727 1654 827 1727 Quam
876 1661 922 1715 est
936 1656 1035 1716 Deum
1048 1654 1164 1732 ubique
1178 1653 1294 1728 adesse,
1310 1670 1375 1712 non
1390 1657 1496 1712 eutem
1509 1651 1600 1712 certis
1611 1670 1648 1712 ac

76 1746 828 1810 sinuudinemadhibetetiamhnasraeiussinaita
876 1747 1011 1807 definitis
1035 1746 1111 1807 locis
1140 1762 1205 1806 esse
1232 1744 1431 1819 conclusum,
1452 1749 1488 1804 ut
1515 1761 1589 1803 eum
1616 1763 1648 1804 se

77 1840 238 1902 insecundo
249 1838 534 1921 Contemplationem
551 1838 780 1919 concupitarum
796 1840 827 1900 ιἰι
875 1838 992 1918 absque
1002 1858 1038 1899 eo
1048 1856 1112 1899 esse
1126 1836 1294 1916 aliquando
1304 1836 1535 1911 existimaverit,
1552 1841 1648 1896 noctu

77 1929 269 1995 nemmem.
286 1953 303 1990 ιι
321 1932 484 2006 Quomodo
503 1950 568 2007 aer,
587 1932 699 2010 inquit,
721 1930 829 2011 implet
876 1938 908 1993 et
934 1931 1069 1992 interdiu
1087 1928 1335 2009 intemperantiae
1361 1945 1394 1988 se
1415 1926 1506 1989 dedat
1528 1933 1560 1987 et
1581 1927 1648 1987 libi-

77 2026 166 2085 omnia
174 2032 202 2087 et
210 2025 318 2087 nullus
337 2029 385 2085 est
399 2025 487 2085 locus
500 2043 537 2085 eo
553 2042 680 2099 vacuus,
696 2030 769 2099 etc,
785 2025 829 2086 ite
876 2024 954 2085 dini.
970 2025 1047 2084 Tote
1062 2041 1135 2102 ergo
1149 2022 1220 2082 vites
1229 2027 1370 2099 tempore
1383 2018 1496 2080 festum
1510 2023 1646 2096 egentes,

78 2117 155 2179 etiarn
178 2119 397 2180 universorum
419 2119 500 2177 Deus
530 2116 640 2196 implet
665 2117 772 2176 omnia
799 2123 830 2177 et
877 2117 994 2196 ubique
1017 2123 1048 2177 et
1070 2114 1157 2177 omni
1172 2132 1210 2175 ex
1223 2119 1310 2194 perte
1334 2114 1433 2173 Deum
1452 2111 1557 2172 edesse
1577 2129 1647 2191 per-

78 2209 215 2272 uullusest
228 2210 363 2271 locuseo
372 2227 499 2270 recnus.
511 2231 527 2267 ν
541 2210 600 2271 Sed
610 2209 828 2288 chrysostomo
877 2209 970 2283 suasi,
984 2209 1147 2270 laudentes
1167 2225 1257 2284 egros
1280 2203 1411 2267 colimus
1420 2212 1443 2279 ⁰,
1459 2210 1545 2265 eteo

78 2302 260 2365 rtltnsstusio
281 2320 358 2363 suns
377 2302 492 2364 iterum
511 2302 597 2362 locus
610 2301 734 2361 debitur
747 2301 829 2362 iuter
918 2302 1082 2363 Clementis
1104 2299 1273 2379 discipulus
1296 2298 1443 2375 Origenes
1464 2295 1497 2355 in
1521 2294 1649 2356 homilia

79 2394 165 2457 Pulses
183 2401 322 2469 ceteros,
341 2411 477 2475 quorum
494 2393 728 2455 auctoritatibus
750 2394 827 2454 diri-
877 2394 1061 2455 duodecime
1084 2393 1115 2453 ic
1152 2391 1285 2456 Genesim
1314 2406 1380 2450 non
1402 2388 1505 2450 solum
1532 2387 1648 2467 ubique

78 2505 138 2548 nam
156 2489 396 2551 immensitatem
413 2488 557 2566 deinceps
575 2485 827 2566 approbabimus.
877 2493 1062 2565 preesentem
1073 2486 1193 2547 adstare
1209 2484 1308 2543 Deum
1322 2481 1435 2542 diserte
1444 2480 1552 2540 asserit
1562 2477 1584 2554 ¹,
1596 2481 1648 2541 sed

79 2579 121 2640 Vis
139 2587 238 2643 autem
261 2580 542 2661 argumentationis
563 2579 658 2658 hujus
686 2578 828 2640 bifariam
877 2579 921 2641 its
943 2580 1037 2641 etiam
1057 2577 1174 2640 Jecoho
1188 2576 1369 2657 ¹superiores
1389 2573 1575 2635 existimasse
1593 2591 1648 2653 ps·

78 2672 185 2751 pntebit.
200 2676 282 2735 Tum
296 2674 383 2735 enim
391 2673 508 2753 ubique
523 2690 588 2734 esse
602 2672 830 2733 Deumcmnia·
876 2672 1038 2748 triarchas,
1059 2672 1110 2733 eui
1129 2669 1279 2749 Cyrillum
1297 2666 1446 2746 refragari
1464 2682 1558 2743 supra
1574 2665 1651 2727 vidi·

79 2782 127 2842 que
138 2768 287 2848 complere
296 2767 468 2828 substantia
477 2783 534 2826 sue
542 2782 608 2827 non
621 2782 695 2825 vero
708 2766 829 2827 actione
878 2774 959 2825 mus.
980 2765 1030 2827 Sic
1049 2769 1155 2825 eutem
1173 2761 1279 2823 scribit
1296 2758 1375 2821 illud
1389 2775 1548 2837 exponens
1565 2758 1650 2837 quod

78 2857 130 2919 solu
141 2868 169 2919 et
184 2860 310 2935 virtute,
326 2878 366 2920 ex
388 2858 448 2920 illis
468 2857 648 2933 efficiemus,
668 2865 737 2918 tum
760 2858 830 2937 quis
879 2858 1038 2937 Scriptura
1060 2861 1177 2929 narrat,
1195 2853 1366 2915 Rebeccam
1384 2850 1493 2911 abiisse
1507 2855 1543 2909 ut
1556 2849 1650 2912 iuter-

78 2949 120 3010 ille
132 2952 236 3013 modus
248 2953 290 3013 sit
303 2969 495 3032 exponemus
507 2963 571 3030 quo
589 2950 669 3012 inest
685 2951 719 3011 iu
738 2950 831 3012 rebus
877 2955 1003 3028 rogaret
1012 2948 1181 3009 Dominum
1196 2966 1203 3007 ι
1220 2945 1336 3005 «Nunc
1351 2942 1477 3003 interim
1489 2940 1651 3003 videamus

80 3043 204 3106 omnbus
225 3047 319 3120 Deus,
345 3050 498 3123 quantum
511 3042 551 3103 ed
567 3044 626 3104 ista
647 3043 831 3123 suspicanda
879 3041 955 3121 quid
977 3047 1023 3101 est
1045 3039 1130 3120 quod
1152 3038 1277 3112 dicitur,
1302 3035 1378 3096 ebiit
1397 3033 1535 3095 Rebecca
1557 3033 1651 3093 inter-

80 3132 642 3217 humaniseingeniiteuuitasettollit.
879 3131 1232 3213 rogareaduominum.
1249 3128 1343 3191 Abiit.
1364 3123 1650 3201 Quoabiittnxeo

879 3224 948 3287 loco
961 3226 996 3287 in
1011 3242 1075 3305 quc
1088 3241 1153 3285 non
1169 3228 1236 3284 erat
1254 3219 1417 3295 Dominus,
1434 3217 1510 3278 abiit
1528 3216 1651 3279 ndeum

880 3317 984 3379 locum
997 3318 1032 3379 in
1040 3333 1103 3397 quo
1113 3313 1198 3377 erat?
1208 3315 1275 3375 Hoc
1286 3311 1372 3373 enim
1381 3310 1504 3371 videtur
1513 3307 1651 3371 indicere

254 3424 461 3507 CAPUT
502 3425 631 3506 Vffl·
880 3429 954 3472 cnm
981 3410 1106 3484 dicitur,
1139 3407 1215 3468 abiit
1245 3406 1439 3482 interrogare
1468 3401 1649 3463 Dominum.

880 3504 990 3565 Nonne
1010 3502 1127 3581 ubique
1149 3504 1196 3561 est
1218 3496 1318 3559 Deus?
1343 3496 1454 3558 Nonne
1473 3494 1538 3573 ipse
1561 3492 1649 3570 dixit,

879 3596 994 3658 coelum
1008 3601 1039 3657 et
1051 3600 1167 3655 terram
1181 3609 1240 3669 ego
1254 3589 1371 3670 repleo,
1391 3587 1466 3648 dicit
1479 3583 1651 3647 Dominus?

80 3687 156 3752 [leun
173 3692 280 3775 ubsque
301 3712 359 3755 esse
376 3710 410 3753 ac
432 3691 516 3754 nollo
536 3690 660 3775 definiri
677 3691 773 3773 spatio
794 3709 832 3751 er
880 3689 948 3762 Quo
961 3705 1035 3766 ergo
1049 3686 1125 3747 abiit
1143 3681 1300 3747 Rebecca?
1315 3681 1380 3760 ligo
1397 3683 1474 3760 puto
1488 3677 1573 3757 quod
1586 3694 1651 3737 non

109 3784 287 3865 mtr'qumum
303 3784 501 3867 theeloporum
523 3783 830 3848 auetoritatecoavin·
879 3780 1000 3843 deloco
1018 3780 1057 3840 sd
1079 3778 1185 3838 locum
1205 3773 1326 3848 abierit,
1346 3772 1401 3833 sed
1417 3771 1456 3832 de
1468 3769 1533 3830 vita
1545 3768 1585 3829 ad
1604 3767 1650 3829 vi·

108 3876 189 3946 citur,
209 3880 264 3959 qui
284 3898 342 3939 non
361 3877 457 3939 selom
478 3876 651 3959 efficientia,
673 3874 722 3937 red
739 3876 831 3938 etiem
879 3873 973 3949 tam‘,
989 3879 1048 3934 ete.
1063 3892 1078 3929 o
1097 3872 1168 3930 Post
1182 3872 1294 3931 contre
1311 3883 1347 3926 ac
1365 3863 1499 3943 uyrillus
1518 3862 1649 3941 putavit,

108 3967 263 4032 substantia
282 3970 389 4052 udaque
413 3970 500 4031 illum
520 3989 577 4031 esse
596 3968 708 4031 decent.
740 3968 832 4030 Vario
880 3966 917 4025 de
938 3962 1121 4045 patriarchis
1139 3961 1200 4020 illis
1215 3955 1445 4036 antiquioribus
1465 3952 1571 4013 scribit
1585 3952 1648 4013 sic:

110 4077 142 4118 ex
163 4060 260 4124 tedes
288 4070 464 4144 arqumento
490 4061 530 4123 ad
558 4060 743 4144 prebendam
768 4060 832 4141 ejus
884 4080 899 4115 ιι
913 4056 1091 4118 Absurdum
1109 4070 1245 4131 namque
1259 4055 1306 4110 est
1325 4049 1351 4108 si
1369 4048 1413 4107 ita
1433 4045 1581 4125 putemus
1594 4044 1651 4105 im·

110 4150 332 4217 homenes
357 4154 420 4217 Cor
447 4155 480 4215 ιό
504 4154 574 4216 coelo
598 4154 751 4235 precipue
776 4170 832 4213 esre
880 4150 1012 4231 peritam
1021 4146 1115 4207 fuisse
1125 4144 1296 4206 Rebeccam
1307 4147 1339 4202 et
1347 4139 1516 4211 indoctum,
1531 4150 1602 4215 quse
1615 4137 1650 4196 in

110 4240 229 4307 dicatur.
880 4228 1651 4320 domosapieutishbrabaesnbvlroeruditissimo

880 4337 962 4397 lseec
972 4334 1073 4394 lueret
1085 4331 1237 4405 instituta,
1253 4333 1290 4389 ut
1300 4328 1384 4388 iutra
1396 4324 1533 4403 aliquem
1544 4321 1651 4383 locum

114 4428 134 4488 l.
152 4430 247 4494 Deum
261 4439 345 4495 certo
367 4434 467 4514 spatie
485 4432 617 4493 minime
638 4429 761 4491 deliniri
778 4429 831 4490 sed
880 4428 1049 4489 Dominum
1061 4423 1215 4507 putaverit
1233 4438 1298 4484 esse
1317 4418 1511 4492 conclusum,
1528 4420 1559 4477 et
1576 4413 1651 4475 illue

81 4516 180 4601 ubique
188 4532 373 4606 presentem
382 4525 631 4599 esse,testuhitur
641 4529 712 4585 ante
724 4539 832 4583 omnes
879 4521 940 4582 iret
949 4521 1153 4599 interrogare,
1169 4522 1227 4577 etc.
1239 4536 1254 4573 ν

81 4608 123 4672 ille
151 4616 211 4696 ipse
235 4619 289 4698 qui
316 4619 479 4680 contrarie
511 4617 667 4697 opinionis
697 4614 831 4695 speciem
921 4613 959 4674 ll.
986 4610 1152 4691 Antiquior
1175 4615 1308 4691 utroque
1335 4600 1525 4683 Theophilus
1547 4600 1653 4662 Antio

110 4907 240 4962 uCnurs.
260 4908 325 4965 Mox
340 4927 347 4962 t
363 4906 410 4959 liat
427 4904 471 4959 οὒκ
489 4899 542 4959 eise
559 4903 592 4958 δι’
621 4903 706 4958 stes·
732 4900 790 4955 ἀλλ’
816 4902 832 4955 ὃ
915 4901 1046 4958 eidem:
1066 4897 1297 4965 Τοιοῦτοςὸπάντη
1307 4897 1423 4968 παρεῖναι
1434 4893 1477 4948 τον
1488 4892 1541 4946 θεὸν
1554 4908 1652 4945 mro·

83 4984 193 5061 lntrrpor
206 4987 247 5057 ἦν,
262 4988 286 5044 ἐν
300 4988 377 5062 sitq».
881 4987 963 5057 μένος,
979 4984 1036 5056 οὐχὶ
1050 4981 1076 5035 δὲ
1094 4980 1118 5033 ἔν
1140 4981 1224 5043 τόποις
1242 4979 1305 5033 τισὶν
1324 4977 1469 5050 &propitiare
1481 4974 1652 5028 ιιαταπιιιλιιο·

111 5071 126 5124 b
142 5073 223 5128 Cen.
234 5075 317 5130 Arar.
338 5073 473 5126 Γινώσκετε
487 5067 529 5124 οὖν
544 5072 584 5125 ὅτι
598 5063 634 5132 εἷς
647 5070 700 5131 θεός
715 5067 790 5131 ἔστιν,
805 5070 832 5130 ὃς
881 5069 953 5140 μένον
965 5065 1108 5129 troisset,
1121 5064 1165 5115 ἵνα
1178 5063 1207 5130 δὴ
1222 5062 1300 5135 χωρὶς
1314 5060 1389 5113 atros
1402 5077 1463 5113 ποτε
1473 5055 1562 5123 οἰηθεὶς
1576 5049 1648 5121 εἶναι,

82 5151 148 5225 inis
157 5156 251 5210 πάντων
265 5155 387 5226 ἐποίησεν,
402 5156 444 5209 καὶ
458 5155 543 5217 τέλους
558 5152 668 5216 ἐξουσίαν
677 5152 751 5225 ἔχων·
768 5152 833 5205 καὶὸ
880 5150 920 5203 καὶ
935 5150 1024 5211 νύκτα,
1041 5147 1082 5198 καὶ
1098 5145 1150 5217 μεθ’
1168 5145 1262 5216 ἡμέραν
1278 5140 1452 5213 ἀκολασταίνῃ·
1473 5138 1555 5192 πάντα
1568 5139 1650 5192 τοίνυν

83 5233 184 5307 Remos,
198 5240 226 5301 tr
242 5239 272 5293 τὰ
298 5241 379 5294 πάντα
407 5239 463 5312 δρᾷ·
494 5237 634 5311 ἂχώρητος,
649 5238 677 5297 ὃς
695 5236 726 5289 τὰ
753 5237 834 5289 πάντα
881 5233 924 5287 τὸν
939 5233 991 5304 βίον
1007 5229 1091 5303 ἑορτὴν
1107 5228 1222 5299 trevere,
1242 5227 1321 5292 πάντη
1341 5223 1458 5301 πόντοθιν
1472 5222 1586 5292 saprum
1607 5221 1650 5276 τὸν

83 5322 157 5390 χωρεῖ·
172 5321 302 5391 bratteis,
313 5317 342 5377 oi
351 5322 382 5377 τὰ
394 5323 475 5377 πάντα
488 5319 669 5381 initiassent
683 5317 715 5372 δι’
729 5318 756 5371 ὗν
772 5316 831 5372 ἔστι.
881 5316 935 5370 θεὸν
951 5311 1116 5385 πεπεισμένοι,
1131 5313 1287 5382 γεωργοῦμεν
1301 5306 1434 5375 cirotecis,
1445 5310 1499 5360 ete.

108 5586 116 5627 l
129 5586 187 5631 Rom.
199 5589 231 5633 ti.
243 5590 265 5633 in
276 5591 328 5636 Gon.
337 5588 385 5633 -2
397 5592 448 5634 Gen.
463 5601 509 5633 ιιι.

1680 4640 1819 4738 Thfflnu'
