4096 6190
327 343 386 403 588
828 336 1153 399 Trinoroclcoutttt
1177 334 1394 397 coenaturi

327 507 419 579 clarc,
435 504 653 566 sesecundum
665 509 810 565 naturam
823 503 922 566 videri
935 522 1000 565 non
1009 520 1098 582 posse
1146 502 1245 564 rimus
1269 520 1277 562 :
1301 501 1384 581 quod
1410 499 1470 562 erit
1502 497 1610 578 utique
1633 496 1669 556 in
1692 491 1917 557 resurrectione

328 599 462 661 declarat
480 599 546 661 haic
566 598 743 659 adnotans:
774 596 977 658 «Videbimus
995 596 1098 675 ipsum
1147 611 1384 668 mortuom„
1406 602 1614 679 Qmmobrom
1636 598 1800 661 morsare
1821 598 1918 658 Deum

329 692 408 753 sicut
430 697 487 766 est,
503 709 568 752 non
581 690 752 752 sccrmdum
765 694 910 750 nonnam
922 689 1028 767 ntique
1055 686 1099 769 (id
1147 698 1188 759 ab
1201 697 1373 777 rogelim
1386 695 1554 758 adpotum
1563 689 1919 755 simflimdjnemevoefir
2028 752 2029 763 ἵ

329 784 538 846 enimnaturoe
548 778 1099 862 umtaeimpossibilecstpscdquidt
1148 789 1327 851 homimem
1350 787 1486 868 compi&
1508 805 1574 848 „011
1593 784 1747 847 dubitavit
1767 782 1920 860 flia-0125.
2028 786 2029 789 ¹

328 877 452 938 lustum
461 875 549 957 justi,
563 881 595 937 ct
607 881 725 937 castum
736 874 811 935 casti
822 873 1005 934 videbimus.
1020 873 1099 934 Nam
1148 899 1230 958 mus,
1251 881 1371 961 atejus
1396 884 1536 942 mentem
1560 876 1696 939 declarat
1716 873 1918 953 Augustinus.

328 968 369 1029 ad
386 967 519 1030 similem
540 966 744 1029 adhaerebunt
763 965 932 1026 similem.»
953 963 1015 1026 Sed
1034 963 1100 1025 lucc
1149 973 1238 1047 Quod
1249 980 1355 1036 autom
1372 972 1480 1052 «juxta
1492 976 1613 1032 arturo
1622 986 1685 1030 sua
1697 966 1920 1048 proprietatem

329 1060 457 1122 loannis
470 1059 682 1140 interpretatio
690 1056 878 1118 cavillatoria
888 1055 1100 1130 estQuamolr
1149 1065 1189 1126 oh
1202 1066 1289 1128 nun„
1309 1064 1408 1126 videri
1421 1069 1586 1125 mmm„
1602 1060 1692 1137 (lixit,
1712 1077 1751 1121 ω
1764 1076 1861 1120 „enm
1872 1057 1920 1117 in.
2029 1078 2030 1083 κ

329 1171 397 1214 rem
409 1153 490 1215 inter
504 1171 557 1213 eos
574 1149 829 1213 annumerandus
846 1149 931 1210 venit
940 1148 1097 1228 Origenes,
1148 1157 1352 1237 colligendum
1363 1162 1420 1233 ort,
1436 1172 1531 1235 quom
1544 1171 1638 1235 supra
1649 1151 1757 1233 postri3
1769 1149 1919 1212 nimirum

331 1245 385 1325 qui
415 1244 470 1306 Dei
497 1250 641 1306 flaturam
669 1242 757 1304 nulla
782 1259 870 1322 90³³&
896 1240 1102 1320 intelligentia
1150 1249 1288 1330 utplene
1301 1255 1395 1331 atque
1408 1267 1448 1311 ex
1460 1254 1526 1310 toto
1539 1246 1638 1308 videri
1655 1248 1803 1323 nequeat,
1820 1260 1922 1321 noque
2030 1290 2031 1313 ,

331 1338 448 1419 percipi
469 1342 629 1418 putarunt.
645 1335 733 1410 Quod
751 1353 788 1396 eo
808 1332 990 1413 improbius,
1005 1351 1100 1413 quam
1149 1360 1223 1404 oum
1242 1343 1396 1404 infinitate
1418 1340 1501 1403 ipius
1517 1336 1675 1419 adaquari
1696 1336 1797 1417 μὴ
1812 1333 1921 1397 jntgffi.

330 1429 453 1510 reliqui,
477 1428 623 1505 defendit,
644 1426 729 1508 qnod
754 1445 795 1488 ne
819 1425 948 1506 abipso
975 1425 1101 1505 quidem
1149 1435 1262 1515 gontjae
1274 1432 1549 1514 nortraeryognitig

332 1522 421 1600 Filio,
444 1522 493 1585 vel
517 1521 632 1602 Spiritu
650 1524 755 1581 sancto
775 1518 884 1594 videri,
901 1519 934 1579 id
948 1523 993 1579 est
1006 1518 1100 1596 clare,
1191 1528 1253 1589 Neo
1265 1527 1355 1589 alitor
1372 1526 1556 1607 exponenda
1574 1529 1658 1600 runt,
1673 1541 1746 1603 qua
1759 1538 1802 1583 ex
1814 1519 1921 1582 eodem
2031 1592 2032 1601 ,

332 1635 367 1677 ac
380 1614 551 1696 perspicue,
568 1616 598 1674 et
611 1617 647 1673 ut
658 1611 691 1673 in
704 1630 736 1673 sc
750 1617 807 1688 est,
830 1611 971 1691 cognosci
984 1611 1099 1672 docuit.
1150 1618 1342 1699 Hieronymo
1365 1622 1589 1680 wmmemome
1609 1614 1826 1695 Augustinus:
1845 1612 1921 1673 «vr.

331 1709 375 1770 llc
387 1726 448 1788 quo
462 1707 546 1769 illius
558 1723 663 1767 errore
672 1704 852 1766 fflximusin
864 1704 968 1784 primo
981 1702 1017 1765 de
1032 1703 1100 1766 Tri·
1151 1709 1224 1772 dero
1244 1713 1343 1772 Deum
1365 1709 1454 1772 sirati
1474 1714 1520 1771 ost
1538 1708 1573 1769 in
1594 1713 1706 1769 namra
1720 1723 1791 1782 sua,
1818 1703 1922 1765 oculus

331 1799 427 1863 nitate
439 1799 531 1861 libro.
548 1798 608 1860 Scd
622 1798 660 1859 de
674 1796 786 1859 Grecis
799 1796 949 1858 lractenus
963 1796 1103 1858 Panibus
1150 1802 1287 1865 hominis
1308 1821 1374 1864 non
1392 1807 1507 1883 potest;
1532 1818 1596 1862 non
1616 1799 1719 1861 solum
1740 1798 1921 1869 homones

331 1893 404 1955 satis
423 1892 533 1955 multa.
548 1891 640 1968 Nam,
662 1890 688 1950 si
708 1889 761 1970 qui
776 1894 850 1950 sunt
865 1889 927 1966 olii,
943 1889 1101 1951 iiscnten·
1151 1894 1265 1974 angeli,
1281 1912 1339 1956 nec
1351 1893 1468 1970 throni,
1484 1911 1542 1955 nec
1554 1897 1730 1974 potestates,
1746 1907 1808 1951 nec
1827 1889 1921 1949 domi·
2032 1890 2033 1919 ³

330 1987 389 2048 tias
415 1986 555 2061 illorum,
577 2003 613 2045 ac
632 1981 727 2044 verba
751 1981 846 2043 etiam
867 1999 1018 2062 ustupare
1038 1981 1103 2043 fere
1151 1987 1304 2064 nationes,
1314 2005 1373 2049 nec
1385 2003 1479 2048 omne
1491 2002 1620 2060 nomen,
1631 1983 1716 2063 quod
1729 1982 1920 2044 nominatur.

331 2079 441 2156 solent,
456 2076 627 2159 praesertim
639 2074 942 2154 verocnrysostomi.
1153 2080 1259 2161 Neque
1273 2080 1358 2142 onim
1377 2083 1517 2141 creatura
1536 2081 1638 2157 potest
1657 2076 1796 2157 aspicere
1812 2079 1922 2136 creato

371 2171 424 2231 Vl.
447 2171 536 2231 Nunc
553 2168 677 2230 Latium
690 2166 841 2247 quosdam
857 2182 1101 2246 percenseamus,
1152 2186 1220 2231 rem
1244 2187 1385 2231 suum.»
1413 2168 1487 2242 Qua
1510 2166 1637 2247 qrridem
1663 2164 1860 2245 Augustinus
1881 2163 1923 2224 sic
2033 2204 2034 2231 ι

332 2282 410 2344 quos
425 2262 610 2324 recentiores
629 2258 767 2338 theologi
784 2258 970 2319 deteriorem
989 2257 1023 2318 in
1036 2276 1104 2338 per·
1152 2262 1267 2337 attulit,
1292 2267 1329 2324 ut
1348 2261 1387 2322 de
1409 2259 1548 2340 corporis
1567 2264 1694 2339 aspectu
1716 2275 1756 2318 ea
1781 2261 1871 2336 putet
1884 2255 1923 2316 ab

332 2360 396 2417 tem
412 2355 489 2416 citra
501 2353 598 2414 ullam
618 2350 860 2413 controversiam
872 2349 1017 2425 trahunt;
1032 2367 1104 2412 cum
1154 2354 1344 2435 Hieronymo
1353 2371 1418 2415 esse
1429 2352 1544 2432 scripta
1549 2371 1558 2428 ;
1573 2350 1725 2412 nimirum
1739 2350 1924 2429 quodetiam

333 2448 394 2508 sint
415 2453 522 2509 tamen
541 2443 766 2506 nonnullorum
788 2442 935 2522 ambigua
957 2442 1047 2518 dicta,
1070 2447 1105 2502 nt
1153 2447 1279 2526 angelos
1288 2450 1465 2526 corporatos
1476 2462 1541 2506 esse
1556 2443 1704 2505 crederet.
1717 2442 1812 2516 Quod
1824 2447 1923 2502 tamen

333 2541 443 2602 codem
465 2539 569 2612 modo,
587 2555 657 2618 quac
675 2535 774 2598 Graeci
794 2535 840 2596 illi
853 2534 995 2616 superius
1007 2534 1102 2612 citati,
1154 2545 1186 2601 et
1202 2540 1429 2620 Hieronymum
1449 2536 1578 2599 sensisse
1598 2554 1663 2597 non
1681 2534 1807 2615 probat.
1824 2535 1924 2613 ltaque

334 2633 418 2694 credi
432 2632 549 2712 possint
563 2629 636 2690 talia
648 2627 814 2708 scripsisse.
1153 2626 1925 2707 verisimiliuscstnondesolorisncorporis,sed

375 2725 515 2786 Primum
527 2720 858 2802 Hieronymusabillis
872 2718 1015 2780 notatur¹
1027 2739 1035 2795 ;
1051 2719 1106 2799 qui
1154 2724 1193 2786 do
1215 2725 1330 2787 montis
1351 2726 1445 2786 otiam
1469 2724 1581 2784 obtutu
1614 2722 1847 2800 Hieronymum
1871 2719 1925 2779 ista

334 2818 368 2879 in
386 2812 662 2879 Conmentarzitud
675 2813 808 2894 primum
823 2810 910 2873 Isuioe
923 2820 1024 2893 caput,
1040 2812 1106 2874 hmo
1155 2813 1925 2897 dhisso‚otrspoommtr10msjgnjfioesge‚quoet
2035 2844 2036 2853 ,

335 2909 442 2985 hahet,
468 2926 538 2988 quae
566 2912 598 2968 et
628 2905 668 2967 ab
697 2905 869 2984 Augustino
882 2903 1103 2965 referuntur¹t
1156 2910 1211 2971 Hei
1232 2909 1413 2986 substantia,
1438 2916 1470 2971 et
1497 2926 1567 2988 quse
1593 2906 1627 2967 in
1654 2924 1693 2966 ea
1715 2906 1923 2971 continentur.

339 3003 463 3062 «Homo
484 3001 580 3080 igitur
593 2998 648 3060 Hei
667 2997 777 3060 faciem
797 2996 902 3058 videre
915 3014 981 3058 uon
994 3002 1104 3077 potest.
1155 3003 1315 3083 perspicue
1338 3021 1374 3063 ae
1400 3001 1523 3082 penitus
1547 2999 1719 3060 ridentur:
1739 2996 1840 3077 quam
1865 3013 1926 3057 esse

335 3094 445 3174 Angeli
463 3099 568 3155 autem
588 3092 681 3153 etiam
704 3090 908 3151 minimorum
925 3089 959 3149 in
979 3089 1107 3150 ecclesia
1156 3094 1465 3175 comprehensionem
1478 3093 1565 3153 illum
1579 3090 1688 3152 solide
1705 3108 1739 3150 se
1753 3106 1925 3150 concessum

334 3204 456 3267 semper
469 3184 696 3247 videntfaciem
706 3182 772 3243 Dei.
786 3183 824 3243 Et
837 3180 969 3242 nuncin
982 3181 1106 3261 speculo
1156 3189 1219 3249 Deo
1251 3205 1347 3267 supra
1379 3184 1674 3259 demonstravimus,
1700 3200 1768 3243 non
1800 3181 1926 3242 alteram
2036 3228 2037 3235 ,

334 3279 486 3354 videmus,
510 3282 541 3338 et
565 3275 600 3336 in
613 3275 790 3355 aenigmate,
811 3278 887 3335 tune
909 3279 1013 3334 autem
1029 3273 1107 3335 facie
1156 3279 1252 3354 illam,
1282 3285 1318 3341 ut
1343 3280 1378 3339 in
1403 3278 1515 3340 scholis
1534 3276 1696 3351 denium,
1725 3274 1771 3335 sic
1797 3273 1926 3353 sanquis

335 3370 511 3446 adfaciem,
527 3368 651 3449 quando
670 3367 708 3428 de
727 3365 908 3428 hominibus
928 3366 961 3426 iu
981 3366 1108 3445 angelos
1156 3372 1296 3452 ignotam
1317 3371 1479 3450 theologis.
1503 3371 1625 3431 Poterat
1655 3372 1765 3428 autem
1784 3366 1926 3445 Augusti·

335 3461 566 3543 profecerimus,
598 3465 629 3521 et
652 3458 846 3539 potuerimus
869 3475 941 3520 cum
960 3458 1108 3537 Apostolo
1158 3482 1227 3541 nus,
1244 3464 1299 3543 qui
1313 3463 1451 3544 corporis
1471 3460 1561 3522 oculo
1581 3462 1679 3521 Deum
1692 3476 1759 3520 non
1779 3456 1879 3519 videri
1892 3476 1927 3518 cx

336 3554 438 3616 dicere
453 3573 460 3614 :
476 3552 539 3613 Nos
559 3558 656 3613 aman
679 3569 775 3612 omnes
798 3550 930 3611 revelata
951 3548 1028 3628 socie
1045 3549 1107 3630 plo·
1158 3557 1350 3636 Hieronymo
1386 3554 1528 3617 studebat
1563 3552 1735 3625 ostendere,
1771 3550 1927 3611 disffliure

338 3645 416 3708 riam
443 3644 501 3707 Dei
524 3643 715 3725 speculantes,
746 3642 779 3703 in
804 3640 932 3703 eamdem
953 3641 1108 3722 imnprnem
1158 3648 1224 3728 ojus
1236 3648 1284 3709 uti
1295 3647 1485 3723 testimonio,
1501 3646 1585 3725 quod
1598 3652 1644 3707 est
1660 3645 1694 3704 in
1712 3642 1927 3707 cormeum

336 3739 586 3819 transformamur
605 3755 624 3796 a
646 3733 748 3816 pluria
771 3733 802 3794 rit
823 3732 961 3814 pluriam,
988 3735 1109 3814 quoia
1158 3740 1199 3801 ad
1209 3748 1325 3801 sentum
1338 3747 1427 3820 caput
1444 3738 1552 3806 loto,-
1567 3736 1621 3797 ubi
1640 3735 1807 3817 quoerenti,
1829 3753 1926 3815 aquo·

337 3829 460 3892 Domim'
481 3829 602 3911 spiritu.
632 3828 714 3888 Licet
738 3826 848 3888 faciem
875 3826 999 3887 Domini
1019 3826 1110 3903 Juxta
1158 3833 1252 3894 modo
1276 3832 1428 3912 Proplreta
1452 3831 1621 3892 Hominum
1646 3829 1761 3890 vidisse
1782 3845 1817 3889 sc
1839 3827 1926 3901 dicut,

338 3927 458 3984 naturae
477 3940 542 3983 sure
562 3920 783 4000 proprietatem
804 3917 892 3978 nulls
908 3917 1012 3979 videat
1028 3936 1111 3980 crea·
1159 3943 1231 3986 cum
1248 3924 1436 4003 evangelista
1452 3924 1588 3983 loannes
1601 3921 1723 3996 dixerit,
1741 3918 1838 3980 Dema
1851 3935 1928 3978 man

338 4021 425 4090 tura3
450 4019 556 4075 tamen
580 4019 655 4072 tunc
679 4016 784 4073 mente
814 4009 961 4082 cernitur,
985 4011 1110 4089 quanm
1160 4015 1420 4097 viridepodium»
1437 4014 1614 4094 respondet,
1638 4012 1732 4072 «Non
1756 4012 1860 4072 solnm
1880 4011 1930 4070 Pr

337 4106 501 4167 invisibilis
519 4102 710 4165 credent.»
736 4101 781 4165 Ob
802 4103 868 4163 haec
885 4105 1040 4182 postrema
1055 4120 1111 4183 pn·
1159 4109 1216 4169 tris
1227 4108 1432 4183 divinitatem,
1447 4108 1501 4168 sed
1524 4125 1564 4168 ne
1577 4104 1647 4166 lilii
1659 4103 1801 4182 quidem,
1817 4108 1849 4164 et
1864 4101 1928 4180 Spi-

338 4203 416 4276 tant,
438 4198 576 4259 funditus
588 4195 736 4276 denegari
754 4194 793 4256 ab
810 4194 1002 4274 Hieronymo
1017 4195 1111 4255 etiam
1160 4202 1238 4261 ritus
1249 4200 1358 4274 sancti,
1372 4199 1446 4279 quia
1459 4217 1524 4259 nna
1536 4199 1570 4258 in
1588 4197 1738 4258 ‘l'rinitate
1752 4201 1868 4256 natura
1877 4198 1928 4267 m,

338 4290 456 4370 angelis
472 4289 556 4370 ipsis,
581 4307 616 4349 ac
636 4288 735 4348 beatis
752 4285 829 4348 adeo
856 4287 975 4348 caeteris
996 4287 1111 4348 claram
1160 4306 1249 4369 posse
1284 4287 1389 4349 oculos
1428 4288 1530 4348 carnis
1562 4286 1710 4367 aspicere,
1744 4284 1799 4347 sed
1832 4282 1931 4345 oculos

339 4382 451 4443 ffldnae
469 4386 588 4443 natruae
602 4379 842 4461 perceptionem.
863 4379 951 4452 Quod
970 4379 1048 4439 nihil
1064 4385 1111 4441 ta·
1161 4380 1285 4457 mentis,
1294 4402 1309 4438 u
1325 4386 1384 4441 etc.
1395 4382 1440 4441 Ac
1450 4380 1577 4441 demum
1587 4377 1745 4440 concludit
1752 4376 1817 4437 sie:
1832 4376 1931 4454 engo

340 4492 413 4536 men
427 4480 472 4536 est
486 4491 619 4534 necesse.
638 4472 726 4533 Corte
738 4470 928 4551 Augustinus
941 4471 1027 4532 aliud
1041 4490 1113 4532 con·
1162 4474 1245 4534 Deus
1264 4478 1377 4534 natura
1401 4492 1466 4534 nou
1485 4472 1632 4547 cernitur,
1656 4469 1779 4552 (nempe
1801 4467 1933 4548 corporis

339 4566 438 4627 cludit
464 4565 575 4626 iisdem
602 4582 641 4626 ex
663 4563 793 4624 verbis:
823 4564 880 4624 «ln
904 4563 970 4639 his,
993 4563 1110 4643 inquit,
1162 4562 1705 4647 aspectu),sedrideturhominibus,
1716 4568 1755 4623 ut
1765 4560 1929 4634 volueritn

340 4656 442 4718 verbis
455 4656 592 4718 hominis
605 4656 661 4717 Dei
680 4655 780 4716 multa
793 4654 1016 4717 consideranda
1026 4661 1111 4716 sunt.
1162 4657 1247 4718 velut
1282 4657 1440 4737 prophetis
1469 4663 1500 4718 et
1533 4654 1730 4736 patriarchis,
1757 4653 1797 4715 de
1824 4651 1934 4732 qubus

341 4749 491 4821 Primum,
515 4749 589 4827 quia
613 4748 785 4809 secundum
805 4746 1030 4827 apertissimam
1052 4748 1112 4808 llo·
1163 4748 1407 4810 sermoillicest.

340 4840 419 4903 nini
436 4840 622 4903 sententiam
639 4839 733 4901 etiam
754 4839 820 4920 ipse
837 4839 947 4915 sentit,
966 4845 1043 4899 tunc
1056 4857 1114 4901 nos
1203 4840 1270 4902 Vll.
1293 4840 1474 4902 Ambrosius
1496 4840 1573 4902 item
1595 4839 1698 4900 fautor
1715 4836 1857 4915 ejusdem
1869 4833 1932 4915 opi·

340 4935 461 4995 curuos
478 4931 589 4994 faciem
605 4932 672 5010 Dei,
692 4947 764 4992 curn
786 4931 820 4992 in
837 4930 963 5010 angelos
977 4930 1112 5010 profece-
1164 4932 1266 4993 uiouis
1295 4933 1334 4994 ab
1362 4932 1489 5013 nuperis
1517 4931 1670 5012 theologis
1695 4929 1818 4991 laudari
1849 4927 1932 5003 solet,

381 5228 572 5286 aeternio
592 5228 603 5285 l
622 5231 699 5286 Jottn
718 5244 757 5284 ιιι.
787 5229 814 5286 2.
840 5224 968 5300 Ὀψόμεθα
983 5226 1056 5282 atres
1077 5247 1119 5282 κα-
1166 5249 1243 5304 χαιοι
1267 5236 1356 5304 yscart]
1379 5230 1457 5303 picci·
1486 5228 1552 5285 titt
1569 5229 1608 5298 τίς
1635 5227 1726 5283 δίκαιον
1741 5226 1843 5293 δίκαιοι,
1864 5223 1934 5297 &pit

347 5313 396 5375 θὼς
411 5311 486 5385 ἔστιν,
502 5311 530 5365 οὗ
544 5311 606 5366 κατὰ
622 5312 664 5381 τὴν
680 5312 750 5383 φύσιν
766 5312 891 5380 δηλονότι·
908 5315 981 5366 τοῦτο
990 5311 1037 5384 γὰρ
1057 5310 1119 5384 dyti-
1168 5313 1247 5389 dyest.
1257 5320 1294 5388 τῷ
1303 5314 1350 5387 γὰρ
1364 5314 1444 5388 ὁμοίῳ
1458 5312 1639 5389 epmptcorret
1652 5311 1695 5366 tel
1708 5309 1836 5385 oldpuor.

1204 5398 1221 5453 b
1240 5398 1308 5455 Arc.
1320 5396 1389 5468 legit
1406 5416 1414 5455 ι
1429 5400 1471 5456 Et
1483 5403 1552 5456 tune
1565 5401 1661 5453 mmte
1675 5399 1830 5453 coeam.

374 5517 384 5564 t
398 5515 432 5563 ld
445 5526 490 5562 rer.
504 5515 538 5562 to.
548 5536 576 5551 -
586 5515 601 5560 ἱ
611 5514 681 5573 Epist.
703 5526 744 5560 tn.
