4096 6190
420 354 470 413 HE
491 354 573 414 [1Εο
589 351 731 425 umbus
754 342 1094 415 PHOPHlETleBUS,
1119 341 1191 400 urb.
1216 338 1295 413 Vlll,
1321 338 1404 398 CAP.
1429 337 1479 397 lX.
1676 338 1747 395 out·

147 503 312 583 singularis
326 512 372 567 ast
397 497 497 581 atta,
517 507 571 567 sed
588 505 715 586 pluralis
736 503 770 564 in
783 500 915 563 usufre·
964 507 1027 567 aiat
1049 524 1062 566 .·
1089 505 1173 566 unde
1194 510 1225 566 at
1246 505 1345 566 Graeci
1364 504 1407 565 ita
1428 503 1574 576 reddunt,
1602 500 1645 562 Εῖ
1658 502 1737 563 eal·

147 597 309 673 quentiore
335 610 397 673 ast3
428 616 464 659 aa
490 602 555 659 tam
582 598 616 658 in
639 602 720 657 statu
743 591 915 673 regiminis,
965 598 1051 659 mdes
1076 616 1113 657 ea
1140 597 1313 659 calamitate
1343 595 1446 657 ueniet.
1475 592 1629 655 Nimirum
1655 594 1738 655 intur

148 706 244 765 quam
258 688 398 750 absoluto
416 690 553 769 ponitur.
566 692 610 750 Ex
623 708 685 768 quo
699 687 808 748 mirari
821 684 916 757 subit,
966 695 1150 769 argumenta
1182 688 1415 769 omnipotentie
1442 687 1519 747 illud
1553 691 1609 761 est,
1640 687 1735 765 quod,

149 779 376 859 Hieronymum
387 782 461 856 duo,
477 800 513 842 aa
525 782 667 842 distinete
681 799 719 842 ex
732 797 796 839 uno
812 776 918 837 fecisse
967 800 1038 843 oum
1050 782 1177 842 interire
1190 801 1254 843 non
1265 781 1360 862 possit
1374 782 1465 851 Deus,
1478 779 1641 839 interitum
1649 778 1739 839 affert

149 871 288 945 nomina,
303 891 375 933 aum
388 874 558 934 seeundum
571 892 636 935 asse
649 873 693 933 ait
705 868 841 944 Elotim,
855 873 917 928 ter·
968 874 1123 935 omnibus.

149 961 228 1022 tium
240 962 351 1038 Elati,
367 965 478 1043 quoda
492 966 593 1045 priore
606 967 731 1027 nonest
750 962 917 1035 diversum,
1007 967 1073 1027 Vll.
1096 968 1167 1043 Sed,
1196 972 1232 1027 nt
1259 966 1380 1047 plenior
1401 965 1511 1027 notitia
1541 970 1606 1025 tarn
1633 963 1737 1043 hujus,

150 1052 210 1113 nisi
221 1054 380 1133 regiminis
394 1062 486 1117 statu.
502 1058 618 1119 Dicitur
628 1058 714 1119 enim
726 1052 824 1130 nomba
832 1052 917 1133 rata,
969 1076 1063 1138 qiram
1086 1059 1252 1139 superioris
1274 1063 1304 1118 et
1326 1057 1489 1118 ineffabilis
1516 1056 1651 1118 nominis
1670 1074 1741 1117 oon·

150 1143 230 1205 Deru
256 1145 385 1223 morarer,
414 1149 463 1209 rel
485 1149 562 1211 liena
579 1152 771 1214 eaeeuituum.
796 1156 838 1214 De
860 1153 920 1213 boo
968 1155 1037 1226 stet,
1072 1151 1274 1231 expendenda
1304 1156 1376 1211 sunt
1403 1150 1455 1210 illa
1491 1149 1614 1210 Domini
1646 1147 1741 1209 verba

150 1237 220 1298 vide
236 1239 386 1300 [lambam
398 1240 432 1300 in
445 1241 525 1302 libro
538 1244 672 1304 seeundo
682 1244 775 1322 More,
792 1265 858 1326 cap.
874 1263 918 1321 vr,
968 1240 1074 1303 andi
1093 1260 1125 1302 vr
1142 1242 1227 1324 :Epo
1245 1242 1400 1318 Dominus,
1418 1241 1471 1323 qai
1491 1240 1624 1323 apparui
1643 1240 1740 1302 Abra-

151 1332 183 1388 et
196 1329 282 1390 Aben
304 1332 412 1407 Hezra,
435 1333 469 1393 in
485 1331 619 1396 Geneseoa
632 1335 767 1399 initium.
784 1339 919 1415 Constat,
970 1331 1049 1409 leam,
1074 1333 1167 1410 isaac,
1192 1342 1221 1396 et
1234 1333 1335 1402 lacot,
1358 1334 1389 1394 in
1409 1333 1470 1395 lieo
1490 1333 1693 1413 omnipotente,
1713 1340 1741 1392 et

152 1439 276 1483 aavoae
297 1428 364 1484 tum
383 1426 480 1486 Deum
496 1426 673 1505 significari.
696 1435 764 1491 tum
782 1431 919 1509 angelos,
971 1444 1074 1487 ιιοιιιθιι
1098 1445 1194 1487 meam
1218 1425 1335 1488 Admtai
1358 1444 1415 1485 aaa
1439 1423 1566 1485 abdicavi
1586 1423 1657 1485 eis‘.
1683 1425 1741 1485 Pro

152 1518 222 1574 tum
240 1514 374 1593 judiees,
395 1524 425 1578 et
444 1518 556 1579 illustri
569 1519 603 1579 in
627 1520 693 1581 loeo
717 1523 874 1602 dignitatis
887 1542 923 1583 aa
971 1518 1178 1599 otaaipoteate,
1202 1518 1236 1578 in
1258 1517 1387 1578 Hebraeo
1410 1521 1456 1577 ast
1476 1515 1606 1583 Saddai·
1633 1520 1664 1575 et
1685 1534 1741 1595 pro

152 1604 319 1668 functionis
339 1609 464 1688 positos.
489 1612 533 1672 Αθ
550 1629 608 1671 nos
628 1612 702 1673 alibi
721 1615 759 1676 de
779 1615 832 1676 illa
846 1615 923 1675 dixi·
971 1609 1100 1685 Adaaai,
1124 1616 1171 1671 est
1197 1628 1313 1671 nomeu
1338 1626 1505 1683 areanum,
1531 1608 1614 1687 quod
1632 1605 1742 1668 debota

154 1713 225 1755 mus
236 1692 258 1756 ¹.
971 1700 1089 1780 legunt.
1111 1702 1199 1763 Aban
1217 1703 1316 1763 Hezra
1329 1702 1363 1761 in
1384 1700 1613 1761 commentariis
1627 1699 1744 1778 opinio-

193 1789 290 1868 Large
302 1796 405 1853 autem
417 1797 522 1872 peceat
533 1793 692 1871 Eusebius,
706 1796 802 1874 quiin
815 1795 922 1857 libili
972 1811 1046 1853 nem
1065 1792 1159 1854 refert
1183 1795 1219 1855 R.
1243 1796 1259 1853 J
1263 1793 1359 1854 esuah
1386 1792 1589 1853 existimantis
1611 1790 1742 1870 patriar-

154 1876 189 1938 de
210 1878 432 1962 Proeparatebue
454 1884 648 1966 Evanqetica,
673 1907 740 1967 sap.
759 1905 803 1963 vr,
824 1888 923 1948 Eloim
973 1885 1046 1945 abas
1059 1890 1178 1947 veteres
1190 1893 1262 1947 anta
1278 1887 1392 1947 blosem
1414 1903 1479 1945 non
1494 1883 1671 1963 cognovisse
1685 1901 1741 1942 no-

155 1971 214 2032 diei
226 1973 269 2034 ait
281 1983 347 2056 παρὰ
360 1984 427 2052 τῖῆλ
441 1978 480 2037 ab
490 1977 543 2054 El,
559 1981 642 2058 quod
656 1986 702 2041 est
712 1998 828 2041 nomen
839 1979 924 2040 alind
973 1995 1047 2037 men
1086 1977 1162 2038 illud
1202 1982 1496 2056 tetragrammaton,
1530 1974 1671 2053 quamvis
1706 1993 1743 2034 eo

155 2063 221 2124 Dei.
247 2067 307 2127 Sed
320 2068 440 2129 diversa
457 2070 617 2149 utriusque
635 2077 681 2133 est
700 2073 798 2151 origo,
818 2076 854 2132 ut
867 2091 923 2132 no·
973 2088 1199 2150 nonnunquam
1212 2070 1252 2131 sit
1264 2088 1350 2143 usus,
1366 2086 1438 2128 aum
1451 2086 1504 2127 eos
1517 2068 1741 2147 alloqueretur3

127 2200 133 2209 .
155 2157 286 2218 runtvel
304 2158 412 2221 lexiter
425 2161 597 2222 Hebraismi
611 2163 712 2242 periti.
732 2165 806 2224 Haee
819 2169 925 2225 autem
974 2166 1009 2221 ut
1022 2180 1094 2222 eum
1107 2164 1151 2223 ita
1163 2162 1237 2223 dicit
1251 2161 1405 2222 Abraamo
1418 2179 1425 2219 ι
1437 2158 1469 2221 E
1468 2178 1504 2239 ρο
1520 2158 1673 2233 Dominus,
1692 2156 1746 2239 qai

156 2249 307 2327 posterior
320 2251 412 2313 dictio
425 2252 533 2332 fortem
545 2255 669 2334 proprie
683 2256 833 2335 designat.
973 2252 1066 2314 edaai
1077 2262 1105 2314 te
1117 2252 1152 2315 de
1173 2252 1216 2316 llr
1232 2253 1257 2316 C
1257 2250 1471 2315 talamarum&
1487 2252 1547 2312 Sed
1560 2252 1627 2311 baeo
1640 2250 1744 2330 opinio

196 2341 238 2400 De
261 2342 397 2403 nominis
415 2343 531 2406 Saddai
548 2346 802 2425 interpretatione
825 2347 926 2426 major
974 2347 1085 2406 merito
1099 2346 1249 2426 displieet.
1272 2346 1372 2419 Quare
1393 2344 1447 2423 qui
1466 2342 1654 2423 probabilius
1664 2341 1746 2421 judi·

156 2436 203 2493 est
215 2434 356 2511 quaestio.
375 2435 462 2508 Quod
484 2437 692 2517 Hieronymus
711 2439 763 2515 ait,
788 2440 866 2499 verti
884 2439 924 2499 ab
974 2443 1055 2514 eant,
1071 2437 1104 2498 in
1118 2455 1155 2499 eo
1177 2438 1383 2511 consentiunt,
1400 2454 1456 2516 por
1478 2452 1592 2495 nomen
1615 2453 1680 2494 non
1693 2433 1743 2493 lit·

157 2525 267 2603 Aquila
281 2534 396 2607 ἄλκιμον,
415 2528 523 2606 «qnod
537 2548 604 2603 nos,
619 2530 732 2609 inquit,
749 2530 922 2609 robustum,
973 2534 1056 2590 teras
1078 2529 1155 2609 ejus,
1180 2549 1216 2590 aa
1239 2548 1351 2590 sonum
1371 2527 1513 2606 intelligi,
1536 2527 1589 2587 sod
1611 2527 1686 2601 vim,
1710 2545 1746 2585 aa

156 2621 188 2676 et
197 2617 399 2679 sufficientem
408 2619 448 2679 ad
457 2621 562 2680 omnia
574 2622 780 2700 perpetranda
789 2623 925 2701 accipere
975 2621 1284 2701 proprietatem.Ego,
1299 2621 1411 2701 inquit,
1422 2619 1643 2699 interpretante
1657 2619 1746 2679 Aben

156 2726 356 2786 possumus.»
386 2710 474 2770 Aban
499 2712 596 2770 Hezra
623 2713 656 2771 in
685 2719 807 2772 sextum
835 2720 926 2794 eaput
975 2714 1081 2788 Hezra,
1107 2719 1217 2774 notum
1234 2730 1284 2772 me
1304 2712 1364 2772 illis
1385 2711 1454 2785 feni,
1479 2731 1515 2770 ao
1535 2710 1635 2788 reipsa
1655 2727 1745 2769 mou·

157 2797 258 2859 and.
280 2806 310 2860 et
330 2801 472 2861 Kimbius
494 2801 526 2861 in
548 2801 709 2863 Radicibas
733 2805 889 2866 deducunt
907 2826 926 2866 a
975 2804 1069 2864 stram
1091 2823 1141 2864 me
1166 2823 1230 2864 esse
1252 2802 1385 2876 Serdaioi,
1410 2803 1469 2862 boo
1492 2807 1538 2861 est
1559 2802 1675 2881 fortem,
1697 2800 1746 2860 vel

157 2891 252 2949 verbo
266 2909 344 2966 nm,
369 2893 452 2972 quod
467 2900 512 2954 est
534 2893 676 2975 diripere,
699 2900 730 2956 et
751 2905 875 2971 vastare,
891 2903 927 2957 ut
976 2895 1179 2956 sufficientem
1192 2896 1226 2955 in
1239 2895 1299 2954 illis
1312 2893 1532 2973 gubernandis,
1553 2898 1645 2972 atquo
1660 2892 1747 2952 omni

157 2981 315 3058 eutastma,
340 2986 424 3065 quod
446 2986 490 3046 ait
513 2988 733 3067 Hieronymus,
759 3007 794 3049 ao
819 2990 927 3070 sortem
977 3006 1046 3066 ope,
1078 3007 1114 3049 aa
1136 2987 1273 3048 subsidio
1309 2986 1457 3047 levandis.
1486 2986 1603 3046 Verum
1630 3002 1746 3045 nomeu

158 3075 320 3153 exprimat.
344 3077 383 3137 Αῖ
406 3077 504 3137 Rabbi
531 3080 630 3139 Moses
657 3079 691 3139 in
718 3079 797 3141 libro
826 3082 927 3160 primo
977 3097 1083 3140 meum
1102 3094 1168 3145 tntu
1192 3098 1257 3139 11011
1277 3078 1409 3139 indicati
1432 3078 1502 3151 illis,
1525 3077 1747 3156 q11ia‚l³metsi

159 3165 274 3242 Meret,
303 3188 342 3228 ex
375 3170 495 3230 duabus
526 3171 643 3232 vooulis
670 3172 835 3233 conflatam
863 3192 928 3234 esse
976 3171 1054 3232 illud
1079 3171 1246 3232 audiissent
1273 3175 1304 3232 et
1326 3170 1448 3245 seirent,
1468 3169 1532 3229 aim
1551 3175 1657 3230 tamen
1682 3169 1747 3247 ejus

158 3259 325 3321 (bobonem
339 3266 437 3340 putat,
461 3282 531 3342 quae
550 3269 632 3337 sunt,
645 3280 672 3332 m
682 3282 739 3342 pro
758 3280 837 3340 ama,
853 3271 884 3326 θῖ
898 3283 928 3334 ιι
978 3262 1172 3342 ignorabant.
1190 3264 1260 3323 Non
1274 3261 1358 3323 enim
1372 3261 1552 3337 didicerant,
1569 3280 1619 3322 me
1634 3260 1676 3321 ita
1689 3281 1746 3321 no·

159 3353 247 3431 quasi
267 3353 367 3414 diem:
382 3354 442 3430 Oui
461 3362 503 3415 est
522 3354 680 3435 sufficiens.
698 3356 753 3416 Cui
773 3362 929 3418 consenta-
978 3355 1101 3431 minari,
1117 3355 1190 3434 quia
1203 3373 1267 3414 suae
1288 3354 1322 3427 is,
1336 3353 1524 3434 quiest:vel
1537 3372 1597 3429 ero,
1612 3352 1745 3434 quierit.

159 3463 217 3505 nea
231 3463 293 3504 vox
306 3450 351 3505 est
366 3444 563 3525 Omnipotens,
583 3465 679 3525 quam
700 3446 729 3507 ei
753 3454 859 3508 noster
879 3449 928 3507 in-
978 3447 1066 3521 Quod
1085 3447 1202 3507 Mosam
1223 3447 1360 3526 primurn
1382 3443 1486 3505 andi
1504 3445 1594 3505 tertio
1611 3442 1746 3505 (laenit‘.

158 3541 277 3616 terpres
288 3537 500 3598 accommodat
517 3537 622 3599 Exodi
633 3556 675 3598 ιι.
693 3539 746 3600 Ille
767 3540 851 3600 enim
865 3559 931 3600 om·
980 3540 1045 3599 Hae
1058 3539 1141 3599 enirn
1150 3538 1325 3617 significant
1338 3536 1396 3597 ista
1408 3536 1513 3597 rerba.
1527 3534 1635 3613 atat,
1653 3535 1750 3597 eseber

159 3628 303 3708 nipotens
316 3634 372 3702 est,
396 3629 449 3708 qui
471 3630 577 3690 omnia
596 3630 688 3690 babet
711 3630 745 3691 in
768 3637 928 3711 potestate,
979 3630 1071 3692 etielr.
1088 3631 1176 3705 Quod
1189 3648 1289 3690 unum
1304 3648 1343 3690 ex
1361 3629 1414 3690 Dei
1428 3629 1607 3689 nominibus
1620 3647 1747 3708 compu-

160 3721 272 3801 euique
284 3721 362 3781 nihil
376 3721 471 3796 deest,
487 3727 519 3782 et
530 3727 576 3782 est
594 3744 609 3779 ι
618 3723 678 3783 sibi
692 3723 775 3783 solus
786 3723 851 3803 ipse
866 3724 928 3783 suf·
978 3728 1025 3784 tat
1037 3724 1250 3803 Heronymus;
1266 3722 1304 3782 de
1319 3740 1380 3799 quo
1395 3721 1463 3781 vide
1477 3739 1546 3799 quae
1560 3738 1654 3799 supra
1674 3719 1750 3780 dixi·

159 3809 322 3885 ficiens⁶,a
336 3814 371 3869 ut
380 3810 508 3870 basilius
518 3810 718 3871 seleuciensis
726 3811 780 3872 ait.
793 3813 929 3892 Utraque
979 3812 1081 3890 mus⁵,
1100 3818 1136 3874 ut
1150 3819 1180 3874 et
1194 3814 1232 3873 de
1250 3812 1346 3872 altero
1363 3811 1501 3889 nombre,
1517 3813 1601 3891 quod
1615 3817 1661 3871 est
1674 3809 1749 3878 lala:

161 3902 328 3980 probabilis
346 3907 392 3962 est
415 3903 512 3981 origo.
538 3904 694 3964 Ridiculus
717 3910 762 3965 θεῖ
783 3904 929 3982 Oleaster,
980 3925 1038 3966 neo
1054 3925 1119 3967 nou
1137 3905 1175 3966 de
1194 3903 1325 3966 essentia
1344 3904 1408 3979 bei,
1425 3922 1520 3983 quam
1541 3923 1606 3965 esse
1619 3905 1748 3965 demon·

161 3996 244 4074 quia
255 4014 329 4056 voce
348 4013 407 4070 am,
422 3996 471 4056 rel
489 4011 573 4063 nram
591 3997 724 4070 deducit,
750 4016 819 4075 qnae
842 3997 931 4058 ubera
980 3999 1144 4059 stravimus
1156 3998 1190 4056 in
1203 4015 1240 4057 eo
1255 3995 1396 4075 positam,
1408 4000 1444 4055 ut
1457 3996 1506 4072 sit,
1523 4001 1554 4056 et
1568 3995 1688 4056 existat.

161 4086 320 4165 signifieat.
336 4088 427 4168 Apud
441 4086 560 4147 loolem
581 4093 678 4149 exstat
701 4088 824 4166 elegans
838 4107 929 4167 paro-
1021 4089 1167 4168 Sequitur
1188 4105 1304 4147 nomeu
1325 4085 1471 4162 Sabaoth,
1494 4088 1577 4167 quod
1599 4087 1750 4167 Hierony·

162 4178 314 4255 nomasia,
334 4179 448 4254 «Quasi
461 4179 589 4239 vastitas
603 4184 756 4259 apotente
766 4181 870 4240 veniet
880 4179 902 4239 l.
912 4202 927 4237 ι)
981 4199 1050 4241 mus
1064 4180 1117 4255 ait,
1140 4180 1340 4258 Septuaginta
1353 4178 1488 4239 seniores
1511 4180 1668 4241 interdum
1682 4199 1750 4239 ver-

163 4272 222 4331 Sed
238 4272 368 4333 Hebraea
389 4290 506 4332 nomon
523 4288 583 4340 rw
598 4271 736 4333 elenvaro
754 4273 932 4333 videntura
981 4278 1046 4332 tere
1059 4272 1291 4352 omnipotentem,
1311 4271 1468 4332 interdum
1490 4270 1662 4332 metatam&
1679 4273 1753 4346 Quae

163 4363 257 4424 verbo
281 4381 360 4439 tum,
389 4365 472 4443 quod
494 4370 540 4424 θεῖ
562 4372 675 4425 uastare
690 4382 702 4424 .’
721 4369 870 4445 tanquam
889 4365 933 4424 ita
982 4365 1090 4425 eodum
1124 4364 1217 4424 ambo
1253 4363 1413 4436 roridinrt,
1445 4362 1470 4423 si
1504 4363 1684 4445 astripotens
1714 4364 1754 4424 sit

163 4456 347 4517 vertendum
366 4464 455 4531 esset,
480 4455 523 4517 Et
543 4456 663 4518 uastitas
683 4478 702 4517 a
721 4464 863 4518 vastatore
885 4475 931 4517 ae·
982 4466 1167 4537 παντοκράτωρ,
1192 4454 1223 4515 id
1252 4460 1298 4516 θεῖ
1324 4454 1456 4516 omnibus
1484 4454 1647 4516 dome‘aaas.
1675 4457 1754 4517 Sunt

166 4912 253 4985 σεμνὸν
274 4909 314 4981 ἦν,
335 4912 369 4974 ὡς
391 4909 416 4965 ὂν
438 4912 552 4972 πετάλοις
573 4912 716 4983 γράφεσθαι,
737 4912 778 4963 καὶ
793 4911 878 4982 μηδενὶ
903 4908 934 4962 τὰ
983 4910 1049 4977 teria.
1063 4909 1096 4964 Et
1107 4911 1184 4964 Orat.
1195 4907 1232 4964 de
1244 4907 1358 4964 caraea
1370 4908 1467 4972 Abale,
1480 4907 1586 4970 ἇιενόεὲς
1601 4908 1629 4962 τὸ
1643 4909 1715 4963 bstou.

166 4998 300 5068 γράμματα
321 4993 408 5056 ἐξεῖναι
429 4997 534 5067 φρονεῖν,
559 4992 615 5046 ἀλλ’
636 4995 651 5061 l,
674 4995 743 5065 μόνῳ
758 4998 794 5064 τῷ
815 4992 933 5065 ἀρχιερεῖ.
1021 4990 1126 5049 bloel.
1148 4992 1168 5046 Ι.
1194 5008 1240 5048 xv.
1263 4999 1346 5051 ‚atat
1367 4999 1455 5051 ’111113
1471 4999 1549 5051 'tlibi
1567 4992 1644 5048 LXX.
1661 4992 1706 5044 Καὶ
1721 4991 1754 5056 ὡς

166 5079 218 5131 νυνὶ
230 5078 267 5145 bl,
283 5080 316 5142 ὣς
328 5080 358 5132 τὸ
369 5079 456 5151 τυχὸν,
471 5077 537 5131 οὕτω
547 5077 706 5149 περιρέρορει
718 5075 793 5129 αὐτοῦ
807 5075 837 5129 rb
846 5075 936 5148 ὄνομα.
986 5075 1139 5146 ταλαιπωρὲα
1153 5072 1179 5127 ἔκ
1193 5074 1359 5145 ταλαιπωρίας
1372 5071 1433 5139 ἥξει.

203 5179 224 5218 ιι
242 5162 328 5219 Βιειι.
345 5164 460 5219 Saarna.
474 5159 691 5217 braidemus.
708 5160 767 5221 θεὸς
782 5160 857 5231 μόνος
871 5157 939 5212 ἀνεν-

168 5505 182 5550 ⁰
193 5444 205 5550 11
221 5442 268 5487 Lib.
280 5441 300 5487 11
310 5442 337 5487 ἀι
349 5441 427 5493 Trtait,
440 5452 488 5497 asp.
497 5450 537 5491 ιιι,
549 5451 572 5483 u.
580 5439 602 5483 t.
611 5458 638 5471 -
647 5438 662 5482 1
672 5438 741 5484 Basa.
751 5448 780 5488 ιι,
788 5437 808 5481 11.
821 5455 848 5470 ·-
858 5437 872 5480 t
882 5438 935 5482 Gaia
948 5447 983 5487 rr,
995 5436 1015 5480 7.
1028 5457 1055 5469 -
1071 5436 1081 5479 1
1094 5416 1162 5481 &aab
1178 5445 1214 5486 ιιι,
1229 5435 1262 5478 11.
1275 5455 1301 5467 -
1312 5434 1326 5478 t
1338 5433 1385 5478 bib.
1400 5434 1410 5478 1
1424 5434 1450 5478 da
1462 5436 1504 5479 Dea
1516 5446 1564 5490 asp.
1578 5445 1607 5485 ιι,
1620 5445 1684 5480 uum.
1695 5435 1716 5478 b.
1728 5454 1756 5467 ·-

204 5516 218 5550 ιι
230 5506 297 5552 tuat.
307 5515 326 5549 a.
339 5514 354 5547 ι.
