4030 6204
320 324 380 386 aaa
825 316 1149 382 Tuuutouluouuu
1176 316 1394 384 uouulauu

320 505 438 550 nomen
457 486 516 547 sihi
538 483 663 567 perfecti
682 484 829 561 vindicat,
844 491 876 546 et
889 485 1036 565 parentis,
1060 489 1093 549 et
1141 486 1274 561 Caluini,
1312 488 1417 563 Bere,
1453 502 1489 548 ae
1524 486 1676 550 similium
1701 492 1912 550 monshorum

315 580 446 660 judicisJ
481 578 616 640 maxime
647 595 718 638 eum
753 576 854 638 omnis
885 577 960 639 mali
990 577 1092 657 operis
1140 578 1644 659 blasphemiepropulseturttum
1653 582 1809 642 recentior
1824 582 1912 643 etiam

320 673 434 734 vindex
446 671 496 749 sit,
512 676 543 732 et
551 669 650 748 judex
661 689 669 729 ι
681 668 829 750 quioniam
844 675 875 730 et
887 688 952 730 non
965 669 1092 731 aliunde
1141 671 1200 731 ista
1213 676 1427 750 oompescatur
1440 672 1596 752 opinionis
1614 673 1755 749 licentla;
1771 690 1846 753 qaue
1862 688 1913 754 per

320 765 453 826 occurrit
469 763 590 825 homini
613 762 742 838 malum,
762 761 823 823 uisi
840 761 954 823 abono
969 764 1033 823 Deo
1046 776 1094 823 re-
1141 767 1355 843 contemptum
1366 765 1556 827 auctoritatis
1568 766 1821 846 tantta,grassari
1834 766 1913 828 inati-

320 856 468 920 acuisset.
485 856 550 917 Hoc
569 860 673 916 autem
688 854 789 935 ipsum
812 854 847 914 in
859 855 986 916 homine
999 854 1093 915 dano·
1141 854 1201 915 tuit
1209 855 1517 933 adeamnovitatcm,
1532 864 1569 919 ut
1577 857 1910 939 pecaatnmdirecteet,

319 952 414 1025 tatur,
430 966 495 1010 non
508 948 584 1027 quia
596 965 719 1009 necesse
732 946 801 1023 fuit,
817 947 871 1007 aed
884 947 959 1026 quie
971 947 1036 1027 ipse
1049 947 1094 1009 sie
1141 951 1177 1007 ut
1190 944 1276 1028 loqui
1290 946 1399 1018 solent,
1419 948 1601 1025 formaliter,
1617 964 1686 1013 rcm
1699 968 1766 1013 esse
1779 950 1910 1031 aliquam

319 1041 456 1103 volarit.»
478 1040 645 1120 Gregorius
665 1040 741 1100 item
762 1039 942 1119 Nyaseuus:
963 1039 1090 1116 «Nulla,
1141 1044 1299 1116 assereret,
1315 1040 1376 1102 hoc
1388 1048 1434 1103 est
1446 1043 1615 1124 positivum
1628 1043 1802 1125 quippiam.

319 1134 432 1213 iuquit,
442 1133 530 1213 origo
540 1131 615 1193 mali
629 1131 668 1192 ab
678 1130 784 1192 divina
794 1130 954 1192 uoluntate
966 1131 1093 1193 initium

319 1225 449 1305 sucepit.
472 1223 597 1304 Alioqui
619 1228 706 1284 extra
726 1222 999 1302 reprehensionem
1014 1221 1094 1284 foret

320 1316 457 1391 malitia,
487 1334 557 1396 quae
587 1314 646 1376 sihi
681 1314 847 1391 faetorem,
876 1319 908 1375 et
934 1316 1092 1376 auctorem
1372 1293 1567 1377 CAPUT
1612 1296 1694 1379 Vl.

319 1408 499 1470 inscriberet
517 1409 628 1469 Deum.
645 1406 705 1467 Sed
727 1405 766 1467 ab
787 1406 928 1467 interiori
941 1408 1091 1486 quodam·

319 1500 413 1563 modo
435 1499 555 1562 melum
575 1499 691 1572 oritur,
715 1498 874 1559 voluntate
901 1504 976 1559 tuno
994 1499 1093 1561 mera

319 1593 505 1669 conflatum,
521 1609 595 1653 cum
609 1588 648 1650 ah
670 1608 718 1666 eo,
740 1590 825 1669 quod
847 1591 1013 1652 honestum
1033 1598 1089 1668 eat,
1142 1583 1908 1669 Βθθθίινέυοσαπΐιίιηριιιιῠιίίιιιιβιιιαιιιμρ

294 1684 446 1764 quidam
459 1683 828 1744 fitanimusrccessussso
1103 1705 1106 1710 ·
1180 1675 1816 1761 ceciq.Ecplicuruuccouaoe,propterquua
1830 1680 1905 1749 mut,

359 1776 546 1838 Athanasius
573 1793 697 1855 quoque
716 1774 797 1835 libro
820 1772 855 1835 de
878 1774 1021 1839 Scluturi
1042 1774 1093 1837 ud·
1182 1766 1215 1828 *Ἀ
1228 1767 1519 1849 θεΐρθθταίἱιηθπιίί
1531 1768 1648 1848 effector
1656 1769 1909 1853 Decusqwdum

321 1873 407 1927 antu
422 1862 539 1927 Christi
546 1883 558 1926 .·
569 1865 709 1924 «Verum
722 1863 876 1942 injustum
893 1882 1000 1925 rursus
1014 1870 1094 1927 esset
1181 1858 1908 1944 sitfactua:qaoduousitmutulilir:puoduutum

320 1957 375 2019 Dei
392 1957 557 2036 judicium,
580 1956 692 2036 inquit,
708 1973 771 2034 quo
790 1956 1014 2017 condemnatur
1026 1958 1090 2034 ille,
1181 1949 1512 2032 lesmonasterium
1529 1972 1645 2035 espec.
1664 1953 1729 2017 Cur
1747 1955 1908 2026 uncinos

319 2049 373 2130 qui
385 2050 533 2131 peccavit.
549 2049 628 2109 Nam
648 2048 674 2109 si
687 2047 858 2128 implicatas
877 2054 1000 2128 peccato
1012 2051 1093 2130 cogi-
1181 2051 1269 2105 cerro
1280 2043 1375 2106 Deum
1388 2044 1563 2115 situatum,
1579 2064 1631 2108 uec
1648 2045 1685 2109 uh
1704 2046 1828 2130 rhficrs'to
1845 2048 1906 2110 icoo

318 2142 452 2204 tationes
465 2141 646 2203 molliusest
659 2142 750 2215 Deus,
765 2158 902 2219 quonam
918 2147 1007 2220 pacto
1017 2160 1091 2203 oon·
1177 2134 1357 2216 profiiyelur
1367 2156 1377 2197 ··
1387 2135 1457 2198 Nou
1467 2156 1551 2219 poste
1563 2157 1621 2200 esse
1631 2158 1777 2201 amamur
1793 2139 1904 2202 mulsa·

319 2234 446 2295 damnat
469 2252 557 2311 eum,
582 2233 638 2312 qui
661 2232 1093 2312 peccaveritliuslaudentius
1181 2229 1277 2288 Deum
1293 2227 1370 2288 muli
1387 2230 1450 2309 ejus
1469 2238 1617 2293 auctorem
1637 2226 1809 2315 essesquod
1828 2232 1907 2315 culpa

318 2326 393 2388 itam
407 2326 579 2394 Brixianus,
596 2342 738 2386 sermone
761 2325 852 2386 tertio
875 2324 910 2385 dc
923 2325 1066 2388 Pusrlcute
1080 2345 1092 2389 .·
1181 2328 1273 2382 amet.
1290 2321 1349 2395 Qui
1361 2330 1464 2384 matra
1476 2331 1636 2385 mutarunt.
1654 2323 1821 2387 Dorotheus
1832 2342 1907 2387 m

322 2419 434 2480 «Certe
448 2419 583 2497 ingentis
605 2416 758 2521 sacrilegii
772 2422 827 2491 est,
849 2417 961 2496 inquit,
976 2418 1026 2478 vel
1043 2437 1093 2480 co-
1181 2418 1275 2474 satur.

318 2510 426 2589 gitare,
447 2510 530 2589 quod
544 2512 636 2585 Deus,
659 2509 714 2589 qui
732 2528 797 2569 non
815 2508 916 2569 solum
932 2509 1034 2571 honus
1062 2515 1093 2572 et

315 2601 590 2680 J'ustus,sed1psa
611 2600 732 2661 bonitas
755 2607 845 2661 estet
865 2600 931 2680 ipsa
957 2601 1089 2680 justitia,
1182 2598 1390 2659 Nuncoausaa
1402 2597 1520 2677 aliquot
1535 2598 1667 2661 referam
1680 2598 1904 2684 iisdemexon·
1957 2628 1996 2673 ι.

318 2692 626 2773 veljuheataliquid,
637 2692 860 2771 velcogatfieri
863 2693 1092 2772 ,quodfactum
1141 2690 1235 2769 tiquis
1248 2690 1358 2770 petitas
1370 2690 1532 2770 theologis,
1548 2697 1766 2773 propterquaa
1780 2694 1862 2768 mali,
1876 2694 1990 2790 illm

318 2786 453 2848 damnet.
466 2807 481 2843 u
499 2785 638 2865 Denique
653 2784 933 2864 augustinusque,
950 2804 1013 2865 quo
1027 2805 1091 2847 uno
1141 2801 1174 2842 es
1175 2783 1318 2861 peccati
1329 2789 1436 2843 auctor
1447 2788 1478 2843 et
1493 2784 1656 2864 impulsor,
1670 2791 1708 2845 ut
1720 2786 1966 2880 imprusl'al
1935 2792 1991 2833 Μ*

317 2878 381 2940 fere
394 2878 452 2939 niti
466 2896 498 2938 se
510 2877 654 2938 Colunus
666 2876 858 2956 profitetur
850 2895 885 2937 ιιι
899 2877 1092 2958 desponsione
1141 2874 1234 2935 tinus
1260 2874 1405 2950 affirmat,
1428 2892 1493 2936 esse
1517 2882 1652 2956 nequeat
1675 2878 1768 2939 Deus.
1795 2861 1933 2940 Harum

318 2969 358 3031 od
378 2969 514 3031 surculos
530 2968 580 3050 [αἱ
579 2988 610 3029 ιο
567 2967 687 3029 larii
712 2968 868 3049 impositos,
884 2969 1012 3031 articulo
1041 2973 1088 3048 lo,
1141 2968 1242 3046 prima
1268 2973 1314 3027 est
1339 2967 1407 3043 illa,
1433 2985 1527 3047 quam
1554 2969 1748 3047 Augustinus
1777 2970 1903 3046 indicat,

317 3063 486 3143 ipsummet
512 3062 625 3141 dogma
647 3060 775 3137 Caluini,
804 3061 888 3141 quod
908 3060 1002 3122 sihi
994 3080 1091 3142 impo-
1141 3060 1293 3138 quianon
1306 3059 1415 3135 factura,
1431 3059 1540 3120 necde
1559 3061 1658 3122 nihilo
1672 3061 1841 3142 productus
1853 3070 1903 3126 est

317 3155 412 3216 situm
426 3160 502 3231 erat,
518 3172 643 3233 nempe,
667 3154 780 3227 «Quod
794 3153 955 3229 adudteria,
971 3159 1002 3214 et
1025 3173 1092 3216 eor·
1141 3152 1186 3211 Ex
1199 3169 1262 3229 quo
1276 3150 1417 3212 etaltera
1431 3170 1521 3213 causa
1534 3152 1684 3233 sethu,
1698 3156 1785 3235 quod
1795 3174 1858 3216 non
1870 3158 1907 3218 sit

316 3247 446 3327 rupielae
459 3246 619 3325 virginum
639 3262 797 3307 sacrarum
811 3246 880 3306 itleo
895 3247 1087 3325 contingant,
1141 3243 1449 3305 mutabilisznecnon
1470 3244 1572 3320 tertia,
1588 3247 1663 3326 quia
1678 3248 1759 3309 Deus
1772 3249 1907 3311 adventi·

317 3340 391 3420 quia
402 3340 471 3400 illas
485 3341 566 3400 Deus
580 3339 619 3399 ad
632 3340 691 3399 hoc·
704 3338 935 3419 predestinavit
949 3345 985 3399 ut
999 3340 1089 3401 cade·
1139 3337 1220 3397 tium
1240 3336 1320 3396 nihil
1341 3335 1445 3413 hahet,
1468 3354 1526 3397 nec
1544 3337 1640 3399 ullam
1659 3340 1841 3419 qualitatem
1859 3358 1906 3403 ac-

316 3436 388 3492 rent
403 3451 442 3491 :o
468 3432 538 3507 hoc,
558 3430 699 3508 inquam,
717 3430 802 3510 quod
824 3430 1090 3493 disertaCalvinua
1140 3428 1228 3508 cipit,
1267 3444 1369 3508 neque
1405 3428 1575 3508 quidquam
1610 3431 1692 3492 inest
1725 3432 1767 3509 ei,
1802 3439 1907 3514 prutcr

317 3522 416 3598 docet,
427 3523 470 3582 ita
482 3520 672 3601 Augustinus
694 3522 825 3583 refellit:
842 3524 1046 3584 «Detestanda
1059 3530 1090 3586 et
1140 3527 1296 3595 neutram,
1321 3526 1353 3582 ct
1367 3521 1544 3597 essentiam,
1567 3522 1652 3601 quod
1674 3524 1755 3585 libro
1778 3527 1906 3588 ιιιιιιιᾱο

316 3614 523 3676 abominanda
546 3613 650 3694 opinio
683 3620 744 3690 est,
769 3628 839 3694 quae
863 3616 961 3675 Deum
991 3616 1092 3694 qu‘us-
1140 3615 1385 3675 demonstratum
1398 3618 1454 3691 est,
1474 3630 1547 3674 cum
1560 3614 1598 3675 de
1615 3616 1814 3696 simplicitate
1830 3618 1907 3680 ulus

317 3722 412 3785 quam
437 3705 527 3766 malae
553 3706 737 3782 voluntatis,
768 3711 823 3767 aut
845 3707 935 3768 malae
962 3708 1090 3770 actionis
1139 3707 1446 3785 metamaucenses
1462 3705 1531 3766 illas
1547 3711 1611 3768 tres
1628 3707 1721 3769 amul
1734 3711 1906 3791 complexus

317 3798 413 3859 credit
438 3801 620 3859 auctorem:
639 3798 727 3877 qu'us
755 3799 983 3878 praedestinatio
1006 3819 1088 3861 nun-
1139 3800 1244 3875 estis,
1269 3816 1363 3878 quem
1386 3798 1461 3874 dixi,
1485 3799 1679 3878 Augustinus
1705 3800 1789 3864 lihro
1812 3804 1905 3883 primo

317 3908 412 3970 quam
425 3889 701 3963 eatrabonltatem,
720 3908 883 3969 nunquam
902 3892 1088 3971 eatrajusti-
1138 3898 1240 3952 contra
1264 3890 1437 3967 luliarum,
1466 3891 1566 3970 capite
1598 3908 1662 3965 vui,
1691 3893 1782 3973 cujus
1806 3895 1903 3972 rerba,

315 3978 391 4044 uim
422 3989 503 4044 ιιι.»
530 3982 574 4042 Ac
602 3983 748 4060 subinde,
778 3984 872 4043 «Non
900 4002 974 4063 ergo
1002 4003 1089 4047 casus
1139 3985 1214 4062 quia
1231 3988 1305 4043 sunt
1325 3982 1449 4057 eximia,
1477 3988 1507 4043 et
1527 3984 1568 4043 ad
1581 4001 1649 4044 rem
1670 3985 1825 4065 imprimis
1843 4005 1905 4067 per·

315 4076 485 4144 ruentium,
507 4088 564 4135 nec
579 4074 804 4154 malignitatem
825 4074 1016 4154 iniquorum,
1032 4094 1088 4138 ιιι-
1137 4076 1249 4151 tinem,
1265 4093 1330 4136 nou
1343 4080 1416 4135 sunt
1429 4074 1611 4136 omittenda.
1630 4077 1802 4139 «libenter
1813 4079 1903 4155 enim,

316 4185 377 4249 que
391 4167 571 4247 cupiditates
584 4168 779 4245 pec-cautium
792 4168 1018 4247 praedestinatio
1034 4170 1088 4231 liei
1136 4174 1171 4229 ut
1184 4186 1257 4230 cum
1270 4168 1427 4229 Bernardo
1441 4166 1561 4246 loquar,
1577 4168 1633 4228 uhi
1647 4168 1728 4229 mihi
1740 4186 1905 4252 congruere

316 4259 536 4335 uuteaeitavit,
551 4265 605 4319 aut
625 4261 733 4335 suasit,
749 4264 803 4321 aut
816 4259 979 4338 impuht.»
998 4262 1086 4322 Pote-
1134 4260 1237 4335 video,
1256 4260 1353 4321 verbe
1369 4264 1547 4320 sauctorum
1570 4276 1705 4337 assumo,
1727 4281 1792 4342 quo
1804 4264 1852 4327 tal
1870 4280 1905 4326 ax

316 4357 364 4413 rat
376 4351 411 4411 in
422 4352 612 4412 immensum
620 4351 751 4412 diffundi
764 4352 822 4412 ista
834 4351 1012 4430 disputatio,
1028 4352 1087 4413 nisi
1135 4353 1331 4414 vasculorum
1342 4352 1572 4431 pulchritudine
1585 4355 1724 4432 gratiora
1736 4356 1815 4418 fiant
1828 4375 1906 4438 quae

316 4444 394 4505 alter
407 4445 435 4505 ei
454 4444 658 4505 reservandus
685 4449 764 4505 esset
778 4463 814 4504 ac
835 4444 977 4523 proprius
988 4443 1084 4522 loeus,
1135 4463 1196 4524 que
1209 4447 1243 4505 in
1257 4446 1300 4506 eis
1318 4445 1426 4505 lectori
1447 4445 1766 4524 apposuerimtsait
1785 4468 1858 4528 ergo
1871 4450 1905 4509 de

316 4532 423 4598 uhide
436 4542 561 4616 peccato
575 4537 687 4615 agitur.
704 4532 791 4609 Quod
805 4536 879 4615 quia
891 4536 1014 4615 longius
1027 4535 1085 4596 dif-
1136 4534 1313 4598 Manichaeis
1342 4536 1474 4616 loquens
1505 4537 1698 4617 Augustinus
1729 4559 1739 4599 ι
1768 4562 1785 4597 ι
1798 4542 1907 4602 Contu

315 4616 480 4690 ferendum
493 4634 548 4705 est,
568 4647 666 4708 pauca
685 4629 829 4707 quaedam
847 4629 880 4687 in
894 4633 1087 4689 antecessum
1136 4648 1213 4709 quos
1236 4628 1386 4690 catholica
1412 4628 1489 4690 fides
1517 4630 1573 4691 Dei
1596 4632 1816 4695 tantummodo
1841 4634 1905 4694 ains

316 4726 537 4801 representare
551 4722 654 4781 vuum
671 4724 727 4797 est,
749 4739 789 4781 ex
811 4718 924 4800 quibus
945 4725 1015 4785 tum
1035 4720 1088 4783 illa
1135 4722 1227 4782 initio
1258 4727 1404 4782 naturam
1435 4721 1598 4802 predicat,
1632 4723 1748 4785 summi
1783 4724 1903 4793 acilium,

352 5046 374 5088 a
393 5032 480 5088 Gaea.
506 5026 586 5089 Niss.
609 5044 670 5098 cap.
692 5044 709 5084 t
732 5026 850 5085 Catech.
875 5024 984 5102 Oiieplu
1007 5036 1083 5085 ιακου
1133 5036 1176 5086 τοῦ
1190 5032 1266 5084 καλου
1280 5033 1424 5139 γένηται
1394 5051 1437 5100 τις
1450 5031 1530 5107 ψυχῆς
1543 5031 1710 5108 ἀναχώρησις.

315 5110 448 5186 γίνεσιςὲκ
460 5110 525 5167 Belou
541 5114 585 5184 βου
585 5110 696 5184 λήματος
709 5108 753 5179 τὴν
760 5110 848 5249 bipJp'Ju
865 5103 976 5185 {exsul
960 5111 1037 5186 ἢγᾶρ
1053 5116 1082 5167 ἂν
1169 5114 1309 5172 blanau.
1322 5106 1390 5169 Ἀλλ
1404 5115 1485 5179 ἄδικος
1498 5115 1566 5170 ἔσται
1580 5116 1903 5191 retriutorem

317 5197 419 5265 ἔξωτῆς
433 5197 533 5268 μέμψει)
512 5192 594 5264 ostiis
615 5193 773 5263 ἡκακίαθεὸ
774 5192 888 5263 risorie
901 5195 987 5268 ἐπιγρα
972 5197 1082 5299 ριφοριέιη
1132 5199 1208 5259 ζουσα
1227 5196 1268 5253 τὸν
1284 5190 1467 5271 &pupi-douvra
1483 5197 1548 5253 sl
1521 5220 1569 5273 γαρ
1583 5199 1762 5273 ἁμαρτητικοὺς
1775 5204 1904 5277 λογισμοὺς

315 5280 435 5348 utuiqe-ir,
457 5281 498 5332 καὶ
518 5280 578 5332 ucri
580 5298 619 5351 ρα.
643 5278 699 5332 ἀλλ’
721 5277 923 5351 ἔμφαίνεταίω
884 5299 923 5333 πω
925 5302 936 5344 ς
958 5279 987 5334 το
973 5280 1083 5333 oleato
1136 5280 1236 5353 ἐδημιού
1239 5280 1424 5354 mussitate,
1435 5288 1486 5347 πῶς
1495 5284 1649 5346 καταδικάζει
1663 5284 1705 5338 τὸν
1715 5284 1901 5361 &papatiam

316 5362 422 5429 ἔνδοθεν,
440 5365 470 5434 τῇ
484 5362 621 5433 προαιρέσει
635 5363 894 5435 virtuosissimos,
910 5364 967 5417 ὅταν
983 5378 1019 5427 τις
1033 5362 1082 5417 ἀπὸ

342 5504 353 5548 l
366 5502 441 5556 Bora..
452 5496 516 5548 acm.
528 5513 555 5547 ιιι
566 5513 633 5559 super
642 5504 722 5551 Nissos
732 5510 774 5551 ιιι.
