4096 6190
425 340 474 403 DE
494 340 567 403 DEO
593 338 735 415 beleus
760 334 1479 413 PueralurnrleUS,nle.v111,caP.u.
1682 340 1738 401 oet

146 522 276 570 monem
303 507 432 588 propius
454 506 581 579 ettinst,
612 505 777 585 «quinam,
806 503 918 583 inquit,
969 509 1073 564 mettis
1101 522 1173 565 suos
1187 503 1353 580 naturales,
1368 502 1481 583 quibus
1499 509 1636 583 aguntur
1651 511 1744 585 atquc

144 600 303 680 imperare
323 599 417 661 vellet
440 599 490 676 iis,
514 614 649 677 quornm
676 596 921 678 procreationem
969 601 1162 675 vegetantur,
1181 597 1355 657 utomnino
1374 601 1494 656 naturas
1508 597 1579 673 sint,
1601 596 1678 657 etin
1692 614 1740 673 eo,

144 691 383 773 aspernaturi»
970 690 1054 768 quod
1067 694 1150 765 sunt,
1166 707 1223 768 pro
1237 707 1294 749 suo
1308 698 1438 768 qumque
1452 706 1566 767 genere
1581 695 1741 766 maneant,

188 785 249 845 Vl.
265 785 340 858 Quae
363 783 470 863 Cyrilli
494 788 650 862 postrems
672 780 766 841 verba
792 779 921 841 alteram
969 781 1052 842 illico
1065 782 1253 857 amitterent,
1267 786 1298 841 et
1311 799 1378 842 esse
1389 781 1505 860 aliquid
1519 781 1647 841 omnino
1661 781 1742 842 desi·

145 877 354 957 commorantis
368 875 528 937 notionem
548 874 716 952 attingunt,
731 890 801 952 quse
816 877 923 951 poten·
970 880 1092 948 nerent,
1106 874 1185 934 sieis
1198 874 1431 935 subtraheretur
1441 878 1545 934 metris
1556 872 1608 934 ille
1622 874 1742 953 sapien⁴

145 967 236 1042 tiam,
268 966 332 1029 slve
362 971 556 1048 potestatem,
590 966 855 1043 dominatumque,
887 982 923 1024 eo
970 966 1021 1027 tie
1034 966 1100 1041 Dei,
1116 982 1178 1045 quo
1197 966 1333 1045 disponit
1346 965 1452 1026 omnia
1465 965 1636 1026 suaviter.»

146 1060 395 1122 moderationem
417 1060 564 1135 continet,
577 1063 661 1120 circo
676 1066 873 1137 παντοκράτορος
884 1056 923 1116 si·
1011 1057 1100 1131 Quod
1110 1075 1149 1117 ex
1158 1055 1244 1117 Pauli
1253 1057 1333 1119 dicto
1343 1057 1395 1117 illo
1410 1057 1550 1118 oratione
1562 1054 1601 1117 od
1612 1058 1742 1138 Areopa·
1765 1072 1824 1117 nsua
1837 1078 1912 1116 cuais

146 1152 342 1232 gnificationi
351 1152 477 1232 proprie
491 1150 668 1230 respondet.
684 1150 754 1210 Non
768 1148 853 1209 enim
865 1149 921 1209 do·
969 1149 1049 1231 gitur
1062 1149 1187 1229 probat:
1201 1149 1240 1211 In
1260 1150 1321 1230 ipso
1336 1150 1414 1211 enim
1431 1148 1563 1218 uiuimus,
1580 1166 1739 1227 movetur,
1778 1134 1894 1222 ⁰⁰22⁰{J⁰‘

147 1244 263 1306 minari
289 1250 391 1324 posset
416 1243 563 1304 omnihus
591 1242 696 1318 rebus,
729 1241 789 1302 nisi
813 1258 922 1302 earum
971 1240 1138 1301 strumus&
1153 1239 1196 1302 Ac
1210 1242 1323 1302 diserte
1337 1242 1421 1302 idem
1440 1241 1669 1320 Augustinusin
1684 1241 1739 1303 lib.
1769 1232 1907 1330 mfflssffi·

148 1342 271 1398 creator
286 1341 375 1405 esset,
387 1352 423 1396 ac
435 1335 542 1411 iactor,
558 1336 751 1395 utadversus
760 1332 923 1394 Marcionis
971 1333 1026 1393 Xll
1031 1332 1067 1394 de
1076 1332 1204 1395 Ciuitate
1212 1332 1279 1409 Dei,
1288 1351 1354 1412 cap.
1362 1350 1432 1408 xxv,
1444 1334 1595 1411 eamdem,
1607 1352 1669 1413 quo
1676 1352 1742 1395 orn·

149 1430 250 1491 ileum
270 1428 470 1508 prescribere
493 1427 703 1488 Tertullianus
729 1424 816 1486 solet.
843 1426 923 1487 Nam
971 1425 1024 1485 nia
1040 1424 1211 1500 fabricavit,
1231 1425 1385 1487 actionem
1398 1426 1455 1487 ista
1475 1427 1543 1505 ipsa
1560 1444 1741 1488 conservare

28 1506 30 1561 3
148 1538 302 1595 summus,
318 1539 353 1582 ac
368 1538 460 1581 verns
480 1520 587 1599 utique
603 1521 684 1580 lleus
703 1517 844 1579 naturale
864 1518 923 1578 hoc
972 1518 1173 1595 demonstrat,
1187 1535 1259 1579 cum
1272 1518 1325 1593 ait,
1343 1518 1441 1578 «Etsi
1455 1519 1625 1597 potentiam
1639 1536 1739 1595 suam,

28 1628 29 1635 ¹
147 1613 255 1688 habet,
272 1628 307 1673 ae
316 1612 490 1692 proprium,
506 1616 542 1671 ut
554 1611 594 1671 sit
608 1610 754 1671 dominus
767 1609 920 1678 omnium,
972 1616 1008 1671 nt
1021 1612 1064 1671 ite
1077 1611 1189 1686 dicam,
1211 1611 1439 1673 fabricatoriam
1456 1608 1550 1671 rebus
1570 1610 1739 1687 subtrahet,

25 1718 27 1733 “
148 1722 186 1764 ac
202 1705 355 1784 princeps,
386 1704 487 1764 (tadeo
506 1708 542 1763 nt
559 1720 633 1763 cum
647 1701 855 1781 essentiaipsa
867 1702 924 1760 im·
971 1702 1015 1762 ita
1032 1708 1221 1780 nonerunt,
1244 1703 1510 1781 sicut,antequam
1532 1702 1652 1777 fierent,
1678 1721 1743 1764 non

147 1795 311 1877 plicatum,
327 1799 358 1856 et
371 1795 499 1855 insitum
512 1799 600 1874 gerat
613 1794 808 1854 dominatum
827 1793 861 1853 in
874 1811 924 1853 res
972 1793 1108 1856 inerunt.
1120 1818 1136 1854 n
1164 1797 1209 1856 Eis
1229 1795 1404 1874 quostiam
1427 1800 1554 1874 apparet
1580 1812 1689 1856 verum
1710 1796 1742 1856 id

147 1905 270 1965 omnes,
295 1893 326 1949 et
348 1889 574 1967 mpen1m⁰,o
590 1887 679 1947 utait
700 1886 922 1947 theodoretus.
973 1905 1049 1961 esse,
1076 1887 1161 1966 quod
1189 1887 1326 1967 theologi
1364 1905 1400 1948 ac
1424 1886 1598 1966 philosophi
1621 1905 1740 1963 omnes,

148 1981 219 2054 Quo
238 1986 269 2041 et
288 1980 452 2059 Augustini
473 1979 680 2058 pulcherrima
698 1979 752 2039 illa
773 1979 924 2039 sententia
976 1979 1078 2058 paucis
1098 1979 1242 2058 exceptis,
1262 1984 1292 2040 et
1318 1979 1356 2039 iis
1373 1984 1505 2058 utroque
1527 1979 1664 2058 indignis
1683 1997 1743 2040 no-

148 2076 278 2151 spectat,
294 2089 389 2151 quarn
401 2073 530 2151 Prosper
545 2071 704 2131 adnotavit
717 2070 831 2150 exejus
843 2070 923 2130 libro
973 2071 1068 2147 mine,
1102 2070 1321 2151 comprobant,
1357 2087 1539 2131 conservare
1566 2071 1664 2131 Deum
1693 2088 1743 2155 res

148 2156 263 2243 warte
289 2161 325 2224 de
356 2161 459 2226 Genesi
485 2162 525 2224 od
560 2162 709 2238 litteram,
744 2163 843 2241 capite
856 2178 921 2223 xn:
973 2180 1092 2239 omnes,
1128 2164 1188 2224 hoc
1221 2169 1277 2239 est,
1311 2167 1475 2243 postquam
1509 2180 1560 2222 eas
1591 2162 1740 2239 condidit,

154 2277 171 2311 α
181 2255 344 2331 Creatoris,
360 2255 472 2334 inquit,
495 2273 630 2333 namque
643 2255 792 2333 potentia,
815 2259 846 2315 et
859 2272 925 2315 orn-
973 2256 1092 2330 eadem,
1104 2273 1166 2335 qua
1179 2254 1325 2335 produxit
1338 2255 1460 2315 actione
1468 2255 1583 2331 fovere,
1599 2273 1635 2315 ao
1647 2255 1744 2315 conti·

150 2346 321 2426 nipotentis
358 2350 450 2425 atque
473 2346 693 2406 omnitenentis
717 2346 816 2406 virtus
833 2364 924 2408 eausa
973 2364 1058 2416 nere,
1075 2365 1115 2408 ne
1134 2348 1169 2408 in
1191 2349 1327 2427 priorem
1344 2347 1508 2425 originem,
1530 2347 1589 2407 hoo
1603 2352 1649 2407 est
1664 2346 1744 2407 nihi-

149 2438 337 2500 subsistendl
349 2443 395 2499 est
410 2438 498 2500 omni
515 2444 679 2513 creatures;
694 2456 764 2517 quas
778 2439 876 2499 virtus
885 2438 924 2500 ab
973 2439 1040 2500 lum
1054 2440 1243 2516 relabantur,
1261 2446 1292 2501 et
1304 2440 1468 2499 intereant.
1485 2439 1573 2513 Quod
1581 2438 1637 2517 qui
1651 2444 1744 2517 negat

150 2531 209 2607 eis,
224 2550 295 2611 quae
316 2535 417 2591 creata
436 2535 520 2604 sunt,
545 2529 699 2609 regendis,
715 2530 740 2589 si
755 2530 924 2610 aliquando
976 2531 1059 2614 (sunt
1076 2538 1181 2593 antem
1196 2533 1310 2611 plures,
1326 2548 1420 2610 quam
1439 2536 1590 2610 oporteat,
1607 2547 1680 2590 curn
1693 2530 1743 2590 vel

151 2629 295 2699 cessaret,
319 2622 412 2683 simul
439 2627 470 2683 et
496 2620 622 2683 illorum
643 2628 774 2683 cessaret
796 2624 923 2703 species,
974 2642 1073 2684 unum
1086 2625 1226 2704 reperiri,
1242 2625 1296 2703 qui
1310 2622 1482 2697 sicsentiat,
1496 2623 1627 2684 nimium
1644 2638 1743 2703 quan-

152 2716 316 2795 amnisque
340 2720 453 2776 natura
480 2714 664 2776 concideret.
694 2716 800 2795 Neque
827 2717 922 2793 enim,
973 2721 1043 2776 tum
1051 2714 1175 2797 sit);sed
1184 2716 1210 2776 si
1227 2716 1333 2795 qtrisei
1345 2732 1410 2776 non
1423 2715 1658 2791 assentitur,vix
1672 2733 1743 2776 eum

152 2809 231 2869 siout
241 2812 426 2868 shuetursm
439 2807 553 2868 aedium
565 2825 636 2868 cum
650 2806 845 2868 fabricaverit
855 2809 925 2886 quis
973 2808 1144 2880 hominem,
1157 2808 1274 2868 nedum
1292 2807 1492 2868 medanum
1505 2824 1648 2866 numero.
1664 2807 1745 2867 Vere

152 2900 298 2975 abscedit,
310 2905 402 2978 atque
415 2899 468 2960 illo
478 2906 625 2973 cessante,
639 2904 732 2978 atque
744 2899 924 2960 abscedente
974 2899 1059 2959 enim
1071 2900 1105 2958 in
1114 2897 1168 2958 lib.
1182 2899 1220 2958 lV
1235 2897 1531 2976 Confessioo.,capite
1543 2899 1745 2976 xn,Augusti·

152 2996 213 3053 stat
226 3010 304 3072 opus
317 2992 400 3070 ejus:
411 2991 456 3051 ita
468 2990 665 3052 mundusvel
677 2991 741 3051 ictu
755 2991 924 3052 oeubstare
973 3002 1044 3066 nus,
1059 2990 1154 3051 «Non
1175 2989 1257 3064 fecit,
1277 2988 1390 3068 inquit,
1413 2995 1506 3069 atque
1525 2989 1610 3064 abiit,
1632 2990 1686 3050 sed
1704 3008 1744 3051 ex

153 3085 276 3163 poterit,
297 3084 324 3144 si
345 3083 373 3144 ei
398 3084 479 3144 licus
497 3083 638 3161 regimen
658 3082 706 3142 sui
725 3082 922 3144 subtraxerit.
973 3082 1027 3143 illo
1050 3082 1084 3142 in
1108 3082 1162 3142 iilo
1188 3087 1297 3142 sumt.»
1329 3081 1421 3143 Recte
1443 3082 1529 3142 enim
1555 3082 1741 3157 Lactantius,

153 3177 286 3237 Proinde
310 3182 342 3236 et
367 3176 449 3255 quod
475 3176 624 3236 Dominus
649 3175 707 3235 ait:
732 3174 827 3236 Potor
845 3194 925 3236 moa
978 3175 1128 3249 «Natura,
1147 3175 1259 3253 inquit,
1276 3180 1395 3234 remota
1415 3172 1619 3252 providentie,
1642 3178 1673 3233 et
1686 3190 1742 3252 po·

153 3288 243 3349 usque
256 3284 334 3330 none
349 3274 488 3349 operator
497 3267 518 3343 ¹,
540 3267 804 3328 condunationem
818 3285 925 3347 quam·
973 3271 1082 3327 testate
1093 3265 1208 3342 divina
1223 3282 1349 3345 prorsus
1363 3265 1442 3325 nihil
1455 3262 1558 3325 esu.»

154 3361 227 3421 dam
245 3361 348 3440 operis
367 3361 451 3439 ejus,
472 3378 535 3438 qua
552 3359 729 3419 universam
752 3365 925 3422 creaturam
1014 3359 1079 3419 Vll.
1103 3359 1287 3437 Quanquam
1309 3357 1348 3417 ab
1369 3356 1524 3418 creatione
1542 3356 1655 3417 distare
1669 3373 1743 3416 con·

154 3453 292 3514 continet
316 3457 409 3530 atque
430 3450 635 3525 administrat,
653 3450 797 3527 ostendit,
812 3459 872 3514 ete.
888 3453 926 3513 Et
973 3450 1180 3512 servationem
1202 3454 1306 3512 censet
1321 3449 1483 3511 Zacharias
1505 3449 1698 3530 Mitylenaeus
1711 3449 1744 3509 in

153 3546 238 3624 quod
251 3546 400 3624 scriptum
410 3549 457 3605 est
465 3544 504 3604 de
517 3543 666 3622 sapientis
680 3543 756 3622 ejus,
771 3542 945 3626 Pertrbqit·
974 3544 1179 3623 disputatione
1199 3541 1235 3604 de
1253 3540 1363 3603 Msmdi
1376 3540 1514 3623 opificia·
1533 3541 1611 3621 iqui
1626 3547 1743 3602 creato·

152 3657 173 3698 ο
198 3635 258 3718 fine
282 3655 372 3717 osque
403 3634 443 3697 od
463 3634 554 3715 finem
580 3633 713 3714 fortiter,
740 3642 770 3696 et
795 3634 925 3716 deponit
973 3634 1335 3716 rem,velopiflcem(hie
1348 3632 1663 3715 estsqpoupqtgliilum
1679 3651 1744 3696 esse

153 3729 256 3790 omnio
273 3727 433 3804 moriter‘3
458 3727 574 3806 deque
599 3727 675 3788 item
694 3727 844 3806 scripturn
866 3734 922 3803 est,
973 3729 1050 3804 vult,
1066 3729 1120 3809 qui
1133 3728 1336 3789 substantiam
1349 3726 1743 3806 ipsamprorsusexnihilo

153 3821 239 3901 quod
257 3827 351 3880 motus
364 3819 427 3900 ejus
447 3817 559 3899 agilior
575 3816 752 3899 criminique
765 3818 808 3879 sit
835 3819 927 3880 onmi-
973 3821 1122 3901 produxit
1139 3837 1146 3880 ε
1163 3825 1195 3882 et
1219 3838 1282 3881 une
1301 3837 1373 3880 curn
1395 3818 1495 3880 forma
1520 3822 1743 3899 congruentem

153 3911 206 3973 bus
218 3910 374 3985 morituri,
392 3911 465 3972 satis
479 3915 607 3990 apparet
624 3915 705 3971 recte
719 3910 923 3985 intuentibus,
974 3914 1136 3974 materiam
1149 3914 1268 3992 genuit.
1285 3913 1384 3973 Deum
1397 3911 1483 3971 enim
1501 3911 1744 3973 stibstmtiarum

154 4005 241 4065 hunc
257 4004 360 4083 ipsum
373 4000 651 4081 incomparabilem
676 4007 707 4063 et
723 4001 923 4078 ineffabilem,
975 4005 1166 4066 conditorem
1180 4022 1244 4066 esse
1264 4004 1408 4079 dicimus,
1424 4008 1481 4064 stc.
1502 4003 1543 4064 At
1559 4020 1633 4063 vero
1645 4004 1743 4063 confi-

154 4101 197 4171 et,
212 4097 238 4156 si
258 4095 354 4175 possit
375 4093 516 4172 intelligi,
534 4093 675 4155 stabilem
696 4100 817 4154 motum
833 4112 926 4155 suum
974 4113 1060 4171 nere,
1082 4101 1113 4156 et
1132 4096 1293 4175 providere
1311 4096 1468 4157 diversum
1487 4094 1635 4174 quiddam
1658 4101 1745 4157 csta

155 4187 249 4249 rebus
262 4204 335 4247 eum
344 4186 482 4266 prebere
493 4185 627 4246 suaviter
635 4186 833 4265 disponendis
845 4206 852 4246 ε
864 4205 926 4267 quo
975 4188 1139 4249 creatione.
1148 4189 1227 4249 Nam
1237 4188 1394 4249 continere
1403 4193 1448 4249 est
1457 4206 1504 4265 ea,
1516 4205 1586 4266 quae
1595 4188 1742 4265 existunt,

156 4281 265 4359 utique
278 4278 443 4354 subtracto,
458 4278 483 4338 si
497 4278 536 4338 ab
554 4278 613 4339 hac
629 4280 808 4358 operatione
828 4297 926 4340 cessa-
976 4285 1007 4340 et
1018 4279 1098 4341 facta
1112 4286 1195 4356 sunt,
1211 4279 1490 4358 circumstringere,
1506 4285 1537 4339 et
1550 4296 1742 4342 conservare.

155 4371 249 4445 verit,
265 4388 317 4431 eas
329 4369 479 4430 continuo
496 4368 686 4448 perituras.»
709 4371 745 4431 ln
758 4370 817 4447 his,
833 4375 864 4431 et
884 4389 929 4433 se·
976 4372 1139 4432 Providens
1151 4378 1256 4433 autern
1269 4378 1315 4432 est
1324 4372 1371 4447 iis,
1389 4389 1459 4450 quae
1473 4376 1555 4446 sunt,
1571 4389 1653 4432 curre
1667 4391 1744 4433 non·

156 4462 323 4543 quentibus
336 4462 526 4540 Augustinus
546 4461 689 4538 ostendit,
710 4463 808 4523 Deum
821 4480 870 4524 res
888 4460 928 4524 ab
976 4462 1054 4524 nihil
1066 4461 1272 4525 adunaret.»

155 4556 245 4617 initio
259 4554 406 4630 conditas,
433 4553 552 4629 eadem,
580 4572 641 4633 qua
664 4552 788 4631 creavit,
806 4555 926 4617 actione
1016 4556 1175 4617 Nemeeius
1196 4557 1270 4617 item
1288 4556 1471 4618 eluistianus
1494 4554 1695 4635 philosophus
1711 4556 1745 4617 in

155 4648 335 4710 coadunata
345 4651 498 4726 vegetare,
518 4664 554 4706 ac
578 4663 643 4706 ane
657 4663 720 4706 uno
736 4646 863 4727 quidem
877 4647 926 4710 die
974 4645 1053 4710 libro
1066 4646 1102 4710 de
1115 4646 1236 4711 Natura
1248 4646 1379 4723 hominu,
1393 4647 1592 4728 reprehendit
1600 4665 1663 4723 eos,
1677 4649 1732 4730 qui

155 4758 287 4803 cenasse
305 4737 345 4801 ab
370 4756 464 4819 opere
481 4732 622 4818 regendi,
642 4755 712 4816 qnae
735 4740 866 4816 creavit;
886 4758 927 4803 ne
975 4758 1047 4803 oum
1067 4742 1105 4803 de
1123 4741 1315 4820 providentia
1337 4740 1505 4821 disputent,
1526 4745 1558 4802 et
1583 4758 1653 4803 eam
1676 4759 1746 4820 pro-

193 5022 214 5063 α
233 5007 340 5064 Taren.
362 5002 410 5060 lib.
426 5004 448 5060 11
472 5003 510 5061 ds
532 5002 649 5060 Prome.
674 5001 707 5057 ‘0
720 5003 762 5076 μ1ν
776 5003 824 5077 γὰρ
837 5003 875 5058 del
898 5004 925 5059 τ1
972 5003 1073 5076 γὰρτὸν
1087 5005 1251 5074 θεδντοιητὴν
1266 4998 1329 5059 rival
1341 5025 1431 5078 papst,
1452 5012 1507 5064 ete.
1531 5005 1560 5060 rb
1573 5005 1600 5059 11
1621 5008 1744 5081 seuque,

157 5088 218 5154 ἔστι,
233 5090 275 5143 καὶ
288 5087 356 5160 αὐτῷ
365 5093 401 5159 τῷ
416 5079 480 5140 εἶναι
488 5086 643 5159 συμπεφυκὸς
658 5084 711 5158 1χτι
725 5087 754 5141 τὸ
767 5106 865 5159 αρατος,
973 5088 1013 5140 xci
1026 5088 1180 5159 προνοεῖσθαι
1194 5087 1276 5159 ἔτερόν
1296 5106 1320 5141 τι
1334 5088 1399 5161 παρὰ
1421 5089 1450 5143 rb
1467 5090 1621 5161 δημιουργεῖν
1646 5091 1675 5143 ἂν
1694 5088 1743 5158 εἴη·

193 5173 346 5229 szculu.
372 5170 524 5243 Δηριονργός
547 5167 598 5224 ἔστι
616 5170 670 5223 καθ’
690 5168 754 5241 ἡμᾶς
775 5170 817 5241 μὲν
841 5170 856 5224 ὁ
880 5170 925 5238 τὴν
973 5170 1138 5244 συν1χτινγ1ρ
1153 5169 1216 5237 ἔστι,
1230 5171 1259 5225 rb
1271 5170 1381 5235 τὰόντα,
1395 5171 1437 5224 καὶ
1450 5171 1599 5245 γεγενημένα
1619 5172 1746 5246 παριορ1γ-

157 5254 243 5309 οὗαίαν
253 5253 328 5322 αὐτὴν
347 5251 496 5325 ἐαρηδαροῦ
509 5253 627 5324 μηδαμῶς
640 5253 711 5315 ὄντος
720 5252 925 5325 ταραγαγὼν,αα1
974 5272 1025 5325 γει)
1039 5273 1075 5317 τε,
1091 5253 1132 5306 καὶ
1145 5254 1284 5324 φυλάττειν.
1303 5255 1459 5328 προνοεῖσθαι
1473 5253 1509 5319 ii,
1524 5254 1554 5309 rb
1568 5256 1620 5316 τοῖς
1633 5248 1688 5310 odoi
1706 5273 1743 5319 rr,

157 5343 194 5411 τῷ
204 5336 262 5392 εἴδει
271 5336 314 5404 τὴν
330 5335 498 5408 ἁρμόττουσαν
512 5335 572 5404 ὕλην
589 5337 808 5407 συναπογεννήαας.
824 5334 925 5400 οὐσιῶν,
974 5335 1015 5389 καὶ
1026 5337 1195 5409 γεγενημένοις
1206 5336 1385 5409 ρροντίδατινὰ
1394 5338 1483 5409 ν1μειν.

185 5505 197 5549 l
209 5506 271 5550 Ιοαα.
283 5513 306 5555 ν,
320 5501 413 5545 tr.-s
423 5502 474 5555 Sep.
487 5511 536 5554 rur,
546 5502 567 5546 l.
580 5523 609 5536 -
618 5501 633 5546 ³
643 5504 694 5557 Sep.
707 5513 747 5555 vu,
757 5502 792 5547 11.
804 5523 831 5535 -
841 5503 856 5546 1
865 5506 911 5549 Act.
922 5514 975 5555 ινιτ,
987 5503 1056 5547 ss.-
1067 5504 1081 5548 5
1092 5502 1140 5548 uo.
1152 5503 1192 5556 lli,
1205 5516 1225 5548 α.
1240 5515 1307 5549 nuc
