<?xml version="1.0" encoding="UTF-8"?>
<!DOCTYPE html PUBLIC "-//W3C//DTD XHTML 1.0 Transitional//EN"
    "http://www.w3.org/TR/xhtml1/DTD/xhtml1-transitional.dtd">
<html xmlns="http://www.w3.org/1999/xhtml" xml:lang="en" lang="en">
 <head>
  <title>
</title>
<meta http-equiv="Content-Type" content="text/html;charset=utf-8" />
  <meta name='ocr-system' content='tesseract 3.04.00' />
  <meta name='ocr-capabilities' content='ocr_page ocr_carea ocr_par ocr_line ocrx_word'/>
</head>
<body>
  <div class='ocr_page' id='page_1' title='image "./dogmatatheologi01goog/dogmatatheologi01goog_0044.png"; bbox 0 0 4134 6182; ppageno 0'>
   <div class='ocr_carea' id='block_1_1' title="bbox 743 422 1767 504">
    <p class='ocr_par' dir='ltr' id='par_1_1' title="bbox 743 422 1767 504">
     <span class='ocr_line' id='line_1_1' title="bbox 743 422 1767 504; baseline -0.001 -16"><span class='ocrx_word' id='word_1_1' title='bbox 743 422 1150 504; x_wconf 62' lang='lat' dir='ltr'><strong>mantuanensem.</strong></span> <span class='ocrx_word' id='word_1_2' title='bbox 1175 427 1199 487; x_wconf 89' lang='grc' dir='ltr'><strong>Ι.</strong></span> <span class='ocrx_word' id='word_1_3' title='bbox 1748 427 1767 487; x_wconf 82' lang='lat' dir='ltr'><strong>il</strong></span> 
     </span>
    </p>
   </div>
   <div class='ocr_carea' id='block_1_2' title="bbox 3 571 1935 4783">
    <p class='ocr_par' dir='ltr' id='par_1_2' title="bbox 3 571 1935 4783">
     <span class='ocr_line' id='line_1_2' title="bbox 202 571 1769 663; baseline -0.006 -17"><span class='ocrx_word' id='word_1_4' title='bbox 202 584 322 646; x_wconf 85' lang='lat' dir='ltr'><strong>Eodem</strong></span> <span class='ocrx_word' id='word_1_5' title='bbox 337 585 475 663; x_wconf 88' lang='lat' dir='ltr'><strong>spectant</strong></span> <span class='ocrx_word' id='word_1_6' title='bbox 487 578 697 661; x_wconf 88' lang='lat' dir='ltr'><strong>exemplailla</strong></span> <span class='ocrx_word' id='word_1_7' title='bbox 717 594 787 659; x_wconf 80' lang='lat' dir='ltr'><strong>quaa</strong></span> <span class='ocrx_word' id='word_1_8' title='bbox 808 574 939 639; x_wconf 78' lang='lat' dir='ltr'><strong>Budaeus</strong></span> <span class='ocrx_word' id='word_1_9' title='bbox 992 577 1105 655; x_wconf 89' lang='lat' dir='ltr'><strong>nitatis,</strong></span> <span class='ocrx_word' id='word_1_10' title='bbox 1120 576 1289 653; x_wconf 83' lang='lat' dir='ltr'><strong>infinitatis,</strong></span> <span class='ocrx_word' id='word_1_11' title='bbox 1299 573 1598 651; x_wconf 82' lang='lat' dir='ltr'><strong>interminabilitatis,</strong></span> <span class='ocrx_word' id='word_1_12' title='bbox 1614 571 1769 651; x_wconf 87' lang='lat' dir='ltr'><strong>bonitatis,</strong></span> 
     </span>
     <span class='ocr_line' id='line_1_3' title="bbox 163 669 1769 756; baseline -0.006 -17"><span class='ocrx_word' id='word_1_13' title='bbox 163 677 275 754; x_wconf 80' lang='lat' dir='ltr'><strong>attulit,</strong></span> <span class='ocrx_word' id='word_1_14' title='bbox 291 692 439 756; x_wconf 84' lang='lat' dir='ltr'><strong>excoque</strong></span> <span class='ocrx_word' id='word_1_15' title='bbox 453 672 645 755; x_wconf 83' lang='lat' dir='ltr'><strong>Stephanus3</strong></span> <span class='ocrx_word' id='word_1_16' title='bbox 661 689 718 734; x_wconf 91' lang='lat' dir='ltr'><strong>nec</strong></span> <span class='ocrx_word' id='word_1_17' title='bbox 732 669 958 734; x_wconf 85' lang='lat' dir='ltr'><strong>amhotamen</strong></span> <span class='ocrx_word' id='word_1_18' title='bbox 993 672 1187 752; x_wconf 81' lang='lat' dir='ltr'><strong>ctsapisntim</strong></span> <span class='ocrx_word' id='word_1_19' title='bbox 1203 688 1239 732; x_wconf 88' lang='lat' dir='ltr'><strong>ac</strong></span> <span class='ocrx_word' id='word_1_20' title='bbox 1262 671 1382 734; x_wconf 80' lang='lat' dir='ltr'><strong>virtutis</strong></span> <span class='ocrx_word' id='word_1_21' title='bbox 1397 676 1462 731; x_wconf 88' lang='lat' dir='ltr'><strong>tam</strong></span> <span class='ocrx_word' id='word_1_22' title='bbox 1479 669 1769 749; x_wconf 64' lang='lat' dir='ltr'><strong>condidicisquam</strong></span> 
     </span>
     <span class='ocr_line' id='line_1_4' title="bbox 162 763 1770 846; baseline -0.006 -12"><span class='ocrx_word' id='word_1_23' title='bbox 162 773 226 832; x_wconf 79' lang='lat' dir='ltr'><strong>sim</strong></span> <span class='ocrx_word' id='word_1_24' title='bbox 249 771 334 833; x_wconf 87' lang='lat' dir='ltr'><strong>illius</strong></span> <span class='ocrx_word' id='word_1_25' title='bbox 355 770 440 832; x_wconf 82' lang='lat' dir='ltr'><strong>vocis</strong></span> <span class='ocrx_word' id='word_1_26' title='bbox 459 768 686 833; x_wconf 84' lang='lat' dir='ltr'><strong>intellexerunt.</strong></span> <span class='ocrx_word' id='word_1_27' title='bbox 710 767 750 828; x_wconf 89' lang='lat' dir='ltr'><strong>Ut</strong></span> <span class='ocrx_word' id='word_1_28' title='bbox 772 782 844 825; x_wconf 90' lang='lat' dir='ltr'><strong>cum</strong></span> <span class='ocrx_word' id='word_1_29' title='bbox 866 764 939 825; x_wconf 87' lang='lat' dir='ltr'><strong>Dio·</strong></span> <span class='ocrx_word' id='word_1_30' title='bbox 991 766 1178 846; x_wconf 88' lang='lat' dir='ltr'><strong>providentis</strong></span> <span class='ocrx_word' id='word_1_31' title='bbox 1194 772 1225 827; x_wconf 86' lang='lat' dir='ltr'><strong>et</strong></span> <span class='ocrx_word' id='word_1_32' title='bbox 1231 764 1396 846; x_wconf 83' lang='lat' dir='ltr'><strong>judicantis</strong></span> <span class='ocrx_word' id='word_1_33' title='bbox 1411 782 1448 826; x_wconf 90' lang='lat' dir='ltr'><strong>ea</strong></span> <span class='ocrx_word' id='word_1_34' title='bbox 1461 769 1624 845; x_wconf 80' lang='lat' dir='ltr'><strong>quoesunt.</strong></span> <span class='ocrx_word' id='word_1_35' title='bbox 1640 763 1720 827; x_wconf 85' lang='lat' dir='ltr'><strong>Nam</strong></span> <span class='ocrx_word' id='word_1_36' title='bbox 1742 764 1770 825; x_wconf 88' lang='lat' dir='ltr'><strong>is</strong></span> 
     </span>
     <span class='ocr_line' id='line_1_5' title="bbox 161 855 1768 944; baseline -0.005 -18"><span class='ocrx_word' id='word_1_37' title='bbox 161 865 269 944; x_wconf 77' lang='lat' dir='ltr'>nysius</span> <span class='ocrx_word' id='word_1_38' title='bbox 306 863 346 925; x_wconf 88' lang='lat' dir='ltr'><strong>ad</strong></span> <span class='ocrx_word' id='word_1_39' title='bbox 379 860 596 942; x_wconf 79' lang='lat' dir='ltr'><strong>Demophilum</strong></span> <span class='ocrx_word' id='word_1_40' title='bbox 623 859 742 936; x_wconf 79' lang='lat' dir='ltr'><strong>sciibit,</strong></span> <span class='ocrx_word' id='word_1_41' title='bbox 770 856 940 939; x_wconf 75' lang='lat' dir='ltr'><strong>tyrannicos</strong></span> <span class='ocrx_word' id='word_1_42' title='bbox 993 858 1120 920; x_wconf 91' lang='lat' dir='ltr'><strong>demum</strong></span> <span class='ocrx_word' id='word_1_43' title='bbox 1131 877 1262 940; x_wconf 89' lang='lat' dir='ltr'><strong>magnus</strong></span> <span class='ocrx_word' id='word_1_44' title='bbox 1277 859 1358 922; x_wconf 86' lang='lat' dir='ltr'><strong>inter</strong></span> <span class='ocrx_word' id='word_1_45' title='bbox 1376 858 1518 920; x_wconf 88' lang='lat' dir='ltr'><strong>homines</strong></span> <span class='ocrx_word' id='word_1_46' title='bbox 1536 862 1583 918; x_wconf 88' lang='lat' dir='ltr'><strong>est</strong></span> <span class='ocrx_word' id='word_1_47' title='bbox 1594 855 1768 937; x_wconf 87' lang='lat' dir='ltr'><strong>theologus,</strong></span> 
     </span>
     <span class='ocr_line' id='line_1_6' title="bbox 160 949 1769 1036; baseline -0.007 -14"><span class='ocrx_word' id='word_1_48' title='bbox 160 960 304 1022; x_wconf 74' lang='lat' dir='ltr'><strong>demorsos</strong></span> <span class='ocrx_word' id='word_1_49' title='bbox 317 957 419 1019; x_wconf 74' lang='lat' dir='ltr'><strong>letum</strong></span> <span class='ocrx_word' id='word_1_50' title='bbox 435 973 501 1018; x_wconf 85' lang='lat' dir='ltr'><strong>cere</strong></span> <span class='ocrx_word' id='word_1_51' title='bbox 513 957 642 1036; x_wconf 71' lang='grc' dir='ltr'><strong>θιολογιῖι</strong></span> <span class='ocrx_word' id='word_1_52' title='bbox 659 962 683 1031; x_wconf 84' lang='grc'><strong>·,</strong></span> <span class='ocrx_word' id='word_1_53' title='bbox 699 952 782 1034; x_wconf 91' lang='lat' dir='ltr'><strong>quod</strong></span> <span class='ocrx_word' id='word_1_54' title='bbox 803 950 856 1013; x_wconf 87' lang='lat' dir='ltr'><strong>ille</strong></span> <span class='ocrx_word' id='word_1_55' title='bbox 868 968 939 1012; x_wconf 80' lang='lat' dir='ltr'><strong>ver-</strong></span> <span class='ocrx_word' id='word_1_56' title='bbox 993 953 1048 1032; x_wconf 84' lang='lat' dir='ltr'><strong>qui</strong></span> <span class='ocrx_word' id='word_1_57' title='bbox 1065 952 1191 1014; x_wconf 88' lang='lat' dir='ltr'><strong>illorum</strong></span> <span class='ocrx_word' id='word_1_58' title='bbox 1213 953 1346 1014; x_wconf 87' lang='lat' dir='ltr'><strong>rationes</strong></span> <span class='ocrx_word' id='word_1_59' title='bbox 1364 952 1548 1031; x_wconf 77' lang='lat' dir='ltr'><strong>investigem</strong></span> <span class='ocrx_word' id='word_1_60' title='bbox 1560 949 1662 1012; x_wconf 82' lang='lat' dir='ltr'><strong>velex</strong></span> <span class='ocrx_word' id='word_1_61' title='bbox 1681 956 1769 1031; x_wconf 88' lang='lat' dir='ltr'><strong>parta</strong></span> 
     </span>
     <span class='ocr_line' id='line_1_7' title="bbox 159 1044 1270 1129; baseline -0.009 -15"><span class='ocrx_word' id='word_1_62' title='bbox 159 1054 205 1129; x_wconf 88' lang='lat' dir='ltr'><strong>tit,</strong></span> <span class='ocrx_word' id='word_1_63' title='bbox 233 1069 306 1114; x_wconf 80' lang='lat' dir='ltr'><strong>cere</strong></span> <span class='ocrx_word' id='word_1_64' title='bbox 332 1050 367 1113; x_wconf 81' lang='lat' dir='ltr'><strong>dc</strong></span> <span class='ocrx_word' id='word_1_65' title='bbox 390 1047 510 1112; x_wconf 74' lang='lat' dir='ltr'><strong>Christo</strong></span> <span class='ocrx_word' id='word_1_66' title='bbox 531 1047 718 1111; x_wconf 69' lang='lat' dir='ltr'><strong>disserentes.</strong></span> <span class='ocrx_word' id='word_1_67' title='bbox 733 1048 802 1109; x_wconf 85' lang='lat' dir='ltr'><strong>Non</strong></span> <span class='ocrx_word' id='word_1_68' title='bbox 832 1047 939 1124; x_wconf 85' lang='lat' dir='ltr'><strong>utique</strong></span> <span class='ocrx_word' id='word_1_69' title='bbox 992 1044 1097 1126; x_wconf 84' lang='lat' dir='ltr'><strong>aliqua</strong></span> <span class='ocrx_word' id='word_1_70' title='bbox 1109 1047 1239 1128; x_wconf 62' lang='lat' dir='ltr'><strong>potastt.</strong></span> <span class='ocrx_word' id='word_1_71' title='bbox 1255 1066 1270 1103; x_wconf 81' lang='lat' dir='ltr'><strong>n</strong></span> 
     </span>
     <span class='ocr_line' id='line_1_8' title="bbox 158 1134 1924 1237; baseline -0.007 -30"><span class='ocrx_word' id='word_1_72' title='bbox 158 1152 254 1207; x_wconf 82' lang='lat' dir='ltr'><strong>recte.</strong></span> <span class='ocrx_word' id='word_1_73' title='bbox 280 1145 418 1206; x_wconf 72' lang='lat' dir='ltr'><strong>Ver-teret</strong></span> <span class='ocrx_word' id='word_1_74' title='bbox 431 1143 544 1223; x_wconf 91' lang='lat' dir='ltr'><strong>potius,</strong></span> <span class='ocrx_word' id='word_1_75' title='bbox 565 1159 632 1204; x_wconf 85' lang='lat' dir='ltr'><strong>vere</strong></span> <span class='ocrx_word' id='word_1_76' title='bbox 653 1140 748 1203; x_wconf 83' lang='lat' dir='ltr'><strong>Deum</strong></span> <span class='ocrx_word' id='word_1_77' title='bbox 774 1138 938 1220; x_wconf 81' lang='lat' dir='ltr'><strong>easeeoofi·</strong></span> <span class='ocrx_word' id='word_1_78' title='bbox 1032 1137 1262 1217; x_wconf 78' lang='lat' dir='ltr'><strong>Nonnunquam</strong></span> <span class='ocrx_word' id='word_1_79' title='bbox 1281 1142 1386 1199; x_wconf 86' lang='lat' dir='ltr'><strong>tamen</strong></span> <span class='ocrx_word' id='word_1_80' title='bbox 1403 1134 1553 1217; x_wconf 68' lang='lat' dir='ltr'><strong>theologie</strong></span> <span class='ocrx_word' id='word_1_81' title='bbox 1566 1139 1659 1195; x_wconf 69' lang='lat' dir='ltr'><strong>acroi</strong></span> <span class='ocrx_word' id='word_1_82' title='bbox 1682 1136 1770 1196; x_wconf 71' lang='lat' dir='ltr'><strong>teoto-</strong></span> <span class='ocrx_word' id='word_1_83' title='bbox 1804 1139 1924 1237; x_wconf 51' lang='lat' dir='ltr'><strong>theoda</strong></span> 
     </span>
     <span class='ocr_line' id='line_1_9' title="bbox 162 1207 1935 1311; baseline -0.005 -12"><span class='ocrx_word' id='word_1_84' title='bbox 162 1247 268 1301; x_wconf 80' lang='lat' dir='ltr'><strong>tentes.</strong></span> <span class='ocrx_word' id='word_1_85' title='bbox 990 1234 1046 1311; x_wconf 75' lang='lat' dir='ltr'><strong>-ptv</strong></span> <span class='ocrx_word' id='word_1_86' title='bbox 1056 1231 1183 1292; x_wconf 90' lang='lat' dir='ltr'><strong>uomina</strong></span> <span class='ocrx_word' id='word_1_87' title='bbox 1199 1229 1290 1291; x_wconf 87' lang='lat' dir='ltr'><strong>latius</strong></span> <span class='ocrx_word' id='word_1_88' title='bbox 1304 1230 1515 1311; x_wconf 82' lang='lat' dir='ltr'><strong>porrignnttm,</strong></span> <span class='ocrx_word' id='word_1_89' title='bbox 1533 1247 1569 1289; x_wconf 89' lang='lat' dir='ltr'><strong>ac</strong></span> <span class='ocrx_word' id='word_1_90' title='bbox 1588 1246 1653 1293; x_wconf 86' lang='lat' dir='ltr'><strong>non</strong></span> <span class='ocrx_word' id='word_1_91' title='bbox 1667 1245 1705 1289; x_wconf 86' lang='lat' dir='ltr'><strong>aa</strong></span> <span class='ocrx_word' id='word_1_92' title='bbox 1723 1246 1770 1290; x_wconf 87' lang='lat' dir='ltr'><strong>so·</strong></span> <span class='ocrx_word' id='word_1_93' title='bbox 1792 1207 1935 1291; x_wconf 57' lang='lat' dir='ltr'><strong>”siffis-⁸</strong></span> 
     </span>
     <span class='ocr_line' id='line_1_10' title="bbox 199 1307 1892 1413; baseline -0.006 -19"><span class='ocrx_word' id='word_1_94' title='bbox 199 1335 248 1395; x_wconf 89' lang='lat' dir='ltr'><strong>lta</strong></span> <span class='ocrx_word' id='word_1_95' title='bbox 273 1332 359 1413; x_wconf 85' lang='lat' dir='ltr'><strong>qnod</strong></span> <span class='ocrx_word' id='word_1_96' title='bbox 378 1330 587 1393; x_wconf 86' lang='lat' dir='ltr'><strong>Theodoretus</strong></span> <span class='ocrx_word' id='word_1_97' title='bbox 609 1329 662 1405; x_wconf 88' lang='lat' dir='ltr'><strong>uit,</strong></span> <span class='ocrx_word' id='word_1_98' title='bbox 689 1326 850 1389; x_wconf 76' lang='lat' dir='ltr'><strong>Valentem</strong></span> <span class='ocrx_word' id='word_1_99' title='bbox 872 1325 938 1387; x_wconf 79' lang='lat' dir='ltr'><strong>ios-</strong></span> <span class='ocrx_word' id='word_1_100' title='bbox 992 1324 1363 1406; x_wconf 77' lang='lat' dir='ltr'><strong>lumqunsuntpropria</strong></span> <span class='ocrx_word' id='word_1_101' title='bbox 1384 1325 1450 1400; x_wconf 89' lang='lat' dir='ltr'><strong>Dei,</strong></span> <span class='ocrx_word' id='word_1_102' title='bbox 1469 1324 1691 1385; x_wconf 84' lang='lat' dir='ltr'><strong>verumetiam</strong></span> <span class='ocrx_word' id='word_1_103' title='bbox 1708 1323 1770 1385; x_wconf 89' lang='lat' dir='ltr'><strong>alia</strong></span> <span class='ocrx_word' id='word_1_104' title='bbox 1829 1307 1892 1358; x_wconf 55' lang='grc' dir='ltr'><strong>ΡΜ</strong></span> 
     </span>
     <span class='ocr_line' id='line_1_11' title="bbox 159 1417 1769 1506; baseline -0.006 -18"><span class='ocrx_word' id='word_1_105' title='bbox 159 1435 217 1488; x_wconf 80' lang='lat' dir='ltr'><strong>tem</strong></span> <span class='ocrx_word' id='word_1_106' title='bbox 236 1425 361 1487; x_wconf 69' lang='lat' dir='ltr'><strong>illoc-tun</strong></span> <span class='ocrx_word' id='word_1_107' title='bbox 384 1423 495 1506; x_wconf 67' lang='lat' dir='ltr'><strong>filins,</strong></span> <span class='ocrx_word' id='word_1_108' title='bbox 518 1425 571 1505; x_wconf 83' lang='lat' dir='ltr'><strong>poi</strong></span> <span class='ocrx_word' id='word_1_109' title='bbox 600 1420 753 1486; x_wconf 73' lang='lat' dir='ltr'><strong>Christum</strong></span> <span class='ocrx_word' id='word_1_110' title='bbox 777 1418 936 1503; x_wconf 73' lang='grc' dir='ltr'><strong>ὶθιολόγουν,</strong></span> <span class='ocrx_word' id='word_1_111' title='bbox 992 1438 1028 1481; x_wconf 89' lang='lat' dir='ltr'><strong>ac</strong></span> <span class='ocrx_word' id='word_1_112' title='bbox 1041 1436 1133 1500; x_wconf 85' lang='lat' dir='ltr'><strong>porro</strong></span> <span class='ocrx_word' id='word_1_113' title='bbox 1154 1425 1255 1482; x_wconf 82' lang='lat' dir='ltr'><strong>creata</strong></span> <span class='ocrx_word' id='word_1_114' title='bbox 1268 1421 1439 1494; x_wconf 82' lang='lat' dir='ltr'><strong>continent3</strong></span> <span class='ocrx_word' id='word_1_115' title='bbox 1461 1435 1534 1480; x_wconf 90' lang='lat' dir='ltr'><strong>cum</strong></span> <span class='ocrx_word' id='word_1_116' title='bbox 1546 1417 1688 1479; x_wconf 84' lang='lat' dir='ltr'><strong>videlicet</strong></span> <span class='ocrx_word' id='word_1_117' title='bbox 1704 1432 1769 1479; x_wconf 92' lang='lat' dir='ltr'><strong>non</strong></span> 
     </span>
     <span class='ocr_line' id='line_1_12' title="bbox 159 1508 1769 1599; baseline -0.007 -17"><span class='ocrx_word' id='word_1_118' title='bbox 159 1520 240 1582; x_wconf 80' lang='lat' dir='ltr'><strong>ntnil</strong></span> <span class='ocrx_word' id='word_1_119' title='bbox 254 1508 534 1599; x_wconf 68' lang='lat' dir='ltr'><strong>mutsigmttcst&#39;.</strong></span> <span class='ocrx_word' id='word_1_120' title='bbox 991 1512 1070 1575; x_wconf 89' lang='lat' dir='ltr'><strong>utin</strong></span> <span class='ocrx_word' id='word_1_121' title='bbox 1084 1518 1196 1575; x_wconf 85' lang='lat' dir='ltr'><strong>assunt</strong></span> <span class='ocrx_word' id='word_1_122' title='bbox 1206 1514 1266 1574; x_wconf 89' lang='lat' dir='ltr'><strong>ista</strong></span> <span class='ocrx_word' id='word_1_123' title='bbox 1285 1518 1469 1594; x_wconf 74' lang='lat' dir='ltr'><strong>spectantum,</strong></span> <span class='ocrx_word' id='word_1_124' title='bbox 1484 1510 1539 1573; x_wconf 90' lang='lat' dir='ltr'><strong>sed</strong></span> <span class='ocrx_word' id='word_1_125' title='bbox 1561 1517 1711 1590; x_wconf 88' lang='lat' dir='ltr'><strong>quatenus</strong></span> <span class='ocrx_word' id='word_1_126' title='bbox 1729 1511 1769 1572; x_wconf 91' lang='lat' dir='ltr'><strong>ad</strong></span> 
     </span>
     <span class='ocr_line' id='line_1_13' title="bbox 198 1603 1768 1682; baseline -0.005 -8"><span class='ocrx_word' id='word_1_127' title='bbox 198 1613 251 1674; x_wconf 87' lang='lat' dir='ltr'><strong>Sic</strong></span> <span class='ocrx_word' id='word_1_128' title='bbox 293 1612 445 1674; x_wconf 77' lang='lat' dir='ltr'>Eusebius</span> <span class='ocrx_word' id='word_1_129' title='bbox 472 1611 664 1673; x_wconf 77' lang='lat' dir='ltr'><strong>Cosamemis</strong></span> <span class='ocrx_word' id='word_1_130' title='bbox 699 1611 798 1671; x_wconf 83' lang='lat' dir='ltr'><strong>Deum</strong></span> <span class='ocrx_word' id='word_1_131' title='bbox 830 1625 938 1671; x_wconf 76' lang='lat' dir='ltr'><strong>aarum</strong></span> <span class='ocrx_word' id='word_1_132' title='bbox 991 1611 1147 1668; x_wconf 82' lang='lat' dir='ltr'><strong>auctorem</strong></span> <span class='ocrx_word' id='word_1_133' title='bbox 1168 1607 1267 1669; x_wconf 87' lang='lat' dir='ltr'><strong>Deum</strong></span> <span class='ocrx_word' id='word_1_134' title='bbox 1285 1606 1471 1680; x_wconf 79' lang='lat' dir='ltr'><strong>retentatur,</strong></span> <span class='ocrx_word' id='word_1_135' title='bbox 1494 1622 1530 1666; x_wconf 87' lang='lat' dir='ltr'><strong>aa</strong></span> <span class='ocrx_word' id='word_1_136' title='bbox 1552 1603 1602 1666; x_wconf 84' lang='lat' dir='ltr'><strong>vel</strong></span> <span class='ocrx_word' id='word_1_137' title='bbox 1615 1604 1683 1682; x_wconf 85' lang='lat' dir='ltr'><strong>ejus</strong></span> <span class='ocrx_word' id='word_1_138' title='bbox 1696 1611 1768 1666; x_wconf 89' lang='lat' dir='ltr'><strong>sunt</strong></span> 
     </span>
     <span class='ocr_line' id='line_1_14' title="bbox 157 1699 1768 1789; baseline -0.004 -22"><span class='ocrx_word' id='word_1_139' title='bbox 157 1706 312 1783; x_wconf 88' lang='lat' dir='ltr'><strong>nominat,</strong></span> <span class='ocrx_word' id='word_1_140' title='bbox 340 1705 395 1787; x_wconf 78' lang='lat' dir='ltr'><strong>qut</strong></span> <span class='ocrx_word' id='word_1_141' title='bbox 415 1703 497 1786; x_wconf 83' lang='lat' dir='ltr'><strong>opud</strong></span> <span class='ocrx_word' id='word_1_142' title='bbox 519 1702 592 1764; x_wconf 84' lang='lat' dir='ltr'><strong>solos</strong></span> <span class='ocrx_word' id='word_1_143' title='bbox 603 1701 755 1789; x_wconf 43' lang='lat' dir='ltr'><strong>aetrno,</strong></span> <span class='ocrx_word' id='word_1_144' title='bbox 767 1703 935 1782; x_wconf 76' lang='grc' dir='ltr'><strong>ὶθιολογιῖτο,</strong></span> <span class='ocrx_word' id='word_1_145' title='bbox 991 1717 1095 1781; x_wconf 90' lang='lat' dir='ltr'><strong>opera,</strong></span> <span class='ocrx_word' id='word_1_146' title='bbox 1110 1701 1159 1763; x_wconf 87' lang='lat' dir='ltr'><strong>vel</strong></span> <span class='ocrx_word' id='word_1_147' title='bbox 1172 1702 1386 1779; x_wconf 75' lang='lat' dir='ltr'><strong>isnnumenta,</strong></span> <span class='ocrx_word' id='word_1_148' title='bbox 1407 1700 1459 1763; x_wconf 90' lang='lat' dir='ltr'><strong>vel</strong></span> <span class='ocrx_word' id='word_1_149' title='bbox 1474 1718 1600 1781; x_wconf 87' lang='lat' dir='ltr'><strong>quoquo</strong></span> <span class='ocrx_word' id='word_1_150' title='bbox 1619 1699 1768 1761; x_wconf 91' lang='lat' dir='ltr'><strong>modoad</strong></span> 
     </span>
     <span class='ocr_line' id='line_1_15' title="bbox 157 1792 1764 1876; baseline -0.004 -15"><span class='ocrx_word' id='word_1_151' title='bbox 157 1800 217 1861; x_wconf 89' lang='lat' dir='ltr'><strong>hoc</strong></span> <span class='ocrx_word' id='word_1_152' title='bbox 234 1804 283 1860; x_wconf 83' lang='lat' dir='ltr'><strong>est</strong></span> <span class='ocrx_word' id='word_1_153' title='bbox 300 1797 378 1860; x_wconf 80' lang='lat' dir='ltr'><strong>Deus</strong></span> <span class='ocrx_word' id='word_1_154' title='bbox 396 1796 585 1858; x_wconf 60' lang='lat' dir='ltr'><strong>iniciatam.</strong></span> <span class='ocrx_word' id='word_1_155' title='bbox 601 1797 639 1857; x_wconf 85' lang='lat' dir='ltr'><strong>Et</strong></span> <span class='ocrx_word' id='word_1_156' title='bbox 661 1795 745 1857; x_wconf 88' lang='lat' dir='ltr'><strong>idem</strong></span> <span class='ocrx_word' id='word_1_157' title='bbox 764 1794 850 1855; x_wconf 91' lang='lat' dir='ltr'><strong>initio</strong></span> <span class='ocrx_word' id='word_1_158' title='bbox 863 1796 939 1857; x_wconf 91' lang='lat' dir='ltr'><strong>noni</strong></span> <span class='ocrx_word' id='word_1_159' title='bbox 990 1794 1124 1874; x_wconf 85' lang='lat' dir='ltr'><strong>primam</strong></span> <span class='ocrx_word' id='word_1_160' title='bbox 1135 1814 1260 1857; x_wconf 89' lang='lat' dir='ltr'><strong>oausam</strong></span> <span class='ocrx_word' id='word_1_161' title='bbox 1268 1796 1430 1876; x_wconf 85' lang='lat' dir='ltr'><strong>pertinent.</strong></span> <span class='ocrx_word' id='word_1_162' title='bbox 1445 1795 1485 1857; x_wconf 92' lang='lat' dir='ltr'><strong>Ut</strong></span> <span class='ocrx_word' id='word_1_163' title='bbox 1495 1811 1567 1856; x_wconf 90' lang='lat' dir='ltr'><strong>cum</strong></span> <span class='ocrx_word' id='word_1_164' title='bbox 1581 1794 1620 1855; x_wconf 88' lang='lat' dir='ltr'><strong>de</strong></span> <span class='ocrx_word' id='word_1_165' title='bbox 1635 1792 1764 1873; x_wconf 86' lang='lat' dir='ltr'><strong>augelis,</strong></span> 
     </span>
     <span class='ocr_line' id='line_1_16' title="bbox 157 1885 1762 1972; baseline -0.004 -18"><span class='ocrx_word' id='word_1_166' title='bbox 157 1892 230 1954; x_wconf 80' lang='lat' dir='ltr'>libri</span> <span class='ocrx_word' id='word_1_167' title='bbox 244 1892 385 1972; x_wconf 87' lang='lat' dir='ltr'><strong>ejusdem</strong></span> <span class='ocrx_word' id='word_1_168' title='bbox 400 1891 511 1971; x_wconf 86' lang='lat' dir='ltr'><strong>operis,</strong></span> <span class='ocrx_word' id='word_1_169' title='bbox 526 1889 686 1968; x_wconf 79' lang='lat' dir='ltr'><strong>distinguit</strong></span> <span class='ocrx_word' id='word_1_170' title='bbox 704 1889 738 1948; x_wconf 87' lang='lat' dir='ltr'><strong>in</strong></span> <span class='ocrx_word' id='word_1_171' title='bbox 753 1888 871 1949; x_wconf 85' lang='lat' dir='ltr'><strong>Christo</strong></span> <span class='ocrx_word' id='word_1_172' title='bbox 888 1885 937 1962; x_wconf 81' lang='grc' dir='ltr'><strong>τὴν</strong></span> <span class='ocrx_word' id='word_1_173' title='bbox 990 1886 1029 1947; x_wconf 94' lang='lat' dir='ltr'><strong>de</strong></span> <span class='ocrx_word' id='word_1_174' title='bbox 1042 1888 1231 1967; x_wconf 86' lang='lat' dir='ltr'><strong>hominibus,</strong></span> <span class='ocrx_word' id='word_1_175' title='bbox 1248 1908 1284 1951; x_wconf 89' lang='lat' dir='ltr'><strong>ac</strong></span> <span class='ocrx_word' id='word_1_176' title='bbox 1297 1890 1413 1951; x_wconf 75' lang='lat' dir='ltr'><strong>suteris</strong></span> <span class='ocrx_word' id='word_1_177' title='bbox 1426 1906 1497 1968; x_wconf 80' lang='lat' dir='ltr'><strong>qum</strong></span> <span class='ocrx_word' id='word_1_178' title='bbox 1506 1889 1540 1948; x_wconf 91' lang='lat' dir='ltr'><strong>in</strong></span> <span class='ocrx_word' id='word_1_179' title='bbox 1554 1887 1671 1948; x_wconf 88' lang='lat' dir='ltr'><strong>mundo</strong></span> <span class='ocrx_word' id='word_1_180' title='bbox 1681 1892 1762 1963; x_wconf 87' lang='lat' dir='ltr'><strong>sunt,</strong></span> 
     </span>
     <span class='ocr_line' id='line_1_17' title="bbox 156 1979 1765 2066; baseline -0.004 -19"><span class='ocrx_word' id='word_1_181' title='bbox 156 1984 466 2066; x_wconf 63' lang='lat' dir='ltr'><strong>xm’cisioteolostav,</strong></span> <span class='ocrx_word' id='word_1_182' title='bbox 477 1982 510 2043; x_wconf 91' lang='lat' dir='ltr'><strong>id</strong></span> <span class='ocrx_word' id='word_1_183' title='bbox 523 1979 784 2058; x_wconf 80' lang='lat' dir='ltr'><strong>estdioinitotea,</strong></span> <span class='ocrx_word' id='word_1_184' title='bbox 796 1979 939 2042; x_wconf 74' lang='lat' dir='ltr'><strong>divinita·</strong></span> <span class='ocrx_word' id='word_1_185' title='bbox 989 1980 1090 2061; x_wconf 88' lang='lat' dir='ltr'><strong>dequo</strong></span> <span class='ocrx_word' id='word_1_186' title='bbox 1111 1985 1311 2047; x_wconf 71' lang='lat' dir='ltr'><strong>sacramentis</strong></span> <span class='ocrx_word' id='word_1_187' title='bbox 1329 1989 1360 2045; x_wconf 88' lang='lat' dir='ltr'><strong>st</strong></span> <span class='ocrx_word' id='word_1_188' title='bbox 1374 1982 1408 2045; x_wconf 88' lang='lat' dir='ltr'><strong>id</strong></span> <span class='ocrx_word' id='word_1_189' title='bbox 1428 1998 1526 2062; x_wconf 84' lang='lat' dir='ltr'><strong>genus</strong></span> <span class='ocrx_word' id='word_1_190' title='bbox 1548 1979 1657 2043; x_wconf 87' lang='lat' dir='ltr'><strong>creatis</strong></span> <span class='ocrx_word' id='word_1_191' title='bbox 1672 1979 1765 2041; x_wconf 88' lang='lat' dir='ltr'><strong>robus</strong></span> 
     </span>
     <span class='ocr_line' id='line_1_18' title="bbox 155 2072 1101 2161; baseline -0.002 -20"><span class='ocrx_word' id='word_1_192' title='bbox 155 2080 231 2143; x_wconf 79' lang='lat' dir='ltr'><strong>time</strong></span> <span class='ocrx_word' id='word_1_193' title='bbox 252 2076 477 2161; x_wconf 66' lang='lat' dir='ltr'><strong>prosecutum,</strong></span> <span class='ocrx_word' id='word_1_194' title='bbox 501 2082 532 2138; x_wconf 90' lang='lat' dir='ltr'><strong>et</strong></span> <span class='ocrx_word' id='word_1_195' title='bbox 556 2072 606 2149; x_wconf 78' lang='grc' dir='ltr'><strong>τὴν</strong></span> <span class='ocrx_word' id='word_1_196' title='bbox 625 2072 761 2158; x_wconf 66' lang='lat' dir='ltr'><strong>sipontin</strong></span> <span class='ocrx_word' id='word_1_197' title='bbox 790 2079 828 2143; x_wconf 70' lang='lat' dir='ltr'><strong>st&lt;</strong></span> <span class='ocrx_word' id='word_1_198' title='bbox 864 2080 936 2155; x_wconf 62' lang='grc' dir='ltr'><strong>ἡμᾶς</strong></span> <span class='ocrx_word' id='word_1_199' title='bbox 988 2076 1101 2155; x_wconf 85' lang='lat' dir='ltr'><strong>agitur.</strong></span> 
     </span>
     <span class='ocr_line' id='line_1_19' title="bbox 156 2167 1764 2255; baseline -0.004 -19"><span class='ocrx_word' id='word_1_200' title='bbox 156 2175 276 2251; x_wconf 70' lang='grc' dir='ltr'><strong>κάθοδον,</strong></span> <span class='ocrx_word' id='word_1_201' title='bbox 289 2172 407 2235; x_wconf 81' lang='lat' dir='ltr'><strong>honest</strong></span> <span class='ocrx_word' id='word_1_202' title='bbox 424 2169 588 2233; x_wconf 73' lang='lat' dir='ltr'><strong>dammam</strong></span> <span class='ocrx_word' id='word_1_203' title='bbox 602 2167 644 2230; x_wconf 90' lang='lat' dir='ltr'><strong>od</strong></span> <span class='ocrx_word' id='word_1_204' title='bbox 661 2186 723 2246; x_wconf 81' lang='lat' dir='ltr'><strong>nos,</strong></span> <span class='ocrx_word' id='word_1_205' title='bbox 746 2168 809 2230; x_wconf 85' lang='lat' dir='ltr'><strong>sive</strong></span> <span class='ocrx_word' id='word_1_206' title='bbox 831 2167 935 2231; x_wconf 79' lang='lat' dir='ltr'><strong>iccor-</strong></span> <span class='ocrx_word' id='word_1_207' title='bbox 1029 2170 1102 2231; x_wconf 78' lang='lat' dir='ltr'><strong>Huc</strong></span> <span class='ocrx_word' id='word_1_208' title='bbox 1134 2173 1268 2234; x_wconf 88' lang='lat' dir='ltr'><strong>nominis</strong></span> <span class='ocrx_word' id='word_1_209' title='bbox 1297 2173 1507 2255; x_wconf 78' lang='lat' dir='ltr'><strong>interpretatio</strong></span> <span class='ocrx_word' id='word_1_210' title='bbox 1538 2168 1764 2251; x_wconf 84' lang='lat' dir='ltr'><strong>propemodum</strong></span> 
     </span>
     <span class='ocr_line' id='line_1_20' title="bbox 155 2262 1764 2348; baseline -0.004 -19"><span class='ocrx_word' id='word_1_211' title='bbox 155 2268 316 2330; x_wconf 73' lang='lat' dir='ltr'><strong>ontionem.</strong></span> <span class='ocrx_word' id='word_1_212' title='bbox 988 2262 1066 2341; x_wconf 87' lang='lat' dir='ltr'><strong>ejus,</strong></span> <span class='ocrx_word' id='word_1_213' title='bbox 1092 2284 1188 2346; x_wconf 85' lang='lat' dir='ltr'><strong>quam</strong></span> <span class='ocrx_word' id='word_1_214' title='bbox 1212 2269 1402 2348; x_wconf 88' lang='lat' dir='ltr'><strong>suscepimus</strong></span> <span class='ocrx_word' id='word_1_215' title='bbox 1426 2264 1594 2346; x_wconf 78' lang='lat' dir='ltr'><strong>discipline</strong></span> <span class='ocrx_word' id='word_1_216' title='bbox 1612 2263 1764 2324; x_wconf 88' lang='lat' dir='ltr'><strong>rationem</strong></span> 
     </span>
     <span class='ocr_line' id='line_1_21' title="bbox 28 2356 1763 2443; baseline -0.005 -16"><span class='ocrx_word' id='word_1_217' title='bbox 28 2387 108 2432; x_wconf 71' lang='grc' dir='ltr'><strong>ιιι...</strong></span> <span class='ocrx_word' id='word_1_218' title='bbox 196 2359 477 2423; x_wconf 85' lang='lat' dir='ltr'><strong>Postremoexhco</strong></span> <span class='ocrx_word' id='word_1_219' title='bbox 490 2356 935 2443; x_wconf 80' lang='lat' dir='ltr'><strong>etiamappsretcurloannes</strong></span> <span class='ocrx_word' id='word_1_220' title='bbox 988 2356 1259 2441; x_wconf 84' lang='lat' dir='ltr'><strong>definitionemque</strong></span> <span class='ocrx_word' id='word_1_221' title='bbox 1275 2360 1498 2443; x_wconf 69' lang='lat' dir='ltr'><strong>complectitur,</strong></span> <span class='ocrx_word' id='word_1_222' title='bbox 1521 2362 1672 2439; x_wconf 86' lang='lat' dir='ltr'><strong>quanttnn</strong></span> <span class='ocrx_word' id='word_1_223' title='bbox 1693 2357 1763 2436; x_wconf 89' lang='lat' dir='ltr'><strong>qui·</strong></span> 
     </span>
     <span class='ocr_line' id='line_1_22' title="bbox 11 2441 1761 2547; baseline -0.003 -31"><span class='ocrx_word' id='word_1_224' title='bbox 11 2441 128 2547; x_wconf 53' lang='lat' dir='ltr'><strong>m</strong></span> <span class='ocrx_word' id='word_1_225' title='bbox 155 2453 490 2535; x_wconf 71' lang='lat' dir='ltr'><strong>Evangelistuproprie</strong></span> <span class='ocrx_word' id='word_1_226' title='bbox 516 2450 646 2533; x_wconf 71' lang='grc' dir='ltr'><strong>θεολόγοι,</strong></span> <span class='ocrx_word' id='word_1_227' title='bbox 675 2470 710 2512; x_wconf 90' lang='lat' dir='ltr'><strong>ac</strong></span> <span class='ocrx_word' id='word_1_228' title='bbox 733 2470 796 2532; x_wconf 85' lang='lat' dir='ltr'><strong>pras</strong></span> <span class='ocrx_word' id='word_1_229' title='bbox 818 2453 934 2513; x_wconf 75' lang='lat' dir='ltr'><strong>caeteris</strong></span> <span class='ocrx_word' id='word_1_230' title='bbox 987 2449 1059 2511; x_wconf 88' lang='lat' dir='ltr'><strong>dem</strong></span> <span class='ocrx_word' id='word_1_231' title='bbox 1084 2470 1101 2514; x_wconf 89' lang='lat' dir='ltr'><strong>e</strong></span> <span class='ocrx_word' id='word_1_232' title='bbox 1123 2472 1157 2515; x_wconf 89' lang='lat' dir='ltr'><strong>ra</strong></span> <span class='ocrx_word' id='word_1_233' title='bbox 1178 2453 1315 2533; x_wconf 70' lang='lat' dir='ltr'><strong>subiecta</strong></span> <span class='ocrx_word' id='word_1_234' title='bbox 1338 2455 1406 2535; x_wconf 89' lang='lat' dir='ltr'><strong>capi</strong></span> <span class='ocrx_word' id='word_1_235' title='bbox 1427 2457 1527 2536; x_wconf 87' lang='lat' dir='ltr'><strong>potest</strong></span> <span class='ocrx_word' id='word_1_236' title='bbox 1549 2468 1648 2531; x_wconf 85' lang='lat' dir='ltr'><strong>eoque</strong></span> <span class='ocrx_word' id='word_1_237' title='bbox 1680 2451 1761 2531; x_wconf 91' lang='lat' dir='ltr'><strong>quod</strong></span> 
     </span>
     <span class='ocr_line' id='line_1_23' title="bbox 24 2543 1914 2655; baseline -0.003 -44"><span class='ocrx_word' id='word_1_238' title='bbox 24 2552 116 2655; x_wconf 55' lang='lat' dir='ltr'><strong>m</strong></span> <span class='ocrx_word' id='word_1_239' title='bbox 154 2546 594 2629; x_wconf 79' lang='lat' dir='ltr'><strong>Evangelistisappellatnssit,</strong></span> <span class='ocrx_word' id='word_1_240' title='bbox 610 2563 722 2627; x_wconf 90' lang='lat' dir='ltr'><strong>nempe</strong></span> <span class='ocrx_word' id='word_1_241' title='bbox 733 2544 817 2626; x_wconf 85' lang='lat' dir='ltr'><strong>quod</strong></span> <span class='ocrx_word' id='word_1_242' title='bbox 830 2552 934 2626; x_wconf 89' lang='lat' dir='ltr'><strong>aperte</strong></span> <span class='ocrx_word' id='word_1_243' title='bbox 985 2543 1016 2604; x_wconf 80' lang='grc' dir='ltr'><strong>τὸ</strong></span> <span class='ocrx_word' id='word_1_244' title='bbox 1032 2546 1199 2628; x_wconf 71' lang='grc' dir='ltr'><strong>ὑποκείμεναι</strong></span> <span class='ocrx_word' id='word_1_245' title='bbox 1216 2549 1381 2630; x_wconf 88' lang='lat' dir='ltr'><strong>appellant.</strong></span> <span class='ocrx_word' id='word_1_246' title='bbox 1416 2548 1465 2610; x_wconf 86' lang='lat' dir='ltr'><strong>Sic</strong></span> <span class='ocrx_word' id='word_1_247' title='bbox 1485 2546 1569 2609; x_wconf 92' lang='lat' dir='ltr'><strong>enim</strong></span> <span class='ocrx_word' id='word_1_248' title='bbox 1591 2544 1764 2607; x_wconf 84' lang='lat' dir='ltr'><strong>definiendo</strong></span> <span class='ocrx_word' id='word_1_249' title='bbox 1810 2547 1914 2606; x_wconf 64' lang='lat' dir='ltr'><strong>Serrai·</strong></span> 
     </span>
     <span class='ocr_line' id='line_1_24' title="bbox 3 2610 1889 2723; baseline 0.001 -25"><span class='ocrx_word' id='word_1_250' title='bbox 3 2632 4 2637; x_wconf 68' lang='grc'>’</span> <span class='ocrx_word' id='word_1_251' title='bbox 51 2662 80 2698; x_wconf 66' lang='grc' dir='ltr'><strong>αι</strong></span> <span class='ocrx_word' id='word_1_252' title='bbox 154 2642 426 2722; x_wconf 87' lang='lat' dir='ltr'><strong>etinsigniterFilii</strong></span> <span class='ocrx_word' id='word_1_253' title='bbox 438 2640 629 2701; x_wconf 85' lang='lat' dir='ltr'><strong>divinitatem</strong></span> <span class='ocrx_word' id='word_1_254' title='bbox 637 2638 827 2719; x_wconf 80' lang='lat' dir='ltr'><strong>expresserit,</strong></span> <span class='ocrx_word' id='word_1_255' title='bbox 836 2656 933 2718; x_wconf 87' lang='lat' dir='ltr'><strong>quam</strong></span> <span class='ocrx_word' id='word_1_256' title='bbox 985 2637 1061 2716; x_wconf 86' lang='lat' dir='ltr'><strong>quid</strong></span> <span class='ocrx_word' id='word_1_257' title='bbox 1079 2639 1133 2701; x_wconf 90' lang='lat' dir='ltr'><strong>illa</strong></span> <span class='ocrx_word' id='word_1_258' title='bbox 1155 2642 1194 2703; x_wconf 86' lang='lat' dir='ltr'><strong>sit</strong></span> <span class='ocrx_word' id='word_1_259' title='bbox 1214 2642 1365 2723; x_wconf 71' lang='lat' dir='ltr'><strong>explicare</strong></span> <span class='ocrx_word' id='word_1_260' title='bbox 1387 2642 1458 2703; x_wconf 87' lang='lat' dir='ltr'><strong>licet</strong></span> <span class='ocrx_word' id='word_1_261' title='bbox 1486 2659 1493 2701; x_wconf 76' lang='grc' dir='ltr'><strong>ε</strong></span> <span class='ocrx_word' id='word_1_262' title='bbox 1524 2640 1607 2701; x_wconf 84' lang='lat' dir='ltr'><strong>utsii</strong></span> <span class='ocrx_word' id='word_1_263' title='bbox 1634 2639 1764 2700; x_wconf 81' lang='lat' dir='ltr'><strong>«scion-</strong></span> <span class='ocrx_word' id='word_1_264' title='bbox 1834 2610 1889 2652; x_wconf 62' lang='lat' dir='ltr'>‘&#39;m&#39;‘</span> 
     </span>
     <span class='ocr_line' id='line_1_25' title="bbox 16 2710 1926 2814; baseline -0.003 -17"><span class='ocrx_word' id='word_1_265' title='bbox 16 2710 123 2760; x_wconf 50' lang='lat' dir='ltr'><strong>&#39;mm’</strong></span> <span class='ocrx_word' id='word_1_266' title='bbox 153 2735 240 2797; x_wconf 83' lang='lat' dir='ltr'><strong>haud</strong></span> <span class='ocrx_word' id='word_1_267' title='bbox 253 2736 333 2797; x_wconf 87' lang='lat' dir='ltr'><strong>adeo</strong></span> <span class='ocrx_word' id='word_1_268' title='bbox 347 2735 459 2796; x_wconf 87' lang='lat' dir='ltr'><strong>diserte</strong></span> <span class='ocrx_word' id='word_1_269' title='bbox 472 2733 585 2812; x_wconf 87' lang='lat' dir='ltr'><strong>reliqui</strong></span> <span class='ocrx_word' id='word_1_270' title='bbox 596 2732 763 2797; x_wconf 87' lang='lat' dir='ltr'><strong>declarant.</strong></span> <span class='ocrx_word' id='word_1_271' title='bbox 982 2730 1026 2791; x_wconf 80' lang='lat' dir='ltr'><strong>tia</strong></span> <span class='ocrx_word' id='word_1_272' title='bbox 1057 2752 1127 2813; x_wconf 82' lang='lat' dir='ltr'><strong>quae</strong></span> <span class='ocrx_word' id='word_1_273' title='bbox 1153 2737 1187 2797; x_wconf 90' lang='lat' dir='ltr'><strong>iu</strong></span> <span class='ocrx_word' id='word_1_274' title='bbox 1214 2738 1269 2799; x_wconf 88' lang='lat' dir='ltr'><strong>Dei</strong></span> <span class='ocrx_word' id='word_1_275' title='bbox 1298 2742 1480 2811; x_wconf 88' lang='lat' dir='ltr'><strong>eteorum,</strong></span> <span class='ocrx_word' id='word_1_276' title='bbox 1510 2753 1580 2814; x_wconf 76' lang='lat' dir='ltr'><strong>qum</strong></span> <span class='ocrx_word' id='word_1_277' title='bbox 1599 2733 1640 2794; x_wconf 79' lang='lat' dir='ltr'><strong>cd</strong></span> <span class='ocrx_word' id='word_1_278' title='bbox 1664 2734 1764 2794; x_wconf 86' lang='lat' dir='ltr'><strong>Deum</strong></span> <span class='ocrx_word' id='word_1_279' title='bbox 1801 2747 1926 2803; x_wconf 65' lang='lat' dir='ltr'><strong>tantone</strong></span> 
     </span>
     <span class='ocr_line' id='line_1_26' title="bbox 13 2802 1915 2931; baseline -0.002 -40"><span class='ocrx_word' id='word_1_280' title='bbox 13 2828 128 2931; x_wconf 40' lang='lat' dir='ltr'><strong>&amp;aa</strong></span> <span class='ocrx_word' id='word_1_281' title='bbox 195 2830 250 2891; x_wconf 88' lang='lat' dir='ltr'><strong>lll.</strong></span> <span class='ocrx_word' id='word_1_282' title='bbox 267 2828 334 2890; x_wconf 88' lang='lat' dir='ltr'><strong>lloo</strong></span> <span class='ocrx_word' id='word_1_283' title='bbox 347 2827 440 2889; x_wconf 90' lang='lat' dir='ltr'><strong>modo</strong></span> <span class='ocrx_word' id='word_1_284' title='bbox 455 2832 602 2907; x_wconf 82' lang='lat' dir='ltr'><strong>ustnpata</strong></span> <span class='ocrx_word' id='word_1_285' title='bbox 615 2825 769 2908; x_wconf 73' lang='lat' dir='ltr'><strong>theologice</strong></span> <span class='ocrx_word' id='word_1_286' title='bbox 794 2842 855 2887; x_wconf 75' lang='lat' dir='ltr'><strong>uox</strong></span> <span class='ocrx_word' id='word_1_287' title='bbox 875 2844 930 2906; x_wconf 91' lang='lat' dir='ltr'><strong>pe-</strong></span> <span class='ocrx_word' id='word_1_288' title='bbox 984 2840 1109 2906; x_wconf 86' lang='lat' dir='ltr'><strong>quoquo</strong></span> <span class='ocrx_word' id='word_1_289' title='bbox 1130 2830 1223 2891; x_wconf 94' lang='lat' dir='ltr'><strong>modo</strong></span> <span class='ocrx_word' id='word_1_290' title='bbox 1237 2831 1389 2910; x_wconf 85' lang='lat' dir='ltr'><strong>pertinent</strong></span> <span class='ocrx_word' id='word_1_291' title='bbox 1411 2826 1667 2908; x_wconf 74' lang='lat' dir='ltr'><strong>contemplatione</strong></span> <span class='ocrx_word' id='word_1_292' title='bbox 1689 2844 1763 2888; x_wconf 87' lang='lat' dir='ltr'><strong>eou-</strong></span> <span class='ocrx_word' id='word_1_293' title='bbox 1806 2802 1915 2851; x_wconf 54' lang='lat' dir='ltr'><strong>‘mm&#39;</strong></span> 
     </span>
     <span class='ocr_line' id='line_1_27' title="bbox 28 2917 1766 2994; baseline -0.002 -10"><span class='ocrx_word' id='word_1_294' title='bbox 28 2946 107 2994; x_wconf 68' lang='lat' dir='ltr'><strong>mss.</strong></span> <span class='ocrx_word' id='word_1_295' title='bbox 153 2922 401 2984; x_wconf 78' lang='lat' dir='ltr'><strong>ndiurinotione</strong></span> <span class='ocrx_word' id='word_1_296' title='bbox 420 2921 594 2983; x_wconf 74' lang='lat' dir='ltr'><strong>manuum</strong></span> <span class='ocrx_word' id='word_1_297' title='bbox 617 2919 655 2981; x_wconf 90' lang='lat' dir='ltr'><strong>de</strong></span> <span class='ocrx_word' id='word_1_298' title='bbox 674 2920 738 2980; x_wconf 87' lang='lat' dir='ltr'><strong>Deo</strong></span> <span class='ocrx_word' id='word_1_299' title='bbox 755 2936 929 2980; x_wconf 86' lang='lat' dir='ltr'><strong>sermonem</strong></span> <span class='ocrx_word' id='word_1_300' title='bbox 982 2917 1100 2983; x_wconf 77' lang='lat' dir='ltr'><strong>sistit.»</strong></span> <span class='ocrx_word' id='word_1_301' title='bbox 1128 2922 1188 2983; x_wconf 82' lang='lat' dir='ltr'><strong>Sed</strong></span> <span class='ocrx_word' id='word_1_302' title='bbox 1214 2924 1281 2985; x_wconf 85' lang='lat' dir='ltr'><strong>haec</strong></span> <span class='ocrx_word' id='word_1_303' title='bbox 1300 2923 1385 2984; x_wconf 83' lang='lat' dir='ltr'><strong>rudis</strong></span> <span class='ocrx_word' id='word_1_304' title='bbox 1405 2928 1436 2983; x_wconf 88' lang='lat' dir='ltr'><strong>et</strong></span> <span class='ocrx_word' id='word_1_305' title='bbox 1455 2921 1602 2981; x_wconf 87' lang='lat' dir='ltr'><strong>nondum</strong></span> <span class='ocrx_word' id='word_1_306' title='bbox 1624 2920 1766 2981; x_wconf 86' lang='lat' dir='ltr'><strong>absoluta</strong></span> 
     </span>
     <span class='ocr_line' id='line_1_28' title="bbox 152 3010 1764 3098; baseline -0.003 -20"><span class='ocrx_word' id='word_1_307' title='bbox 152 3036 188 3078; x_wconf 89' lang='lat' dir='ltr'><strong>ao</strong></span> <span class='ocrx_word' id='word_1_308' title='bbox 206 3015 447 3098; x_wconf 87' lang='lat' dir='ltr'><strong>disputationem</strong></span> <span class='ocrx_word' id='word_1_309' title='bbox 467 3013 628 3095; x_wconf 84' lang='lat' dir='ltr'><strong>significat,</strong></span> <span class='ocrx_word' id='word_1_310' title='bbox 640 3017 705 3074; x_wconf 86' lang='lat' dir='ltr'><strong>tam</strong></span> <span class='ocrx_word' id='word_1_311' title='bbox 719 3014 773 3093; x_wconf 91' lang='lat' dir='ltr'><strong>qui</strong></span> <span class='ocrx_word' id='word_1_312' title='bbox 785 3019 929 3077; x_wconf 86' lang='lat' dir='ltr'><strong>naturam</strong></span> <span class='ocrx_word' id='word_1_313' title='bbox 982 3010 1118 3073; x_wconf 89' lang='lat' dir='ltr'><strong>delinitio</strong></span> <span class='ocrx_word' id='word_1_314' title='bbox 1134 3020 1197 3090; x_wconf 87' lang='lat' dir='ltr'><strong>ost,</strong></span> <span class='ocrx_word' id='word_1_315' title='bbox 1227 3034 1296 3096; x_wconf 81' lang='lat' dir='ltr'><strong>quae</strong></span> <span class='ocrx_word' id='word_1_316' title='bbox 1318 3014 1504 3095; x_wconf 87' lang='lat' dir='ltr'><strong>quibusdam</strong></span> <span class='ocrx_word' id='word_1_317' title='bbox 1535 3013 1669 3088; x_wconf 87' lang='lat' dir='ltr'><strong>additis,</strong></span> <span class='ocrx_word' id='word_1_318' title='bbox 1694 3031 1764 3093; x_wconf 73' lang='lat' dir='ltr'><strong>qum</strong></span> 
     </span>
     <span class='ocr_line' id='line_1_29' title="bbox 152 3104 1764 3189; baseline -0.004 -17"><span class='ocrx_word' id='word_1_319' title='bbox 152 3109 248 3185; x_wconf 88' lang='lat' dir='ltr'><strong>illius,</strong></span> <span class='ocrx_word' id='word_1_320' title='bbox 258 3110 319 3171; x_wconf 87' lang='lat' dir='ltr'><strong>hoc</strong></span> <span class='ocrx_word' id='word_1_321' title='bbox 326 3114 373 3170; x_wconf 75' lang='lat' dir='ltr'><strong>est</strong></span> <span class='ocrx_word' id='word_1_322' title='bbox 382 3108 570 3170; x_wconf 77' lang='lat' dir='ltr'><strong>divinitatem</strong></span> <span class='ocrx_word' id='word_1_323' title='bbox 583 3109 684 3188; x_wconf 89' lang='lat' dir='ltr'><strong>ipsam</strong></span> <span class='ocrx_word' id='word_1_324' title='bbox 694 3113 727 3168; x_wconf 87' lang='lat' dir='ltr'><strong>et</strong></span> <span class='ocrx_word' id='word_1_325' title='bbox 736 3124 880 3189; x_wconf 86' lang='lat' dir='ltr'><strong>personas</strong></span> <span class='ocrx_word' id='word_1_326' title='bbox 893 3127 929 3170; x_wconf 89' lang='lat' dir='ltr'><strong>ac</strong></span> <span class='ocrx_word' id='word_1_327' title='bbox 981 3104 1123 3186; x_wconf 76' lang='lat' dir='ltr'><strong>deinceps</strong></span> <span class='ocrx_word' id='word_1_328' title='bbox 1144 3125 1311 3189; x_wconf 81' lang='lat' dir='ltr'><strong>exponam,</strong></span> <span class='ocrx_word' id='word_1_329' title='bbox 1332 3108 1480 3169; x_wconf 84' lang='lat' dir='ltr'><strong>illustrior</strong></span> <span class='ocrx_word' id='word_1_330' title='bbox 1501 3106 1555 3166; x_wconf 87' lang='lat' dir='ltr'><strong>fiet</strong></span> <span class='ocrx_word' id='word_1_331' title='bbox 1587 3123 1623 3166; x_wconf 89' lang='lat' dir='ltr'><strong>ac</strong></span> <span class='ocrx_word' id='word_1_332' title='bbox 1645 3105 1764 3187; x_wconf 84' lang='lat' dir='ltr'><strong>perfec·</strong></span> 
     </span>
     <span class='ocr_line' id='line_1_30' title="bbox 151 3197 1763 3283; baseline -0.003 -18"><span class='ocrx_word' id='word_1_333' title='bbox 151 3208 274 3279; x_wconf 76' lang='lat' dir='ltr'><strong>caetera,</strong></span> <span class='ocrx_word' id='word_1_334' title='bbox 297 3220 368 3283; x_wconf 77' lang='lat' dir='ltr'><strong>quse</strong></span> <span class='ocrx_word' id='word_1_335' title='bbox 392 3202 432 3262; x_wconf 89' lang='lat' dir='ltr'><strong>ad</strong></span> <span class='ocrx_word' id='word_1_336' title='bbox 454 3201 591 3263; x_wconf 84' lang='lat' dir='ltr'><strong>divinam</strong></span> <span class='ocrx_word' id='word_1_337' title='bbox 609 3200 812 3262; x_wconf 83' lang='lat' dir='ltr'><strong>substantiam</strong></span> <span class='ocrx_word' id='word_1_338' title='bbox 827 3219 882 3282; x_wconf 88' lang='lat' dir='ltr'><strong>per</strong></span> <span class='ocrx_word' id='word_1_339' title='bbox 895 3220 928 3263; x_wconf 86' lang='lat' dir='ltr'><strong>se</strong></span> <span class='ocrx_word' id='word_1_340' title='bbox 979 3197 1049 3261; x_wconf 84' lang='lat' dir='ltr'><strong>tior.</strong></span> <span class='ocrx_word' id='word_1_341' title='bbox 1072 3200 1161 3262; x_wconf 90' lang='lat' dir='ltr'><strong>Nunc</strong></span> <span class='ocrx_word' id='word_1_342' title='bbox 1189 3221 1262 3264; x_wconf 89' lang='lat' dir='ltr'><strong>cum</strong></span> <span class='ocrx_word' id='word_1_343' title='bbox 1279 3202 1368 3264; x_wconf 89' lang='lat' dir='ltr'><strong>nobis</strong></span> <span class='ocrx_word' id='word_1_344' title='bbox 1383 3220 1475 3263; x_wconf 86' lang='lat' dir='ltr'><strong>usum</strong></span> <span class='ocrx_word' id='word_1_345' title='bbox 1501 3199 1607 3263; x_wconf 79' lang='lat' dir='ltr'><strong>afferet</strong></span> <span class='ocrx_word' id='word_1_346' title='bbox 1634 3198 1689 3263; x_wconf 87' lang='lat' dir='ltr'><strong>illu</strong></span> <span class='ocrx_word' id='word_1_347' title='bbox 1707 3217 1763 3262; x_wconf 83' lang='lat' dir='ltr'><strong>vo·</strong></span> 
     </span>
     <span class='ocr_line' id='line_1_31' title="bbox 151 3290 1751 3378; baseline -0.003 -20"><span class='ocrx_word' id='word_1_348' title='bbox 151 3304 243 3378; x_wconf 85' lang='lat' dir='ltr'><strong>atquc</strong></span> <span class='ocrx_word' id='word_1_349' title='bbox 267 3298 303 3357; x_wconf 88' lang='lat' dir='ltr'><strong>in</strong></span> <span class='ocrx_word' id='word_1_350' title='bbox 327 3314 393 3357; x_wconf 88' lang='lat' dir='ltr'><strong>sese</strong></span> <span class='ocrx_word' id='word_1_351' title='bbox 418 3301 585 3376; x_wconf 85' lang='lat' dir='ltr'><strong>spectatam</strong></span> <span class='ocrx_word' id='word_1_352' title='bbox 613 3295 751 3370; x_wconf 83' lang='lat' dir='ltr'><strong>attinent,</strong></span> <span class='ocrx_word' id='word_1_353' title='bbox 776 3295 928 3376; x_wconf 83' lang='lat' dir='ltr'><strong>explicare</strong></span> <span class='ocrx_word' id='word_1_354' title='bbox 980 3290 1083 3354; x_wconf 81' lang='lat' dir='ltr'><strong>eubuli</strong></span> <span class='ocrx_word' id='word_1_355' title='bbox 1101 3296 1228 3371; x_wconf 87' lang='lat' dir='ltr'><strong>notatio,</strong></span> <span class='ocrx_word' id='word_1_356' title='bbox 1250 3301 1336 3357; x_wconf 78' lang='lat' dir='ltr'><strong>utex</strong></span> <span class='ocrx_word' id='word_1_357' title='bbox 1358 3313 1395 3359; x_wconf 90' lang='lat' dir='ltr'><strong>ea</strong></span> <span class='ocrx_word' id='word_1_358' title='bbox 1423 3295 1662 3371; x_wconf 83' lang='lat' dir='ltr'><strong>comtituamus,</strong></span> <span class='ocrx_word' id='word_1_359' title='bbox 1687 3310 1751 3375; x_wconf 87' lang='lat' dir='ltr'><strong>quo</strong></span> 
     </span>
     <span class='ocr_line' id='line_1_32' title="bbox 150 3386 1760 3472; baseline -0.003 -21"><span class='ocrx_word' id='word_1_360' title='bbox 150 3389 309 3472; x_wconf 87' lang='lat' dir='ltr'><strong>quomodo</strong></span> <span class='ocrx_word' id='word_1_361' title='bbox 319 3393 420 3470; x_wconf 83' lang='lat' dir='ltr'><strong>potest</strong></span> <span class='ocrx_word' id='word_1_362' title='bbox 433 3389 621 3469; x_wconf 79' lang='lat' dir='ltr'><strong>aggreditur,</strong></span> <span class='ocrx_word' id='word_1_363' title='bbox 633 3406 729 3468; x_wconf 88' lang='lat' dir='ltr'><strong>quam</strong></span> <span class='ocrx_word' id='word_1_364' title='bbox 740 3390 794 3469; x_wconf 87' lang='lat' dir='ltr'><strong>qui</strong></span> <span class='ocrx_word' id='word_1_365' title='bbox 804 3389 838 3449; x_wconf 92' lang='lat' dir='ltr'><strong>in</strong></span> <span class='ocrx_word' id='word_1_366' title='bbox 848 3389 928 3468; x_wconf 80' lang='lat' dir='ltr'><strong>ejus-</strong></span> <span class='ocrx_word' id='word_1_367' title='bbox 978 3386 1012 3446; x_wconf 90' lang='lat' dir='ltr'><strong>iu</strong></span> <span class='ocrx_word' id='word_1_368' title='bbox 1025 3393 1126 3466; x_wconf 86' lang='lat' dir='ltr'><strong>partes</strong></span> <span class='ocrx_word' id='word_1_369' title='bbox 1136 3389 1262 3452; x_wconf 76' lang='lat' dir='ltr'><strong>edenda</strong></span> <span class='ocrx_word' id='word_1_370' title='bbox 1270 3394 1335 3450; x_wconf 88' lang='lat' dir='ltr'><strong>totu</strong></span> <span class='ocrx_word' id='word_1_371' title='bbox 1346 3388 1511 3453; x_wconf 84' lang='lat' dir='ltr'><strong>tribuattu.</strong></span> <span class='ocrx_word' id='word_1_372' title='bbox 1529 3387 1608 3449; x_wconf 88' lang='lat' dir='ltr'><strong>Nam</strong></span> <span class='ocrx_word' id='word_1_373' title='bbox 1621 3403 1673 3447; x_wconf 85' lang='lat' dir='ltr'><strong>aas</strong></span> <span class='ocrx_word' id='word_1_374' title='bbox 1691 3402 1760 3446; x_wconf 86' lang='lat' dir='ltr'><strong>om-</strong></span> 
     </span>
     <span class='ocr_line' id='line_1_33' title="bbox 150 3479 1757 3564; baseline -0.003 -18"><span class='ocrx_word' id='word_1_375' title='bbox 150 3484 221 3546; x_wconf 90' lang='lat' dir='ltr'><strong>dem</strong></span> <span class='ocrx_word' id='word_1_376' title='bbox 237 3482 407 3545; x_wconf 72' lang='lat' dir='ltr'><strong>nnumin</strong></span> <span class='ocrx_word' id='word_1_377' title='bbox 417 3482 654 3563; x_wconf 81' lang='lat' dir='ltr'><strong>proprietatibus</strong></span> <span class='ocrx_word' id='word_1_378' title='bbox 667 3488 844 3563; x_wconf 84' lang='lat' dir='ltr'><strong>oceupntm,</strong></span> <span class='ocrx_word' id='word_1_379' title='bbox 857 3501 927 3563; x_wconf 83' lang='lat' dir='ltr'><strong>quae</strong></span> <span class='ocrx_word' id='word_1_380' title='bbox 979 3498 1034 3541; x_wconf 90' lang='lat' dir='ltr'><strong>nes</strong></span> <span class='ocrx_word' id='word_1_381' title='bbox 1046 3481 1130 3543; x_wconf 89' lang='lat' dir='ltr'><strong>illius</strong></span> <span class='ocrx_word' id='word_1_382' title='bbox 1144 3483 1321 3564; x_wconf 85' lang='lat' dir='ltr'><strong>appellatio,</strong></span> <span class='ocrx_word' id='word_1_383' title='bbox 1337 3488 1372 3545; x_wconf 90' lang='lat' dir='ltr'><strong>ut</strong></span> <span class='ocrx_word' id='word_1_384' title='bbox 1385 3489 1430 3543; x_wconf 86' lang='lat' dir='ltr'><strong>cst</strong></span> <span class='ocrx_word' id='word_1_385' title='bbox 1444 3480 1584 3562; x_wconf 81' lang='lat' dir='ltr'><strong>superius</strong></span> <span class='ocrx_word' id='word_1_386' title='bbox 1595 3479 1757 3561; x_wconf 83' lang='lat' dir='ltr'><strong>explicata,</strong></span> 
     </span>
     <span class='ocr_line' id='line_1_34' title="bbox 150 3574 1120 3640; baseline -0.002 0"><span class='ocrx_word' id='word_1_387' title='bbox 150 3578 303 3640; x_wconf 78' lang='lat' dir='ltr'><strong>attributo</strong></span> <span class='ocrx_word' id='word_1_388' title='bbox 322 3577 494 3638; x_wconf 86' lang='lat' dir='ltr'><strong>nominant.</strong></span> <span class='ocrx_word' id='word_1_389' title='bbox 520 3576 600 3637; x_wconf 88' lang='lat' dir='ltr'><strong>Nam</strong></span> <span class='ocrx_word' id='word_1_390' title='bbox 613 3576 679 3637; x_wconf 86' lang='lat' dir='ltr'><strong>haec</strong></span> <span class='ocrx_word' id='word_1_391' title='bbox 697 3574 790 3637; x_wconf 85' lang='lat' dir='ltr'><strong>ambo</strong></span> <span class='ocrx_word' id='word_1_392' title='bbox 804 3577 860 3638; x_wconf 84' lang='lat' dir='ltr'><strong>etsi</strong></span> <span class='ocrx_word' id='word_1_393' title='bbox 872 3594 925 3638; x_wconf 89' lang='lat' dir='ltr'><strong>oo·</strong></span> <span class='ocrx_word' id='word_1_394' title='bbox 977 3575 1120 3639; x_wconf 84' lang='lat' dir='ltr'><strong>eontinet.</strong></span> 
     </span>
     <span class='ocr_line' id='line_1_35' title="bbox 149 3667 1912 3768; baseline -0.003 -35"><span class='ocrx_word' id='word_1_395' title='bbox 149 3672 274 3753; x_wconf 84' lang='lat' dir='ltr'><strong>gitanda</strong></span> <span class='ocrx_word' id='word_1_396' title='bbox 290 3689 327 3732; x_wconf 89' lang='lat' dir='ltr'><strong>ac</strong></span> <span class='ocrx_word' id='word_1_397' title='bbox 340 3669 575 3749; x_wconf 88' lang='lat' dir='ltr'><strong>contemplando</strong></span> <span class='ocrx_word' id='word_1_398' title='bbox 595 3675 764 3750; x_wconf 83' lang='lat' dir='ltr'><strong>utcumque</strong></span> <span class='ocrx_word' id='word_1_399' title='bbox 778 3671 924 3732; x_wconf 84' lang='lat' dir='ltr'><strong>discerni-</strong></span> <span class='ocrx_word' id='word_1_400' title='bbox 1020 3670 1071 3734; x_wconf 88' lang='lat' dir='ltr'><strong>IV.</strong></span> <span class='ocrx_word' id='word_1_401' title='bbox 1088 3669 1289 3750; x_wconf 83' lang='lat' dir='ltr'><strong>Potestigitur</strong></span> <span class='ocrx_word' id='word_1_402' title='bbox 1302 3669 1458 3749; x_wconf 87' lang='lat' dir='ltr'><strong>theologis</strong></span> <span class='ocrx_word' id='word_1_403' title='bbox 1468 3668 1638 3749; x_wconf 87' lang='lat' dir='ltr'><strong>generatim</strong></span> <span class='ocrx_word' id='word_1_404' title='bbox 1654 3667 1756 3749; x_wconf 90' lang='lat' dir='ltr'><strong>primo</strong></span> <span class='ocrx_word' id='word_1_405' title='bbox 1795 3671 1912 3768; x_wconf 61' lang='lat' dir='ltr'><strong>gens-u·</strong></span> 
     </span>
     <span class='ocr_line' id='line_1_36' title="bbox 147 3728 1910 3847; baseline -0.001 -20"><span class='ocrx_word' id='word_1_406' title='bbox 147 3783 228 3842; x_wconf 89' lang='lat' dir='ltr'><strong>mus,</strong></span> <span class='ocrx_word' id='word_1_407' title='bbox 239 3765 325 3847; x_wconf 87' lang='lat' dir='ltr'><strong>quod</strong></span> <span class='ocrx_word' id='word_1_408' title='bbox 336 3764 629 3844; x_wconf 84' lang='lat' dir='ltr'><strong>aliterrapianobis</strong></span> <span class='ocrx_word' id='word_1_409' title='bbox 638 3770 805 3844; x_wconf 87' lang='lat' dir='ltr'><strong>nequeunt,</strong></span> <span class='ocrx_word' id='word_1_410' title='bbox 821 3770 925 3826; x_wconf 90' lang='lat' dir='ltr'><strong>tamen</strong></span> <span class='ocrx_word' id='word_1_411' title='bbox 979 3760 1073 3822; x_wconf 87' lang='lat' dir='ltr'><strong>dividi</strong></span> <span class='ocrx_word' id='word_1_412' title='bbox 1091 3763 1125 3824; x_wconf 88' lang='lat' dir='ltr'><strong>in</strong></span> <span class='ocrx_word' id='word_1_413' title='bbox 1148 3769 1250 3844; x_wconf 84' lang='lat' dir='ltr'><strong>partes</strong></span> <span class='ocrx_word' id='word_1_414' title='bbox 1271 3763 1360 3839; x_wconf 88' lang='lat' dir='ltr'><strong>duas,</strong></span> <span class='ocrx_word' id='word_1_415' title='bbox 1388 3780 1523 3843; x_wconf 83' lang='lat' dir='ltr'><strong>quarum</strong></span> <span class='ocrx_word' id='word_1_416' title='bbox 1542 3762 1628 3843; x_wconf 88' lang='lat' dir='ltr'><strong>prior</strong></span> <span class='ocrx_word' id='word_1_417' title='bbox 1649 3767 1695 3823; x_wconf 89' lang='lat' dir='ltr'><strong>est</strong></span> <span class='ocrx_word' id='word_1_418' title='bbox 1715 3763 1754 3823; x_wconf 86' lang='lat' dir='ltr'><strong>de</strong></span> <span class='ocrx_word' id='word_1_419' title='bbox 1810 3728 1910 3825; x_wconf 62' lang='lat' dir='ltr'><strong>iiiii?</strong></span> 
     </span>
     <span class='ocr_line' id='line_1_37' title="bbox 146 3854 1750 3941; baseline -0.004 -19"><span class='ocrx_word' id='word_1_420' title='bbox 146 3862 246 3941; x_wconf 82' lang='lat' dir='ltr'><strong>reipsa</strong></span> <span class='ocrx_word' id='word_1_421' title='bbox 259 3875 325 3919; x_wconf 90' lang='lat' dir='ltr'><strong>nna</strong></span> <span class='ocrx_word' id='word_1_422' title='bbox 337 3863 410 3918; x_wconf 86' lang='lat' dir='ltr'><strong>sunt</strong></span> <span class='ocrx_word' id='word_1_423' title='bbox 419 3856 571 3933; x_wconf 82' lang='lat' dir='ltr'><strong>divinitas,</strong></span> <span class='ocrx_word' id='word_1_424' title='bbox 587 3863 617 3919; x_wconf 90' lang='lat' dir='ltr'><strong>et</strong></span> <span class='ocrx_word' id='word_1_425' title='bbox 626 3859 682 3918; x_wconf 91' lang='lat' dir='ltr'><strong>uni</strong></span> <span class='ocrx_word' id='word_1_426' title='bbox 692 3864 765 3919; x_wconf 72' lang='lat' dir='ltr'><strong>sumt</strong></span> <span class='ocrx_word' id='word_1_427' title='bbox 777 3858 832 3919; x_wconf 85' lang='lat' dir='ltr'><strong>Dei</strong></span> <span class='ocrx_word' id='word_1_428' title='bbox 849 3858 924 3920; x_wconf 87' lang='lat' dir='ltr'><strong>sub-</strong></span> <span class='ocrx_word' id='word_1_429' title='bbox 980 3854 1044 3914; x_wconf 87' lang='lat' dir='ltr'><strong>Deo</strong></span> <span class='ocrx_word' id='word_1_430' title='bbox 1057 3854 1125 3936; x_wconf 88' lang='lat' dir='ltr'><strong>ipso</strong></span> <span class='ocrx_word' id='word_1_431' title='bbox 1144 3862 1175 3919; x_wconf 86' lang='lat' dir='ltr'><strong>et</strong></span> <span class='ocrx_word' id='word_1_432' title='bbox 1192 3858 1240 3933; x_wconf 88' lang='lat' dir='ltr'><strong>iis,</strong></span> <span class='ocrx_word' id='word_1_433' title='bbox 1257 3874 1327 3937; x_wconf 79' lang='lat' dir='ltr'><strong>qum</strong></span> <span class='ocrx_word' id='word_1_434' title='bbox 1340 3857 1510 3919; x_wconf 87' lang='lat' dir='ltr'><strong>Divinitatis</strong></span> <span class='ocrx_word' id='word_1_435' title='bbox 1529 3856 1655 3937; x_wconf 86' lang='lat' dir='ltr'><strong>propria</strong></span> <span class='ocrx_word' id='word_1_436' title='bbox 1669 3861 1750 3933; x_wconf 89' lang='lat' dir='ltr'><strong>sunt,</strong></span> 
     </span>
     <span class='ocr_line' id='line_1_38' title="bbox 141 3949 1916 4033; baseline -0.003 -19"><span class='ocrx_word' id='word_1_437' title='bbox 141 3951 376 4032; x_wconf 75' lang='lat' dir='ltr'><strong>jectuscientiaa,</strong></span> <span class='ocrx_word' id='word_1_438' title='bbox 387 3952 585 4029; x_wconf 79' lang='lat' dir='ltr'><strong>qttaetamllei</strong></span> <span class='ocrx_word' id='word_1_439' title='bbox 595 3957 850 4033; x_wconf 69' lang='lat' dir='ltr'><strong>nonnumquam</strong></span> <span class='ocrx_word' id='word_1_440' title='bbox 858 3952 926 4032; x_wconf 87' lang='lat' dir='ltr'><strong>ejus</strong></span> <span class='ocrx_word' id='word_1_441' title='bbox 980 3966 1110 4029; x_wconf 73' lang='lat' dir='ltr'><strong>quaeque</strong></span> <span class='ocrx_word' id='word_1_442' title='bbox 1134 3950 1237 4013; x_wconf 90' lang='lat' dir='ltr'><strong>minus</strong></span> <span class='ocrx_word' id='word_1_443' title='bbox 1255 3951 1327 4012; x_wconf 83' lang='lat' dir='ltr'><strong>trita</strong></span> <span class='ocrx_word' id='word_1_444' title='bbox 1347 3949 1601 4031; x_wconf 50' lang='lat' dir='ltr'><strong>illamentatus,</strong></span> <span class='ocrx_word' id='word_1_445' title='bbox 1628 3949 1753 4011; x_wconf 87' lang='lat' dir='ltr'><strong>notione</strong></span> <span class='ocrx_word' id='word_1_446' title='bbox 1790 3952 1916 4009; x_wconf 55' lang='lat' dir='ltr'><strong>mensa,</strong></span> 
     </span>
     <span class='ocr_line' id='line_1_39' title="bbox 145 4041 1752 4127; baseline -0.002 -19"><span class='ocrx_word' id='word_1_447' title='bbox 145 4046 348 4127; x_wconf 80' lang='lat' dir='ltr'><strong>proprietates</strong></span> <span class='ocrx_word' id='word_1_448' title='bbox 365 4043 503 4124; x_wconf 80' lang='lat' dir='ltr'><strong>inquisit.</strong></span> <span class='ocrx_word' id='word_1_449' title='bbox 520 4043 586 4117; x_wconf 82' lang='lat' dir='ltr'><strong>Quo</strong></span> <span class='ocrx_word' id='word_1_450' title='bbox 600 4044 669 4106; x_wconf 86' lang='lat' dir='ltr'><strong>loco</strong></span> <span class='ocrx_word' id='word_1_451' title='bbox 687 4047 925 4109; x_wconf 87' lang='lat' dir='ltr'><strong>memorandum</strong></span> <span class='ocrx_word' id='word_1_452' title='bbox 977 4042 1052 4122; x_wconf 89' lang='lat' dir='ltr'><strong>poni</strong></span> <span class='ocrx_word' id='word_1_453' title='bbox 1061 4042 1209 4119; x_wconf 58' lang='lat' dir='ltr'><strong>diximum</strong></span> <span class='ocrx_word' id='word_1_454' title='bbox 1223 4050 1258 4106; x_wconf 93' lang='lat' dir='ltr'><strong>ut</strong></span> <span class='ocrx_word' id='word_1_455' title='bbox 1271 4050 1342 4106; x_wconf 89' lang='lat' dir='ltr'><strong>sunt</strong></span> <span class='ocrx_word' id='word_1_456' title='bbox 1354 4044 1573 4124; x_wconf 87' lang='lat' dir='ltr'><strong>disputationes</strong></span> <span class='ocrx_word' id='word_1_457' title='bbox 1584 4044 1624 4104; x_wconf 89' lang='lat' dir='ltr'><strong>de</strong></span> <span class='ocrx_word' id='word_1_458' title='bbox 1637 4041 1701 4105; x_wconf 83' lang='lat' dir='ltr'><strong>ileo</strong></span> <span class='ocrx_word' id='word_1_459' title='bbox 1715 4062 1752 4105; x_wconf 90' lang='lat' dir='ltr'><strong>ac</strong></span> 
     </span>
     <span class='ocr_line' id='line_1_40' title="bbox 146 4134 1751 4221; baseline -0.002 -22"><span class='ocrx_word' id='word_1_460' title='bbox 146 4139 275 4200; x_wconf 75' lang='lat' dir='ltr'><strong>Maximi</strong></span> <span class='ocrx_word' id='word_1_461' title='bbox 289 4137 436 4216; x_wconf 74' lang='lat' dir='ltr'><strong>martyris</strong></span> <span class='ocrx_word' id='word_1_462' title='bbox 457 4142 504 4197; x_wconf 87' lang='lat' dir='ltr'><strong>est</strong></span> <span class='ocrx_word' id='word_1_463' title='bbox 520 4139 635 4199; x_wconf 89' lang='lat' dir='ltr'><strong>summi</strong></span> <span class='ocrx_word' id='word_1_464' title='bbox 653 4139 713 4200; x_wconf 81' lang='lat' dir='ltr'><strong>viri</strong></span> <span class='ocrx_word' id='word_1_465' title='bbox 723 4146 922 4221; x_wconf 71' lang='lat' dir='ltr'><strong>praeseptum,</strong></span> <span class='ocrx_word' id='word_1_466' title='bbox 978 4134 1089 4197; x_wconf 87' lang='lat' dir='ltr'><strong>divinis</strong></span> <span class='ocrx_word' id='word_1_467' title='bbox 1116 4137 1353 4219; x_wconf 84' lang='lat' dir='ltr'><strong>proprietatibus</strong></span> <span class='ocrx_word' id='word_1_468' title='bbox 1380 4141 1411 4196; x_wconf 92' lang='lat' dir='ltr'><strong>et</strong></span> <span class='ocrx_word' id='word_1_469' title='bbox 1432 4137 1472 4197; x_wconf 87' lang='lat' dir='ltr'><strong>dc</strong></span> <span class='ocrx_word' id='word_1_470' title='bbox 1498 4136 1656 4201; x_wconf 79' lang='lat' dir='ltr'><strong>Trinitate.</strong></span> <span class='ocrx_word' id='word_1_471' title='bbox 1677 4137 1751 4199; x_wconf 89' lang='lat' dir='ltr'><strong>Pos-</strong></span> 
     </span>
     <span class='ocr_line' id='line_1_41' title="bbox 147 4229 1754 4312; baseline -0.002 -19"><span class='ocrx_word' id='word_1_472' title='bbox 147 4250 209 4312; x_wconf 84' lang='lat' dir='ltr'><strong>quo</strong></span> <span class='ocrx_word' id='word_1_473' title='bbox 226 4232 274 4293; x_wconf 86' lang='lat' dir='ltr'><strong>ita</strong></span> <span class='ocrx_word' id='word_1_474' title='bbox 289 4229 380 4309; x_wconf 82' lang='lat' dir='ltr'><strong>jubet</strong></span> <span class='ocrx_word' id='word_1_475' title='bbox 402 4248 452 4289; x_wconf 83' lang='lat' dir='ltr'><strong>:a</strong></span> <span class='ocrx_word' id='word_1_476' title='bbox 486 4230 527 4291; x_wconf 90' lang='lat' dir='ltr'><strong>Ut</strong></span> <span class='ocrx_word' id='word_1_477' title='bbox 545 4230 600 4310; x_wconf 87' lang='lat' dir='ltr'><strong>qui</strong></span> <span class='ocrx_word' id='word_1_478' title='bbox 624 4229 662 4292; x_wconf 91' lang='lat' dir='ltr'><strong>de</strong></span> <span class='ocrx_word' id='word_1_479' title='bbox 685 4234 748 4293; x_wconf 83' lang='lat' dir='ltr'><strong>Deo</strong></span> <span class='ocrx_word' id='word_1_480' title='bbox 769 4231 924 4312; x_wconf 81' lang='lat' dir='ltr'><strong>disputare</strong></span> <span class='ocrx_word' id='word_1_481' title='bbox 976 4230 1071 4292; x_wconf 86' lang='lat' dir='ltr'><strong>terior</strong></span> <span class='ocrx_word' id='word_1_482' title='bbox 1087 4232 1168 4292; x_wconf 88' lang='lat' dir='ltr'><strong>circa</strong></span> <span class='ocrx_word' id='word_1_483' title='bbox 1189 4232 1244 4292; x_wconf 86' lang='lat' dir='ltr'><strong>Dei</strong></span> <span class='ocrx_word' id='word_1_484' title='bbox 1264 4248 1358 4310; x_wconf 84' lang='lat' dir='ltr'><strong>opera</strong></span> <span class='ocrx_word' id='word_1_485' title='bbox 1375 4235 1524 4293; x_wconf 75' lang='lat' dir='ltr'><strong>venatu.</strong></span> <span class='ocrx_word' id='word_1_486' title='bbox 1550 4230 1628 4291; x_wconf 83' lang='lat' dir='ltr'><strong>Cum</strong></span> <span class='ocrx_word' id='word_1_487' title='bbox 1649 4236 1754 4291; x_wconf 87' lang='lat' dir='ltr'><strong>autem</strong></span> 
     </span>
     <span class='ocr_line' id='line_1_42' title="bbox 147 4322 1754 4406; baseline 0 -21"><span class='ocrx_word' id='word_1_488' title='bbox 147 4325 241 4401; x_wconf 83' lang='lat' dir='ltr'><strong>volet,</strong></span> <span class='ocrx_word' id='word_1_489' title='bbox 258 4342 324 4385; x_wconf 91' lang='lat' dir='ltr'><strong>non</strong></span> <span class='ocrx_word' id='word_1_490' title='bbox 341 4340 392 4385; x_wconf 82' lang='lat' dir='ltr'><strong>eas</strong></span> <span class='ocrx_word' id='word_1_491' title='bbox 404 4323 538 4385; x_wconf 86' lang='lat' dir='ltr'><strong>rationes</strong></span> <span class='ocrx_word' id='word_1_492' title='bbox 554 4322 700 4405; x_wconf 82' lang='lat' dir='ltr'><strong>inquirat,</strong></span> <span class='ocrx_word' id='word_1_493' title='bbox 724 4343 794 4406; x_wconf 87' lang='lat' dir='ltr'><strong>quse</strong></span> <span class='ocrx_word' id='word_1_494' title='bbox 815 4345 924 4389; x_wconf 91' lang='lat' dir='ltr'><strong>secun·</strong></span> <span class='ocrx_word' id='word_1_495' title='bbox 979 4322 1141 4403; x_wconf 87' lang='lat' dir='ltr'><strong>dupliciter</strong></span> <span class='ocrx_word' id='word_1_496' title='bbox 1154 4326 1252 4386; x_wconf 86' lang='lat' dir='ltr'><strong>Deum</strong></span> <span class='ocrx_word' id='word_1_497' title='bbox 1266 4324 1380 4386; x_wconf 88' lang='lat' dir='ltr'><strong>intueri</strong></span> <span class='ocrx_word' id='word_1_498' title='bbox 1404 4323 1569 4405; x_wconf 87' lang='lat' dir='ltr'><strong>possimus,</strong></span> <span class='ocrx_word' id='word_1_499' title='bbox 1590 4323 1675 4386; x_wconf 84' lang='lat' dir='ltr'><strong>velut</strong></span> <span class='ocrx_word' id='word_1_500' title='bbox 1695 4340 1754 4386; x_wconf 86' lang='lat' dir='ltr'><strong>na·</strong></span> 
     </span>
     <span class='ocr_line' id='line_1_43' title="bbox 148 4417 1754 4498; baseline 0 -20"><span class='ocrx_word' id='word_1_501' title='bbox 148 4417 225 4479; x_wconf 87' lang='lat' dir='ltr'><strong>dum</strong></span> <span class='ocrx_word' id='word_1_502' title='bbox 239 4436 272 4480; x_wconf 88' lang='lat' dir='ltr'><strong>se</strong></span> <span class='ocrx_word' id='word_1_503' title='bbox 285 4417 333 4478; x_wconf 88' lang='lat' dir='ltr'><strong>illi</strong></span> <span class='ocrx_word' id='word_1_504' title='bbox 346 4421 531 4497; x_wconf 87' lang='lat' dir='ltr'><strong>congruunt.</strong></span> <span class='ocrx_word' id='word_1_505' title='bbox 546 4418 709 4480; x_wconf 90' lang='lat' dir='ltr'><strong>Nouenim</strong></span> <span class='ocrx_word' id='word_1_506' title='bbox 724 4437 775 4481; x_wconf 84' lang='lat' dir='ltr'><strong>aas</strong></span> <span class='ocrx_word' id='word_1_507' title='bbox 786 4420 924 4484; x_wconf 85' lang='lat' dir='ltr'><strong>invenire</strong></span> <span class='ocrx_word' id='word_1_508' title='bbox 978 4422 1055 4477; x_wconf 70' lang='lat' dir='ltr'><strong>nuta</strong></span> <span class='ocrx_word' id='word_1_509' title='bbox 1088 4423 1244 4479; x_wconf 84' lang='lat' dir='ltr'><strong>auctorem</strong></span> <span class='ocrx_word' id='word_1_510' title='bbox 1268 4424 1323 4479; x_wconf 90' lang='lat' dir='ltr'><strong>aut</strong></span> <span class='ocrx_word' id='word_1_511' title='bbox 1352 4420 1473 4498; x_wconf 80' lang='lat' dir='ltr'><strong>gratiae3</strong></span> <span class='ocrx_word' id='word_1_512' title='bbox 1494 4418 1567 4479; x_wconf 90' lang='lat' dir='ltr'><strong>hino</strong></span> <span class='ocrx_word' id='word_1_513' title='bbox 1594 4418 1656 4479; x_wconf 91' lang='lat' dir='ltr'><strong>duo</strong></span> <span class='ocrx_word' id='word_1_514' title='bbox 1688 4418 1754 4479; x_wconf 81' lang='lat' dir='ltr'><strong>exi-</strong></span> 
     </span>
     <span class='ocr_line' id='line_1_44' title="bbox 146 4510 1754 4594; baseline -0.001 -22"><span class='ocrx_word' id='word_1_515' title='bbox 146 4512 261 4592; x_wconf 84' lang='lat' dir='ltr'><strong>poterit</strong></span> <span class='ocrx_word' id='word_1_516' title='bbox 278 4510 418 4573; x_wconf 88' lang='lat' dir='ltr'><strong>humana</strong></span> <span class='ocrx_word' id='word_1_517' title='bbox 435 4528 535 4587; x_wconf 88' lang='lat' dir='ltr'><strong>mens,</strong></span> <span class='ocrx_word' id='word_1_518' title='bbox 557 4511 612 4573; x_wconf 88' lang='lat' dir='ltr'><strong>sed</strong></span> <span class='ocrx_word' id='word_1_519' title='bbox 624 4531 682 4574; x_wconf 89' lang='lat' dir='ltr'><strong>nec</strong></span> <span class='ocrx_word' id='word_1_520' title='bbox 701 4513 762 4575; x_wconf 85' lang='lat' dir='ltr'><strong>alia</strong></span> <span class='ocrx_word' id='word_1_521' title='bbox 780 4514 926 4594; x_wconf 78' lang='lat' dir='ltr'><strong>qualibet</strong></span> <span class='ocrx_word' id='word_1_522' title='bbox 977 4515 1060 4571; x_wconf 80' lang='lat' dir='ltr'><strong>stum</strong></span> <span class='ocrx_word' id='word_1_523' title='bbox 1079 4527 1209 4590; x_wconf 88' lang='lat' dir='ltr'><strong>operum</strong></span> <span class='ocrx_word' id='word_1_524' title='bbox 1223 4530 1347 4592; x_wconf 86' lang='lat' dir='ltr'><strong>genera,</strong></span> <span class='ocrx_word' id='word_1_525' title='bbox 1371 4513 1560 4593; x_wconf 88' lang='lat' dir='ltr'><strong>totidemque</strong></span> <span class='ocrx_word' id='word_1_526' title='bbox 1578 4511 1754 4593; x_wconf 82' lang='lat' dir='ltr'><strong>posterloris</strong></span> 
     </span>
     <span class='ocr_line' id='line_1_45' title="bbox 146 4602 1753 4688; baseline 0 -21"><span class='ocrx_word' id='word_1_527' title='bbox 146 4606 254 4669; x_wconf 68' lang='lat' dir='ltr'><strong>diuina</strong></span> <span class='ocrx_word' id='word_1_528' title='bbox 272 4607 386 4668; x_wconf 88' lang='lat' dir='ltr'><strong>minor.</strong></span> <span class='ocrx_word' id='word_1_529' title='bbox 408 4606 525 4667; x_wconf 86' lang='lat' dir='ltr'><strong>Verum</strong></span> <span class='ocrx_word' id='word_1_530' title='bbox 539 4624 591 4667; x_wconf 89' lang='lat' dir='ltr'><strong>eas</strong></span> <span class='ocrx_word' id='word_1_531' title='bbox 605 4606 812 4688; x_wconf 86' lang='lat' dir='ltr'><strong>contemplare</strong></span> <span class='ocrx_word' id='word_1_532' title='bbox 829 4609 923 4669; x_wconf 87' lang='lat' dir='ltr'><strong>ratio-</strong></span> <span class='ocrx_word' id='word_1_533' title='bbox 976 4602 1060 4663; x_wconf 86' lang='lat' dir='ltr'><strong>illius</strong></span> <span class='ocrx_word' id='word_1_534' title='bbox 1079 4604 1242 4686; x_wconf 78' lang='lat' dir='ltr'><strong>theologiae</strong></span> <span class='ocrx_word' id='word_1_535' title='bbox 1271 4613 1384 4688; x_wconf 82' lang='lat' dir='ltr'><strong>partes,</strong></span> <span class='ocrx_word' id='word_1_536' title='bbox 1401 4624 1534 4687; x_wconf 86' lang='lat' dir='ltr'><strong>quarum</strong></span> <span class='ocrx_word' id='word_1_537' title='bbox 1561 4606 1658 4667; x_wconf 86' lang='lat' dir='ltr'><strong>altera</strong></span> <span class='ocrx_word' id='word_1_538' title='bbox 1685 4605 1753 4682; x_wconf 84' lang='lat' dir='ltr'><strong>Dei,</strong></span> 
     </span>
     <span class='ocr_line' id='line_1_46' title="bbox 146 4690 1755 4783; baseline -0.002 -19"><span class='ocrx_word' id='word_1_539' title='bbox 146 4720 213 4779; x_wconf 84' lang='lat' dir='ltr'><strong>nos,</strong></span> <span class='ocrx_word' id='word_1_540' title='bbox 226 4702 340 4783; x_wconf 89' lang='lat' dir='ltr'><strong>inquit,</strong></span> <span class='ocrx_word' id='word_1_541' title='bbox 354 4716 424 4781; x_wconf 78' lang='lat' dir='ltr'><strong>quse</strong></span> <span class='ocrx_word' id='word_1_542' title='bbox 438 4700 520 4762; x_wconf 68' lang='lat' dir='ltr'><strong>anca</strong></span> <span class='ocrx_word' id='word_1_543' title='bbox 531 4701 634 4782; x_wconf 89' lang='lat' dir='ltr'><strong>ipsum</strong></span> <span class='ocrx_word' id='word_1_544' title='bbox 644 4708 727 4778; x_wconf 91' lang='lat' dir='ltr'><strong>sunt,</strong></span> <span class='ocrx_word' id='word_1_545' title='bbox 742 4699 827 4764; x_wconf 88' lang='lat' dir='ltr'><strong>velut</strong></span> <span class='ocrx_word' id='word_1_546' title='bbox 840 4707 925 4765; x_wconf 83' lang='lat' dir='ltr'><strong>aeter-</strong></span> <span class='ocrx_word' id='word_1_547' title='bbox 978 4710 1041 4777; x_wconf 86' lang='lat' dir='ltr'><strong>qua</strong></span> <span class='ocrx_word' id='word_1_548' title='bbox 1061 4704 1181 4761; x_wconf 85' lang='lat' dir='ltr'><strong>creator</strong></span> <span class='ocrx_word' id='word_1_549' title='bbox 1207 4690 1374 4781; x_wconf 72' lang='lat' dir='ltr'><strong>auctorque</strong></span> <span class='ocrx_word' id='word_1_550' title='bbox 1400 4706 1520 4763; x_wconf 88' lang='lat' dir='ltr'><strong>naturae</strong></span> <span class='ocrx_word' id='word_1_551' title='bbox 1545 4704 1602 4779; x_wconf 84' lang='lat' dir='ltr'><strong>est,</strong></span> <span class='ocrx_word' id='word_1_552' title='bbox 1622 4699 1755 4763; x_wconf 86' lang='lat' dir='ltr'><strong>rimatur</strong></span> 
     </span>
    </p>
   </div>
   <div class='ocr_carea' id='block_1_3' title="bbox 143 4953 1759 5624">
    <p class='ocr_par' dir='ltr' id='par_1_3' title="bbox 143 4953 1759 5624">
     <span class='ocr_line' id='line_1_47' title="bbox 179 4953 1754 5032; baseline 0 -17"><span class='ocrx_word' id='word_1_553' title='bbox 179 4975 198 5015; x_wconf 72' lang='lat' dir='ltr'><strong>a</strong></span> <span class='ocrx_word' id='word_1_554' title='bbox 217 4959 298 5015; x_wconf 76' lang='lat' dir='ltr'><strong>Dion.</strong></span> <span class='ocrx_word' id='word_1_555' title='bbox 312 4959 343 5012; x_wconf 80' lang='grc' dir='ltr'><strong>Τί</strong></span> <span class='ocrx_word' id='word_1_556' title='bbox 354 4956 382 5012; x_wconf 74' lang='lat' dir='ltr'><strong>il</strong></span> <span class='ocrx_word' id='word_1_557' title='bbox 408 4956 432 5012; x_wconf 87' lang='lat' dir='ltr'><strong>oi</strong></span> <span class='ocrx_word' id='word_1_558' title='bbox 448 4958 582 5030; x_wconf 67' lang='grc' dir='ltr'><strong>τυραννικοί</strong></span> <span class='ocrx_word' id='word_1_559' title='bbox 596 4957 710 5031; x_wconf 77' lang='grc' dir='ltr'><strong>δαίμονες</strong></span> <span class='ocrx_word' id='word_1_560' title='bbox 727 4956 823 5028; x_wconf 72' lang='grc' dir='ltr'>ἀληθῶς</span> <span class='ocrx_word' id='word_1_561' title='bbox 839 4959 924 5013; x_wconf 82' lang='grc' dir='ltr'>ίιολο·</span> <span class='ocrx_word' id='word_1_562' title='bbox 978 4953 1198 5029; x_wconf 73' lang='grc' dir='ltr'><strong>ἆνθρώπιιοςνοΰς,</strong></span> <span class='ocrx_word' id='word_1_563' title='bbox 1208 4956 1266 5012; x_wconf 72' lang='grc' dir='ltr'><strong>ἀλλ’</strong></span> <span class='ocrx_word' id='word_1_564' title='bbox 1275 4957 1485 5023; x_wconf 72' lang='grc' dir='ltr'><strong>οίδίᾶλλωτινδς</strong></span> <span class='ocrx_word' id='word_1_565' title='bbox 1495 4963 1545 5017; x_wconf 73' lang='grc' dir='ltr'><strong>τῶν</strong></span> <span class='ocrx_word' id='word_1_566' title='bbox 1555 4959 1617 5032; x_wconf 71' lang='lat' dir='ltr'><strong>put</strong></span> <span class='ocrx_word' id='word_1_567' title='bbox 1628 4959 1671 5015; x_wconf 72' lang='lat' dir='ltr'><strong>stt</strong></span> <span class='ocrx_word' id='word_1_568' title='bbox 1681 4958 1754 5015; x_wconf 77' lang='grc' dir='ltr'><strong>θιίν.</strong></span> 
     </span>
     <span class='ocr_line' id='line_1_48' title="bbox 143 5038 1758 5118; baseline 0.002 -21"><span class='ocrx_word' id='word_1_569' title='bbox 143 5047 245 5115; x_wconf 66' lang='grc' dir='ltr'><strong>γῶπες</strong></span> <span class='ocrx_word' id='word_1_570' title='bbox 255 5042 298 5097; x_wconf 72' lang='grc' dir='ltr'><strong>τὸν</strong></span> <span class='ocrx_word' id='word_1_571' title='bbox 310 5041 418 5112; x_wconf 71' lang='grc' dir='ltr'><strong>Ἰησοῦν.</strong></span> <span class='ocrx_word' id='word_1_572' title='bbox 979 5040 1044 5095; x_wconf 66' lang='grc' dir='ltr'><strong>ἀλλὰ</strong></span> <span class='ocrx_word' id='word_1_573' title='bbox 1056 5043 1111 5107; x_wconf 63' lang='lat' dir='ltr'><strong>tols</strong></span> <span class='ocrx_word' id='word_1_574' title='bbox 1124 5044 1179 5118; x_wconf 81' lang='grc' dir='ltr'><strong>πιρί</strong></span> <span class='ocrx_word' id='word_1_575' title='bbox 1196 5043 1280 5112; x_wconf 64' lang='grc' dir='ltr'>αὐτὸν,</span> <span class='ocrx_word' id='word_1_576' title='bbox 1301 5045 1335 5111; x_wconf 78' lang='grc' dir='ltr'><strong>ὣς</strong></span> <span class='ocrx_word' id='word_1_577' title='bbox 1355 5038 1410 5099; x_wconf 80' lang='grc' dir='ltr'>οίόν</span> <span class='ocrx_word' id='word_1_578' title='bbox 1417 5063 1454 5111; x_wconf 82' lang='grc' dir='ltr'><strong>τι,</strong></span> <span class='ocrx_word' id='word_1_579' title='bbox 1470 5043 1605 5099; x_wconf 70' lang='lat' dir='ltr'><strong>itas-sinn·</strong></span> <span class='ocrx_word' id='word_1_580' title='bbox 1626 5038 1681 5099; x_wconf 78' lang='grc' dir='ltr'><strong>οἷον</strong></span> <span class='ocrx_word' id='word_1_581' title='bbox 1701 5045 1758 5110; x_wconf 65' lang='grc' dir='ltr'><strong>τοὺς</strong></span> 
     </span>
     <span class='ocr_line' id='line_1_49' title="bbox 180 5124 1758 5203; baseline 0.003 -22"><span class='ocrx_word' id='word_1_582' title='bbox 180 5127 197 5181; x_wconf 82' lang='grc' dir='ltr'>ὁ</span> <span class='ocrx_word' id='word_1_583' title='bbox 215 5127 391 5185; x_wconf 65' lang='lat' dir='ltr'><strong>&#39;lunonem</strong></span> <span class='ocrx_word' id='word_1_584' title='bbox 411 5124 462 5185; x_wconf 86' lang='lat' dir='ltr'><strong>lib.</strong></span> <span class='ocrx_word' id='word_1_585' title='bbox 479 5126 524 5182; x_wconf 86' lang='lat' dir='ltr'><strong>IV.</strong></span> <span class='ocrx_word' id='word_1_586' title='bbox 542 5127 599 5180; x_wconf 80' lang='grc' dir='ltr'><strong>Τῶν</strong></span> <span class='ocrx_word' id='word_1_587' title='bbox 620 5126 662 5181; x_wconf 71' lang='grc' dir='ltr'><strong>τὸν</strong></span> <span class='ocrx_word' id='word_1_588' title='bbox 679 5128 799 5197; x_wconf 74' lang='grc' dir='ltr'>δεσπότην</span> <span class='ocrx_word' id='word_1_589' title='bbox 820 5128 923 5201; x_wconf 74' lang='grc' dir='ltr'><strong>Χριστὸν</strong></span> <span class='ocrx_word' id='word_1_590' title='bbox 978 5126 1034 5198; x_wconf 76' lang='grc' dir='ltr'><strong>περὶ</strong></span> <span class='ocrx_word' id='word_1_591' title='bbox 1052 5126 1202 5198; x_wconf 63' lang='lat' dir='ltr'><strong>cilicienses,</strong></span> <span class='ocrx_word' id='word_1_592' title='bbox 1224 5127 1333 5201; x_wconf 76' lang='grc' dir='ltr'><strong>ἀπειρίας</strong></span> <span class='ocrx_word' id='word_1_593' title='bbox 1345 5148 1383 5196; x_wconf 79' lang='grc' dir='ltr'><strong>τι,</strong></span> <span class='ocrx_word' id='word_1_594' title='bbox 1402 5130 1442 5182; x_wconf 75' lang='grc' dir='ltr'><strong>καί</strong></span> <span class='ocrx_word' id='word_1_595' title='bbox 1460 5127 1594 5201; x_wconf 71' lang='grc' dir='ltr'>ἀοριστίας,</span> <span class='ocrx_word' id='word_1_596' title='bbox 1608 5130 1758 5203; x_wconf 76' lang='grc' dir='ltr'><strong>ιίγαθόιητός</strong></span> 
     </span>
     <span class='ocr_line' id='line_1_50' title="bbox 147 5211 1756 5288; baseline 0.001 -24"><span class='ocrx_word' id='word_1_597' title='bbox 147 5212 328 5285; x_wconf 62' lang='lat' dir='ltr'><strong>isoio-goinus</strong></span> <span class='ocrx_word' id='word_1_598' title='bbox 346 5212 361 5266; x_wconf 79' lang='grc' dir='ltr'>δ</span> <span class='ocrx_word' id='word_1_599' title='bbox 374 5211 501 5284; x_wconf 77' lang='grc' dir='ltr'><strong>πολέμιος.</strong></span> <span class='ocrx_word' id='word_1_600' title='bbox 978 5228 1016 5275; x_wconf 81' lang='grc' dir='ltr'><strong>τε,</strong></span> <span class='ocrx_word' id='word_1_601' title='bbox 1026 5211 1066 5264; x_wconf 78' lang='grc' dir='ltr'><strong>καί</strong></span> <span class='ocrx_word' id='word_1_602' title='bbox 1075 5215 1172 5285; x_wconf 72' lang='grc' dir='ltr'>σοφίας,</span> <span class='ocrx_word' id='word_1_603' title='bbox 1189 5215 1229 5267; x_wconf 75' lang='grc' dir='ltr'><strong>καί</strong></span> <span class='ocrx_word' id='word_1_604' title='bbox 1243 5215 1366 5285; x_wconf 78' lang='grc' dir='ltr'>δυνάμεως</span> <span class='ocrx_word' id='word_1_605' title='bbox 1378 5215 1581 5286; x_wconf 51' lang='lat' dir='ltr'><strong>epitomasse</strong></span> <span class='ocrx_word' id='word_1_606' title='bbox 1594 5233 1631 5280; x_wconf 84' lang='grc' dir='ltr'><strong>τε,</strong></span> <span class='ocrx_word' id='word_1_607' title='bbox 1643 5214 1683 5266; x_wconf 76' lang='grc' dir='ltr'><strong>καί</strong></span> <span class='ocrx_word' id='word_1_608' title='bbox 1694 5233 1756 5288; x_wconf 80' lang='grc' dir='ltr'>προ-</span> 
     </span>
     <span class='ocr_line' id='line_1_51' title="bbox 179 5290 1757 5373; baseline 0 -22"><span class='ocrx_word' id='word_1_609' title='bbox 179 5296 300 5351; x_wconf 72' lang='lat' dir='ltr'><strong>ellum.</strong></span> <span class='ocrx_word' id='word_1_610' title='bbox 309 5295 425 5352; x_wconf 76' lang='lat' dir='ltr'><strong>inculte</strong></span> <span class='ocrx_word' id='word_1_611' title='bbox 436 5293 501 5351; x_wconf 82' lang='lat' dir='ltr'><strong>libri</strong></span> <span class='ocrx_word' id='word_1_612' title='bbox 512 5293 573 5350; x_wconf 84' lang='lat' dir='ltr'><strong>Vlll</strong></span> <span class='ocrx_word' id='word_1_613' title='bbox 583 5294 759 5351; x_wconf 67' lang='lat' dir='ltr'><strong>deliminati-</strong></span> <span class='ocrx_word' id='word_1_614' title='bbox 773 5312 869 5367; x_wconf 64' lang='lat' dir='ltr'><strong>maog.</strong></span> <span class='ocrx_word' id='word_1_615' title='bbox 881 5298 923 5370; x_wconf 81' lang='grc' dir='ltr'><strong>Τῷ</strong></span> <span class='ocrx_word' id='word_1_616' title='bbox 979 5304 1103 5373; x_wconf 76' lang='grc' dir='ltr'><strong>νοητικῆς,</strong></span> <span class='ocrx_word' id='word_1_617' title='bbox 1116 5298 1156 5352; x_wconf 77' lang='lat' dir='ltr'><strong>sat</strong></span> <span class='ocrx_word' id='word_1_618' title='bbox 1167 5302 1274 5372; x_wconf 76' lang='grc' dir='ltr'><strong>κριτικῆς</strong></span> <span class='ocrx_word' id='word_1_619' title='bbox 1286 5302 1336 5352; x_wconf 69' lang='grc' dir='ltr'><strong>τῶν</strong></span> <span class='ocrx_word' id='word_1_620' title='bbox 1349 5296 1437 5353; x_wconf 75' lang='grc' dir='ltr'>ὄντων·</span> <span class='ocrx_word' id='word_1_621' title='bbox 1446 5290 1570 5372; x_wconf 72' lang='grc' dir='ltr'><strong>οὗτοςγίιρ</strong></span> <span class='ocrx_word' id='word_1_622' title='bbox 1583 5297 1608 5353; x_wconf 75' lang='lat' dir='ltr'><strong>lv</strong></span> <span class='ocrx_word' id='word_1_623' title='bbox 1622 5297 1757 5370; x_wconf 72' lang='grc' dir='ltr'><strong>ἂνθριίποις</strong></span> 
     </span>
     <span class='ocr_line' id='line_1_52' title="bbox 146 5377 1759 5459; baseline 0.003 -28"><span class='ocrx_word' id='word_1_624' title='bbox 146 5380 211 5451; x_wconf 64' lang='grc' dir='ltr'><strong>παρὰ</strong></span> <span class='ocrx_word' id='word_1_625' title='bbox 223 5381 308 5451; x_wconf 76' lang='grc' dir='ltr'><strong>μόνοις</strong></span> <span class='ocrx_word' id='word_1_626' title='bbox 321 5377 637 5452; x_wconf 65' lang='grc' dir='ltr'><strong>ἘΒριιίοιςθεολογουμίνῳ</strong></span> <span class='ocrx_word' id='word_1_627' title='bbox 644 5378 711 5452; x_wconf 70' lang='grc' dir='ltr'><strong>Θεῷ,</strong></span> <span class='ocrx_word' id='word_1_628' title='bbox 981 5383 1180 5459; x_wconf 64' lang='grc' dir='ltr'>μίγαςθεολίγος</span> <span class='ocrx_word' id='word_1_629' title='bbox 1201 5382 1215 5436; x_wconf 83' lang='grc'>6</span> <span class='ocrx_word' id='word_1_630' title='bbox 1237 5381 1330 5437; x_wconf 73' lang='grc' dir='ltr'><strong>τούτων</strong></span> <span class='ocrx_word' id='word_1_631' title='bbox 1348 5384 1403 5446; x_wconf 68' lang='grc' dir='ltr'><strong>τοὺς</strong></span> <span class='ocrx_word' id='word_1_632' title='bbox 1425 5382 1514 5455; x_wconf 73' lang='grc' dir='ltr'>λόγους</span> <span class='ocrx_word' id='word_1_633' title='bbox 1529 5384 1570 5437; x_wconf 71' lang='grc' dir='ltr'><strong>καί</strong></span> <span class='ocrx_word' id='word_1_634' title='bbox 1591 5387 1674 5445; x_wconf 78' lang='grc' dir='ltr'><strong>ποσῶς</strong></span> <span class='ocrx_word' id='word_1_635' title='bbox 1696 5380 1759 5447; x_wconf 64' lang='lat' dir='ltr'><strong>iisc-</strong></span> 
     </span>
     <span class='ocr_line' id='line_1_53' title="bbox 180 5462 1081 5542; baseline 0.002 -24"><span class='ocrx_word' id='word_1_636' title='bbox 180 5463 201 5518; x_wconf 85' lang='lat' dir='ltr'><strong>d</strong></span> <span class='ocrx_word' id='word_1_637' title='bbox 218 5462 583 5522; x_wconf 77' lang='lat' dir='ltr'><strong>liusn.cent.tdc0ltorit.</strong></span> <span class='ocrx_word' id='word_1_638' title='bbox 598 5479 623 5518; x_wconf 84' lang='lat' dir='ltr'><strong>o.</strong></span> <span class='ocrx_word' id='word_1_639' title='bbox 640 5480 719 5521; x_wconf 77' lang='lat' dir='ltr'><strong>xxstn</strong></span> <span class='ocrx_word' id='word_1_640' title='bbox 732 5465 928 5539; x_wconf 72' lang='grc' dir='ltr'><strong>Θιολογεῖνμίλ-</strong></span> <span class='ocrx_word' id='word_1_641' title='bbox 982 5470 1081 5542; x_wconf 75' lang='lat' dir='ltr'><strong>plosor.</strong></span> 
     </span>
     <span class='ocr_line' id='line_1_54' title="bbox 149 5547 924 5624; baseline 0.006 -25"><span class='ocrx_word' id='word_1_642' title='bbox 149 5547 200 5599; x_wconf 74' lang='lat' dir='ltr'><strong>lure</strong></span> <span class='ocrx_word' id='word_1_643' title='bbox 214 5547 249 5619; x_wconf 68' lang='grc' dir='ltr'><strong>μὴ</strong></span> <span class='ocrx_word' id='word_1_644' title='bbox 262 5550 319 5610; x_wconf 67' lang='grc' dir='ltr'><strong>τὼς</strong></span> <span class='ocrx_word' id='word_1_645' title='bbox 331 5568 377 5603; x_wconf 70' lang='grc' dir='ltr'><strong>κατ</strong></span> <span class='ocrx_word' id='word_1_646' title='bbox 396 5548 470 5603; x_wconf 64' lang='lat' dir='ltr'><strong>stam</strong></span> <span class='ocrx_word' id='word_1_647' title='bbox 482 5551 589 5621; x_wconf 61' lang='grc' dir='ltr'><strong>ἶηῦίίῐῃς</strong></span> <span class='ocrx_word' id='word_1_648' title='bbox 601 5549 700 5621; x_wconf 76' lang='grc' dir='ltr'>λόγως·</span> <span class='ocrx_word' id='word_1_649' title='bbox 717 5550 746 5604; x_wconf 76' lang='lat' dir='ltr'><strong>eir</strong></span> <span class='ocrx_word' id='word_1_650' title='bbox 758 5550 806 5621; x_wconf 74' lang='grc' dir='ltr'><strong>γὰρ</strong></span> <span class='ocrx_word' id='word_1_651' title='bbox 821 5551 855 5623; x_wconf 76' lang='grc' dir='ltr'><strong>μὴ</strong></span> <span class='ocrx_word' id='word_1_652' title='bbox 868 5550 894 5604; x_wconf 72' lang='lat' dir='ltr'><strong>ti</strong></span> <span class='ocrx_word' id='word_1_653' title='bbox 908 5572 924 5624; x_wconf 71' lang='grc' dir='ltr'><strong><em>ῃ</em></strong></span> 
     </span>
    </p>
   </div>
   <div class='ocr_carea' id='block_1_4' title="bbox 0 0 2072 6182">
    <p class='ocr_par' dir='ltr' id='par_1_4' title="bbox 0 0 2072 6182">
     <span class='ocr_line' id='line_1_55' title="bbox 0 0 2072 6182; baseline 0 5"><span class='ocrx_word' id='word_1_654' title='bbox 0 0 2072 6182; x_wconf 95' lang='lat' dir='ltr'><strong> </strong></span> 
     </span>
    </p>
   </div>
  </div>
 </body>
</html>
