3942 6168
118 603 953 755 THEOLOGICORUM
1041 604 1612 756 DOGMATUM

665 954 790 1090 DE
850 951 1047 1091 DEO

520 1243 718 1331 DEIQUE
762 1239 1223 1315 PROPRIETATIBUS

569 1692 768 1781 LIBER
807 1690 1148 1780 SECUNDUS
1240 1758 1242 1760 -

121 1912 152 1970 ΙΝ
172 1911 236 1980 QUO
260 1913 306 1970 DE
330 1911 534 1970 ATTRIBIITIS
556 1911 638 1980 QUAE
660 1909 840 1968 NEGATIVA
876 1907 1055 1967 DICUNTUR
1078 1908 1303 1966 SINGILLATIM
1334 1908 1393 1964 llGI
1418 1908 1545 1966 INCIPIT
1568 1909 1611 1966 lc

242 2019 447 2078 NOMINATIN
471 2019 516 2076 DE
539 2018 584 2077 IIS
606 2016 685 2086 QUAE
708 2016 753 2072 lo
777 2016 879 2073 resin
905 2015 961 2072 DEI
991 2014 1234 2101 snasrlninn
1267 2013 1477 2073 PERTINENT.

701 2232 1020 2285 ...Φο-

217 2640 409 2722 onror
446 2636 678 2719 pernen.
886 2612 1658 2718 ⁰lm3¹⁵t¹¹ffi⁸³³¹1lq⁰⁰femffl⁰fflrfflfi³r¹n

885 2704 924 2763 ad
942 2704 1163 2783 disputandum
1181 2703 1330 2765 ubertatis
1348 2722 1382 2763 ae
1400 2721 1495 2782 eopia
1517 2705 1658 2784 suppedi-

884 2800 962 2856 tant.
970 2797 1015 2856 Ex
1028 2814 1136 2857 earum
1150 2814 1243 2875 porro
1257 2812 1401 2870 numero,
1412 2796 1514 2875 prima
1527 2814 1559 2856 se
1569 2796 1658 2857 nobis

88 2903 121 2965 pp
132 2906 183 2967 pel·
195 2905 385 2987 ,impfflmte
395 2924 407 2967 :
417 2923 452 2964 Μ
471 2903 602 2985 pquum
617 2900 837 2963 demonstratur
885 2887 940 2947 Dei
954 2887 1131 2968 simplicitas
1140 2887 1230 2948 offert
1239 2905 1309 2966 quae
1318 2886 1522 2965 appellatione
1532 2887 1658 2967 quidem

118 3017 164 3057 non
180 3017 233 3059 esre
241 3017 348 3080 corpus
357 3005 409 3057 aut
423 3014 541 3077 corpore
554 3002 717 3055 concretum
729 2994 832 3055 Deum.
885 2996 950 3039 una
963 2997 1028 3040 0⁵³0
1041 2979 1164 3039 Videtur
1177 2978 1401 3039 affirmantium
1420 2979 1655 3058 PP⁰PPI⁰I⁸I¹¹1112

123 3089 244 3150 Veterum
264 3089 302 3151 de
322 3108 357 3150 ea
383 3107 415 3149 re
435 3087 528 3150 vam
547 3086 697 3148 sententioe
718 3094 752 3146 ut
771 3087 835 3147 An.
884 3088 993 3132 revera
1023 3076 1129 3131 tamen
1160 3071 1242 3130 inter
1277 3074 1427 3148 negantes
1462 3070 1655 3131 adscribitur.

119 3179 445 3264 elamitarum,
471 3178 692 3247 naamam,
718 3176 835 3239 raaz-
885 3164 1005 3242 Quirn
1024 3162 1103 3223 nnn
1120 3166 1166 3222 est
1184 3162 1268 3222 anua
1286 3160 1457 3240 simplicem
1471 3179 1547 3239 esse,
1563 3182 1658 3243 quam

118 3272 190 3342 aaut,
214 3273 400 3335 clatrorum.
428 3272 490 3348 (luo
508 3290 592 3333 setun
615 3269 699 3339 nibil,
721 3278 836 3352 preter
885 3273 989 3317 ffll‘ffl'ss
1015 3254 1236 3334 0⁰111P08III⁰¹10
1263 3253 1450 3333 partibusve,
1474 3272 1543 3334 quae
1570 3274 1659 3317 nexta

118 3362 216 3434 Deum,
241 3366 445 3447 incorporeum
472 3361 598 3424 dicatur,
624 3361 763 3424 Hilarius
786 3360 835 3423 de.
885 3348 1017 3408 Invicem
1031 3352 1063 3407 et
1076 3346 1247 3425 conjunctae
1261 3363 1362 3407 unum
1375 3346 1491 3426 aliquid
1509 3346 1656 3425 efficiunt,

118 3456 249 3533 tenditur.
885 3439 969 3519 quod
987 3439 1176 3500 Novatianus
1194 3439 1299 3518 paucis
1320 3438 1423 3500 verbis
1444 3440 1488 3500 ita
1505 3441 1657 3520 compleo-

885 3531 980 3593 titur¹
998 3551 1005 3591 :
1025 3531 1127 3592 «Non
1145 3530 1231 3593 enirn
1243 3531 1338 3592 babet
1351 3531 1384 3591 in
1399 3549 1432 3591 se
1450 3531 1659 3594 diversitatem

118 3614 138 3674 I.
153 3617 220 3689 Qua
239 3618 279 3677 de
293 3614 651 3694 diubusproprietatibus
669 3632 837 3693 eamque
886 3625 945 3700 sui,
966 3622 1116 3703 quidquid
1134 3629 1181 3684 est
1202 3623 1344 3703 simplex.
1367 3646 1382 3680 n
1401 3624 1439 3684 Et
1455 3623 1655 3685 Ambrosius:

86 3707 509 3786 eanpmfioueeumessentta
517 3707 651 3768 diximus
657 3707 839 3768 anteceden·
890 3737 905 3773 r
919 3717 1001 3777 Deus
1010 3719 1130 3775 naturae
1142 3714 1289 3793 simplicis
1298 3720 1343 3775 est
1354 3734 1419 3775 non
1433 3716 1606 3794 eonjunotoe
1615 3722 1660 3778 at

85 3796 153 3859 fibus
164 3800 194 3860 in
210 3800 373 3880 capitibus,
387 3804 453 3860 tam
470 3798 629 3875 absolutis,
645 3817 740 3879 quarn
757 3800 836 3861 rela·
886 3826 948 3888 que
966 3806 1143 3885 oompositae
1162 3807 1212 3866 eui
1228 3807 1307 3867 nihil
1327 3808 1460 3881 ascedat,
1481 3808 1535 3868 sed
1558 3808 1659 3869 solum

84 3888 143 3950 liris
165 3892 388 3954 accommodari
414 3896 553 3970 possunt.
584 3893 673 3952 Nune
698 3892 838 3972 sepositis
887 3900 971 3980 quod
994 3898 1136 3959 divinum
1159 3903 1205 3958 est
1225 3897 1258 3957 in
1283 3902 1395 3959 natura
1416 3898 1529 3959 babeat
1542 3898 1655 3961 sua⁸.»

85 3985 297 4057 posterioribus,
313 3985 352 4045 de
365 3983 478 4063 quibus
491 4001 563 4044 eum
581 3985 621 4044 ad
638 3989 838 4046 sacrosanctae
887 3993 925 4052 Et
938 3989 1070 4070 cyrillus
1079 3989 1309 4050 Alexandrinus
1326 3990 1405 4050 libro
1422 4008 1443 4050 r
1454 3989 1485 4050 in
1496 3989 1639 4052 loannem
1647 4012 1659 4054 :

85 4070 223 4137 TrInitatis
243 4075 429 4156 mysterium
451 4075 616 4154 disputatio
643 4081 750 4136 nostra
770 4093 839 4155 per·
891 4081 1069 4160 «Simplex,
1090 4080 1203 4158 inquit,
1222 4085 1268 4140 est
1282 4086 1394 4141 natura
1412 4081 1517 4142 divina
1532 4088 1563 4143 et
1578 4101 1660 4144 oom-

86 4167 198 4243 renerit,
218 4169 364 4248 proprius
381 4168 439 4228 erit
455 4168 624 4228 disserendi
642 4168 738 4244 loeus,
758 4168 839 4229 solas
887 4172 1038 4254 positione
1050 4187 1159 4232 sarens
1172 4171 1290 4231 omnir.
1302 4192 1317 4228 n

86 4253 193 4319 intedm
218 4261 374 4322 absolutas
403 4258 582 4338 singillatim
613 4260 837 4321 enarrabimus.
874 4319 879 4328 i
929 4265 1025 4343 Igitur
1039 4263 1210 4342 simplicem
1224 4280 1289 4324 esse
1308 4265 1407 4324 Deum
1421 4282 1457 4324 ae
1475 4263 1568 4325 nullis
1585 4283 1658 4326 eon-
1713 4285 1805 4329 arran

86 4346 147 4418 Qua
171 4370 240 4412 eum
267 4351 383 4431 duplioi
411 4368 526 4429 genere
553 4352 779 4429 contineantur,
804 4357 840 4412 ut
888 4362 969 4418 stare
982 4355 1131 4436 partibus,
1143 4373 1208 4416 non
1221 4356 1387 4417 christiana
1399 4356 1501 4417 solum
1509 4356 1661 4431 tides,sed
1685 4338 1746 4436 ’ἓξὲξ
1762 4340 1833 4435 IN?

86 4454 165 4517 supra
175 4442 362 4505 declaratum
375 4442 440 4503 est¹
458 4442 542 4523 (nam
555 4443 622 4504 aliae
636 4450 708 4504 sunt
721 4463 839 4522 negan·
889 4448 1037 4509 naturalis
1060 4447 1154 4507 etiam
1172 4448 1337 4526 persuadet
1353 4449 1432 4509 ratio
1455 4467 1525 4529 quae
1542 4449 1574 4511 id
1597 4468 1662 4512 esse
1717 4445 1798 4544 pm

85 4529 155 4592 tibus
179 4554 328 4614 expressae
355 4534 522 4612 vocabulis,
551 4541 587 4595 ut
612 4535 838 4612 immortalitas,
890 4541 953 4601 Deo
970 4539 1172 4600 tribuendum
1194 4540 1352 4617 admonet,
1377 4541 1461 4620 quod
1483 4541 1595 4602 melius
1617 4547 1664 4602 est
1800 4529 1806 4540 ⁰

86 4619 397 4687 annumerantibus
414 4626 839 4708 aliae,utbonitas,seientia)
890 4652 926 4693 ae
947 4631 1122 4711 perfectius.
1148 4631 1332 4712 Quanquam
1354 4633 1393 4693 de
1420 4651 1457 4694 ea
1480 4634 1663 4713 probatione

86 4709 118 4772 de
132 4716 280 4794 prioribus
295 4724 379 4794 ante,
398 4723 469 4798 post
485 4719 524 4779 de
541 4718 683 4781 secundis
700 4738 839 4800 agemus.
890 4729 1006 4803 postea.
1022 4724 1112 4784 Nune
1125 4729 1201 4802 quot
1214 4724 1315 4785 modia
1333 4725 1464 4804 simplex
1481 4725 1599 4806 aliquid
1616 4725 1663 4787 di·

86 4802 274 4869 Nametillas
287 4810 348 4870 diei
361 4811 400 4871 de
414 4812 477 4870 Deo
496 4811 620 4891 proprie
637 4812 737 4890 magis
754 4820 841 4872 ante·
890 4821 990 4892 eatur,
1009 4816 1209 4895 explicemus.
1229 4816 1371 4877 Totidem
1394 4817 1489 4896 igitur
1511 4818 1572 4879 diei
1594 4836 1665 4878 eon-

86 4900 288 4980 ponendasque
307 4919 373 4962 esse
395 4901 532 4981 reliquis,
552 4903 689 4982 theologi
711 4908 840 4980 veteres,
891 4912 961 4983 stat,
982 4913 1058 4987 quot
1082 4908 1111 4967 ei
1128 4908 1213 4986 quod
1230 4909 1420 4985 adversatur,
1446 4910 1663 4989 compositum.
1723 4963 1812 5008 mm„

86 4988 159 5063 qaod
184 4997 272 5053 antea
298 4992 510 5069 meminimus,
539 4994 707 5055 affirmant.
738 4996 844 5075 Neque
892 4998 1017 5078 Triplex
1035 5005 1140 5060 autem
1164 5000 1369 5079 compositum
1383 5005 1439 5077 est,
1459 5018 1560 5062 unum
1582 5000 1667 5080 quod
1700 5015 1823 5073 omnnio

86 5081 180 5142 tamen
199 5102 420 5166 persequemur
437 5103 557 5163 omnes,
577 5087 631 5148 sed
648 5086 686 5148 iis
708 5088 845 5149 eontenti
888 5088 1047 5170 physicum
1075 5091 1247 5169 appellant,
1275 5109 1314 5153 ex
1345 5090 1475 5151 matema
1505 5091 1667 5173 formaque
1724 5082 1812 5179 gs'II'n.

117 5295 136 5335 a
152 5283 244 5340 (lint.
265 5284 345 5355 ’Λπλῆ
358 5288 407 5359 γάρ
422 5284 489 5341 ἔστιν
503 5287 518 5355 ἡ
533 5287 586 5341 θεία
600 5287 683 5358 φύσις,
698 5289 739 5341 καὶ
753 5288 886 5351 συνθέσεως
900 5289 995 5359 ἁπάσης
1009 5288 1197 5362 ἀντηλλαγμένη.

113 5472 122 5515 r
136 5470 180 5517 nr.
193 5473 211 5518 l.
223 5487 269 5534 aq.
281 5490 302 5523 v.
314 5500 342 5512 -
352 5478 367 5522 a
378 5478 427 5525 nn
439 5478 467 5524 a
479 5478 570 5534 nun,
585 5492 635 5536 up.
648 5491 678 5525 n.
690 5480 742 5526 -a
755 5480 803 5526 nu
815 5479 834 5525 1.
844 5482 872 5527 n
883 5482 945 5537 rto,
955 5493 1005 5540 ap.
1017 5493 1057 5527 vn.

202 5579 276 5640 Tou.
298 5583 322 5642 l.
