4096 6190
189 743 1036 901 THEOLOGICORUM
1096 753 1666 909 DOGMATUM

731 1145 853 1287 DE
922 1147 1120 1287 DEO

571 1483 769 1572 DEIQUE
822 1487 1281 1564 PROPRIETATIBUS

658 2037 852 2128 LIBER
907 2038 1199 2130 OCTAVUS

404 2330 441 2388 ΙΝ
473 2332 543 2399 Quo
571 2332 615 2391 DE
645 2330 882 2393 raovlnnuun
912 2333 958 2392 ET
986 2332 1042 2392 DE!
1067 2334 1258 2396 Nonianus
1282 2336 1424 2397 aalide.

273 2959 458 3042 CAPUT
501 2961 737 3043 PR1MUM‚
949 2978 1058 3040 eogere
1066 2967 1113 3022 lot
1120 2980 1227 3024 rerum
1232 2963 1527 3042 jucundissimarum
1540 2968 1721 3036 affluentem

951 3053 1084 3133 copiam,
1097 3053 1186 3114 affert
1202 3073 1267 3115 non
1280 3056 1381 3117 solum
1390 3076 1492 3136 operae
1506 3060 1653 3139 multum,
1666 3068 1721 3129 sed

951 3146 1044 3205 etiam
1072 3146 1220 3207 molestiae
1245 3147 1361 3227 aliquid
1386 3168 1422 3209 ae
1440 3150 1565 3213 doloris.
1584 3154 1628 3214 Ae
1642 3157 1720 3219 mihi

127 3249 176 3312 De
185 3245 378 3310 Providentia
398 3245 466 3307 uer.
489 3245 625 3308 Primam
643 3245 685 3305 vis
699 3245 762 3326 ipra
775 3245 901 3306 nomenis
949 3238 1214 3316 praeiermittenda
1225 3257 1296 3319 pars
1309 3240 1361 3301 illu
1374 3241 1460 3321 prius
1477 3242 1537 3302 hoo
1551 3244 1619 3305 loeo
1632 3247 1719 3310 ride·

170 3340 359 3422 euple'eotur:
393 3346 456 3398 lum
479 3338 543 3419 qus
567 3335 702 3418 definitio
726 3336 898 3418 multiplea
949 3327 1051 3405 batur,
1067 3348 1118 3405 ne,
1132 3330 1158 3390 si
1168 3349 1226 3411 pro
1236 3349 1273 3392 eo
1287 3350 1322 3392 ae
1337 3333 1482 3411 postulat,
1498 3352 1567 3396 eam
1576 3342 1720 3420 persequi

172 3431 292 3514 duplex
314 3429 397 3492 illius
415 3448 490 3512 pars
513 3448 551 3490 eu
573 3427 686 3510 duplici
698 3426 797 3490 itidem
817 3429 901 3509 sonte
949 3420 1072 3497 vellem,
1089 3421 1270 3501 fieretjnsto
1293 3423 1417 3503 longius
1433 3425 1595 3506 hocopus.
1612 3431 1720 3495 Postea

171 3524 315 3593 ἀενίυατα,
332 3522 451 3604 seientia
464 3521 529 3589 nei,
546 3528 574 3581 et
590 3519 729 3582 bonitate.
752 3519 833 3582 Eam
848 3540 901 3580 eur
948 3531 1023 3574 vero
1036 3515 1125 3575 aliter
1136 3516 1219 3596 apud
1233 3534 1284 3576 me
1297 3518 1400 3593 staturi,
1414 3536 1466 3595 ne,
1475 3519 1501 3579 si
1510 3521 1622 3582 omissa
1635 3525 1721 3603 peni·

165 3616 296 3698 probare
309 3616 506 3683 t'rulituumus,
522 3632 588 3674 eum
601 3620 630 3673 et
644 3611 795 3673 minuma
809 3612 857 3681 sit,
874 3621 900 3672 et
948 3612 999 3667 tus
1012 3606 1129 3683 finisset,
1140 3626 1251 3669 manea
1258 3613 1289 3669 et
1296 3608 1474 3689 imperfecta
1485 3617 1591 3673 nostra
1599 3614 1638 3675 de
1645 3615 1721 3677 divi-

169 3710 232 3771 sine
242 3708 373 3791 perfidio
386 3706 491 3789 reperi
504 3714 637 3786 liquat.
950 3699 998 3760 nis
1015 3701 1253 3781 proprietatibus
1267 3701 1432 3780 disputatio
1444 3702 1620 3780 videretur3
1638 3724 1673 3767 ae
1687 3726 1719 3770 se

945 3790 1118 3871 justissima
1141 3811 1196 3853 sua
1209 3811 1262 3873 spe
1274 3793 1456 3854 frustratum
1470 3795 1563 3855 etiam
1578 3815 1642 3857 nou
1658 3799 1718 3860 ini-

171 3891 214 3951 De
228 3889 281 3950 Dei
297 3886 501 3968 providentia,
516 3902 586 3964 qnae
606 3884 640 3944 in
660 3882 822 3962 praeeipuis
834 3881 901 3960 ejus
949 3901 1030 3963 quus
1044 3884 1140 3945 laetor
1156 3885 1304 3964 conqueri
1319 3891 1431 3964 posset.
1455 3887 1627 3949 Praesertim
1647 3909 1720 3954 eum

128 3981 322 4043 ornamentis
343 3980 415 4058 jure
439 3982 633 4050 numeratur,
655 3974 901 4035 utinvenireest
949 3976 1031 4037 istud
1048 3977 1162 4056 ipsum,
1183 3977 1267 4057 quod
1294 3977 1425 4055 magnis,
1447 3982 1479 4037 et
1500 3978 1719 4043 excellentibus

128 4074 217 4136 futile
242 4091 312 4153 quas
340 4071 433 4146 dieas,
458 4069 501 4130 sie
528 4086 567 4129 ex
586 4067 785 4128 inventorum
811 4065 900 4144 eopia
949 4067 1312 4147 derebnsjaetarisolet‚
1329 4073 1474 4147 praestare
1495 4070 1718 4134 nihilomnino

128 4167 206 4247 qnid
220 4166 321 4247 potius
345 4163 452 4242 eligas,
467 4159 590 4221 difficile
615 4164 661 4220 est
672 4163 816 4219 statuere.
837 4158 899 4217 Ha·
949 4161 988 4221 de
1001 4161 1049 4236 iis,
1066 4178 1160 4240 quam
1179 4179 1279 4240 panea
1296 4160 1408 4236 dicere,
1423 4161 1456 4221 id
1477 4161 1511 4220 in
1538 4161 1650 4224 divinis
1663 4166 1720 4226 mi-

127 4259 206 4319 bent
217 4258 277 4319 hoe
302 4259 481 4336 prestantes
506 4268 614 4313 omnes
633 4270 694 4327 res,
723 4256 754 4311 et
774 4254 901 4328 propter
949 4252 1034 4313 nime
1047 4252 1151 4314 loeum
1163 4253 1295 4328 habeat3
1311 4253 1395 4332 qnod
1409 4252 1502 4313 inhis
1516 4255 1720 4332 praedicandis

128 4348 333 4429 multiplicem
356 4345 618 4425 oppornmitatem
641 4343 690 4419 iis,
705 4342 818 4422 quibus
831 4358 900 4420 pro
948 4345 1074 4405 nonnisi
1088 4345 1269 4425 paueasint,
1285 4344 1483 4424 quantumvis
1503 4345 1602 4407 multa
1613 4347 1718 4409 diean-

129 4449 213 4519 snnt‚
227 4440 406 4515 notissimae,
421 4443 457 4498 nt
468 4436 619 4498 infinitate
626 4436 693 4515 ipsa
705 4436 898 4516 perplexum,
948 4441 1010 4497 tur.

129 4532 399 4614 etpropemodnm
424 4530 582 4609 elinguem
602 4530 650 4590 sni
667 4529 900 4608 praedirutorem
991 4530 1143 4604 Quoniam
1162 4529 1258 4607 igitur
1285 4534 1316 4589 et
1337 4527 1482 4602 breviter,
1507 4534 1539 4589 et
1560 4548 1625 4590 non
1647 4550 1718 4611 per-

129 4626 283 4689 effleiant:
300 4625 387 4699 dnm,
408 4622 503 4702 qnod,
520 4621 546 4681 si
559 4626 671 4699 posset,
687 4621 822 4682 maxime
835 4622 900 4683 vel·
949 4623 1100 4685 fnnetorie
1123 4621 1161 4682 de
1182 4621 1236 4681 Dei
1256 4620 1450 4699 providentie
1467 4622 1659 4701 propositum
1673 4630 1720 4685 est

129 4720 183 4793 let,
196 4734 304 4798 parem
317 4714 493 4794 argumenti
504 4712 712 4792 magnitudini
722 4712 899 4775 iaeultatem
947 4734 1050 4795 egere,
1058 4734 1093 4775 ae
1106 4713 1252 4774 methodo
1262 4718 1293 4773 et
1302 4712 1410 4774 ordine
1422 4714 1719 4792 praesertimntrnm-

129 4809 283 4890 explieare
309 4826 374 4868 non
397 4810 508 4887 potest.
525 4804 613 4878 Quod
625 4804 663 4864 de
677 4804 780 4866 divina
795 4805 898 4885 provi·
948 4826 1009 4888 que
1022 4806 1338 4885 eonseqnipossumus
1351 4824 1359 4881 ;
1373 4823 1530 4866 summam
1543 4807 1588 4866 rei
1597 4808 1719 4887 amplis

128 4901 236 4963 dantia
257 4899 401 4978 nsrnpari
425 4897 619 4978 potissimum
638 4898 901 4976 eonvenit;euj11s
948 4901 1034 4961 simae
1057 4899 1155 4959 tribus
1168 4898 1325 4958 includam
1351 4898 1513 4977 capitibus,
1528 4898 1560 4958 in
1574 4916 1644 4977 qiua
1658 4900 1717 4960 Ne-

128 5002 196 5055 tum
210 4992 333 5072 eopiosa
345 4996 401 5066 est,
417 5007 453 5050 ae
466 4995 532 5049 tam
544 4988 606 5049 late
620 4989 730 5049 diffusa
746 4991 898 5065 uastatio,
949 4992 1063 5052 mosius
1082 4991 1277 5066 christianus,
1300 4995 1330 5049 et
1353 4991 1533 5069 cumprimis
1557 4990 1665 5051 doetus
1683 5010 1719 5053 ae

129 5091 166 5146 nt
179 5083 292 5162 integri
304 5083 343 5143 de
353 5082 411 5143 hae
424 5099 491 5141 una
504 5098 538 5141 re
551 5079 623 5140 libri
635 5085 699 5140 tam
713 5079 753 5139 ab
766 5081 901 5160 antiquis
949 5083 1080 5143 disemis
1093 5081 1304 5161 philosophus,
1319 5083 1353 5141 in
1361 5081 1440 5142 libro
1452 5079 1488 5142 de
1497 5079 1617 5143 Natura
1625 5081 1719 5144 domi·

128 5175 216 5251 editi,
231 5192 326 5254 quam
340 5173 380 5233 ab
394 5178 507 5234 nosne
518 5172 830 5233 memoriaedoetisse
843 5174 902 5252 piis
949 5174 1005 5243 nis,
1032 5175 1130 5255 eapite
1152 5190 1220 5240 niu,
1252 5178 1349 5234 totam
1372 5173 1410 5233 de
1437 5173 1630 5251 prandentis
1664 5175 1720 5236 Dei

128 5268 205 5329 viris
218 5284 331 5345 magno
346 5282 478 5326 numero
491 5263 672 5343 prodierint.
689 5264 777 5336 Quod
790 5269 825 5323 ut
835 5282 900 5324 me·
949 5267 1181 5346 inquisitionem
1203 5265 1333 5345 partitus
1360 5270 1416 5325 est.
1443 5266 1522 5324 Nam
1547 5265 1607 5325 tria
1620 5268 1719 5346 quaeri

129 5361 191 5420 rito
209 5359 324 5419 laetum
342 5357 474 5433 ridetur,
503 5357 576 5436 quia
597 5356 692 5435 digna
715 5374 765 5417 res
782 5361 837 5433 est,
862 5357 902 5417 ad
950 5377 1038 5439 posse
1048 5359 1119 5419 dieit
1136 5379 1142 5419 :
1159 5377 1201 5418 an
1214 5359 1253 5418 sit
1264 5357 1476 5437 providentia:
1491 5362 1560 5416 tum
1573 5358 1647 5437 qnid
1661 5358 1716 5435 sit;

129 5468 227 5532 quam
249 5449 422 5510 ornandam
451 5446 567 5527 ingenii
581 5451 612 5508 et
635 5448 796 5509 industrie
823 5449 903 5510 vires
951 5456 1107 5530 postremo
1116 5468 1252 5530 quorum
1265 5455 1296 5509 et
1304 5450 1384 5510 eirea
1394 5467 1465 5528 quea
1479 5449 1528 5509 sit.
1540 5451 1602 5511 Nos
1615 5449 1655 5509 ab
1668 5468 1717 5525 eo,

130 5560 242 5612 omnes
255 5541 473 5601 ollinbeantur:
490 5541 532 5599 sie
544 5540 576 5599 in
586 5540 734 5600 orationis
748 5541 902 5617 angustias
952 5543 1035 5623 (prod
1057 5543 1226 5603 seeundum
1241 5542 1352 5621 posuit,
1381 5541 1622 5619 arispirahirnur;
1647 5543 1718 5619 quia
