3956 6168
440 354 492 414 DE
513 353 585 414 DEO
607 354 751 429 DElQUE
771 353 1115 425 saecularitatem,
1137 352 1210 416 LlB.
1234 351 1285 425 lll,
1308 349 1391 410 CAP.
1412 347 1449 408 ll.
1686 347 1740 407 :tal

187 516 360 579 Maximum
382 536 490 581 rursus
512 518 677 581 audiamus
701 519 784 600 apud
807 520 923 599 Euthy-
972 525 1090 581 manat.
1120 519 1163 581 De
1197 522 1329 597 utraque
1356 516 1491 579 loannes
1523 510 1767 593 Cyparissiotm·

144 607 250 670 mium
259 610 302 670 ita
314 610 515 689 loquentem:
535 611 786 692 «Partieipabilis
796 612 923 691 quddam
974 617 1116 675 securata
1131 610 1252 673 disserit
1271 611 1304 670 in
1318 609 1408 671 tertia
1426 605 1540 669 decade
1555 602 1577 674 ⁸,
1600 603 1655 664 ubi
1667 602 1743 664 illud
1814 596 1822 607 '

145 701 232 763 Deus
254 708 300 763 est
327 703 499 765 secumdum
523 704 590 783 ejus
615 704 920 779 communicationes,
972 705 1056 783 quod
1066 711 1170 767 nesus
1179 704 1314 767 mammo
1323 704 1451 767 interest
1459 699 1566 759 docet:
1582 717 1598 755 ιι
1612 697 1743 759 Omnem

146 792 280 855 minime
302 801 407 857 autem
420 796 653 877 participabilis,
668 802 822 877 qrmtenus
844 797 922 859 nihil
971 797 1201 861 emanationem
1221 795 1289 857 fieri
1308 810 1432 855 causam
1446 809 1554 855 eorum
1574 807 1644 871 quse
1657 805 1742 849 erna-

145 884 250 964 ipsam
267 887 471 950 substantiam
485 888 568 951 illius
582 889 746 968 participat
758 895 814 953 aut
826 889 922 953 vitem
971 894 1058 963 nant,
1071 907 1107 949 ac
1120 888 1215 951 talem
1229 886 1457 948 emanationem
1470 880 1744 962 assequentium

145 977 297 1056 ejsudem,
312 984 367 1040 aut
380 980 465 1042 aliud
478 981 641 1060 ejusmodi,
662 981 854 1060 quaomnia
873 998 923 1048 ex·
971 995 1007 1039 es
1021 979 1061 1040 ad
1075 999 1144 1060 quse
1164 980 1243 1043 lacta
1256 985 1302 1040 ast
1321 976 1517 1039 emanatio.»
1542 974 1638 1055 Igitur
1656 990 1741 1034 erna-

145 1068 436 1131 celleuterhsbetot
445 1073 610 1135 eximiam)
624 1073 698 1146 Qum
707 1077 739 1133 et
749 1072 783 1133 iu
791 1070 922 1133 Scholiis
970 1071 1055 1133 natio
1081 1072 1135 1135 illu
1161 1073 1224 1134 sive
1253 1072 1352 1140 motio.
1381 1088 1444 1151 que
1471 1067 1583 1129 diuinae
1603 1083 1743 1147 personas

146 1160 188 1221 ad
207 1168 301 1242 caput
319 1163 522 1226 undecimum
541 1164 613 1225 libri
630 1163 666 1226 ds
687 1163 808 1226 Divinis
829 1164 923 1227 nomi·
970 1163 1194 1242 producuntur,
1211 1170 1326 1229 esterna
1339 1167 1496 1224 esternon
1509 1164 1621 1231 ereata,
1633 1157 1743 1237 deque

146 1250 245 1321 uideas,
261 1254 295 1315 in
307 1254 381 1331 fine,
397 1257 551 1319 Maximus
564 1256 660 1337 paulo
680 1256 807 1319 diversis
820 1256 922 1319 verbis
970 1251 1053 1315 idem
1066 1256 1288 1336 Cyparissiotus
1300 1275 1307 1316 :
1328 1276 1343 1311 ιι
1351 1253 1546 1316 Manifestum
1558 1255 1614 1324 est,
1626 1250 1739 1328 inquit,

63 1418 68 1427 ¹
146 1344 262 1422 posuit.
288 1346 377 1408 Unde
395 1349 480 1427 quod
502 1367 596 1429 supra
619 1349 683 1409 dixi
701 1367 766 1409 non
794 1348 922 1412 obscure
972 1347 1056 1423 quod
1069 1349 1150 1411 Deris
1164 1353 1195 1408 et
1209 1349 1297 1410 Pater
1312 1347 1353 1407 ad
1371 1364 1427 1407 sus
1440 1342 1607 1415 manando,
1629 1341 1741 1403 Filium

5 1421 119 1461 ''m‘’
147 1442 279 1513 constat,
296 1439 393 1501 vitam
412 1440 476 1500 sive
494 1448 622 1517 αὑτοζωὴι
636 1446 667 1501 et
684 1440 778 1518 huius
800 1441 923 1518 generis
971 1439 1296 1518 supersubstantialem
1308 1445 1339 1500 et
1353 1438 1513 1518 Spiritum,
1528 1436 1590 1496 duo
1604 1434 1698 1495 unius
1712 1439 1743 1494 et

147 1527 222 1603 elia,
238 1529 402 1610 dupliciter
422 1550 441 1592 a
464 1533 611 1611 Dionysio
636 1538 667 1594 et
688 1532 823 1595 Maximo
840 1551 923 1613 spec-
972 1529 1110 1607 ejusdem
1131 1532 1300 1595 divinitatis
1313 1531 1432 1595 lumina
1455 1529 1584 1590 univoce
1599 1525 1738 1605 protulit,

148 1619 222 1697 tari,
237 1620 287 1681 vel
300 1627 336 1682 nt
353 1623 387 1682 in
407 1623 470 1685 lieo
489 1629 572 1697 suut,
589 1642 652 1704 qus
660 1625 780 1687 ratione
793 1624 922 1686 mininie
971 1622 1057 1684 nullo
1071 1625 1165 1685 modo
1178 1643 1197 1685 a
1210 1624 1310 1705 seipso
1327 1628 1392 1687 toto
1406 1638 1556 1701 egressus,
1574 1619 1628 1679 sed
1640 1619 1742 1699 potius

77 1783 82 1793 ᾳ
148 1714 431 1789 communicantur,
445 1716 518 1794 quia
532 1716 598 1795 ipsa
611 1722 684 1778 sunt
701 1716 773 1777 etsta
786 1717 841 1778 liei
854 1735 923 1795 qum
971 1715 1011 1776 ad
1034 1714 1168 1795 seipsum
1194 1721 1297 1777 monus
1315 1717 1381 1777 sius
1401 1713 1546 1775 distantis
1559 1709 1741 1771 intermedia

4 1783 120 1883 fflf*
148 1810 199 1867 cst
215 1811 355 1883 dpttasoc,
374 1807 424 1868 vel
448 1814 484 1869 nt
506 1814 579 1868 sunt
602 1807 684 1869 dona
704 1808 847 1887 quadam
869 1809 923 1869 lici
972 1824 1010 1867 ex
1028 1809 1199 1869 eternitate
1212 1808 1246 1868 in
1264 1813 1409 1869 naturam
1426 1806 1524 1869 trium
1536 1819 1741 1883 personarum

148 1901 184 1955 et
205 1897 502 1961 communicationes
523 1918 559 1960 ac
581 1899 761 1979 largitiones
788 1900 869 1978 ejus,
893 1907 924 1961 et
972 1898 1091 1960 desivit.
1112 1901 1184 1963 Hoee
1204 1899 1300 1977 igitur
1318 1898 1472 1961 emanatio
1494 1900 1616 1957 motas
1639 1894 1742 1955 ditius

147 1987 213 2047 hoe
234 1989 326 2050 modo
348 1991 629 2055 communicentur.
656 1992 751 2053 Porro
778 1992 816 2052 ad
840 1993 922 2054 idern
970 2008 1103 2070 persons
1121 1993 1154 2053 in
1175 1991 1294 2053 divinas
1317 2008 1465 2070 personas
1478 1989 1511 2049 in
1534 1986 1682 2048 Trinitate
1702 1986 1741 2046 ad

147 2080 292 2159 Dionysii
305 2089 397 2162 caput
411 2083 562 2149 Maximus
572 2082 776 2163 praevidentius
793 2093 819 2144 et
841 2083 921 2145 boui·
971 2101 1066 2162 qrsam
1085 2089 1171 2149 mota
1193 2091 1248 2157 est,
1277 2083 1412 2143 substitit
1434 2088 1465 2142 et
1487 2079 1657 2141 motionem
1677 2096 1741 2139 non

144 2180 309 2251 turudum
319 2180 409 2237 voest
420 2176 595 2253 Dionysius,
606 2175 689 2236 idern
704 2194 768 2239 csse
778 2176 922 2255 citatque
971 2181 1106 2237 creatam
1116 2176 1266 2237 exhibuit.
1282 2198 1297 2235 ιι
1315 2175 1526 2237 Moxslteram
1536 2171 1576 2231 ad
1586 2175 1742 2233 creaturas

144 2269 277 2338 mussas,
292 2273 398 2339 tunes,
409 2273 556 2346 ἀγαθότητα,
566 2276 679 2344 tituta,
693 2277 794 2342 κάλλος,
805 2268 864 2328 hoe
878 2275 923 2329 est
971 2269 1200 2329 emanationem
1227 2268 1402 2347 explicans,
1437 2265 1627 2344 equivocam
1655 2261 1741 2325 illam

142 2353 391 2437 suddamifimm,
404 2363 440 2417 ut
452 2357 496 2418 ita
508 2357 629 2437 loquar,
647 2359 705 2419 uim
720 2367 746 2420 et
760 2358 918 2440 or‘uifieam,
970 2359 1121 2433 nominat,
1134 2365 1166 2421 et
1178 2359 1292 2420 scilieet
1302 2364 1437 2420 creatam
1449 2363 1541 2439 atqcue
1555 2355 1589 2416 in
1601 2360 1741 2434 tempore

142 2444 325 2516 bonitatem,
363 2448 565 2527 dien'uitetem,
599 2449 854 2531 pulchritudinem
892 2459 923 2515 et
970 2448 1081 2513 laetam
1101 2470 1166 2513 esse
1186 2452 1387 2526 demonstrat,
1410 2456 1504 2531 atque
1526 2449 1607 2511 hanc
1629 2446 1740 2507 volun·

142 2543 270 2600 caetera.
969 2543 1040 2603 tatis
1059 2561 1134 2618 esse,
1161 2544 1247 2605 illam
1269 2551 1401 2606 nahum
1428 2542 1517 2618 Quod
1535 2541 1620 2601 idern
1643 2540 1740 2619 eapite

191 2630 228 2693 ll.
245 2631 306 2692 Sed
323 2637 359 2695 ut
380 2634 519 2712 Dionysii
539 2653 575 2695 ae
597 2636 774 2697 Graecorum
788 2636 921 2699 aliorum
969 2641 1054 2697 sextu
1064 2654 1103 2697 ex
1115 2636 1282 2698 Athanasio
1293 2638 1453 2701 etJoanne
1467 2636 1656 2699 Damasoeuo
1671 2648 1741 2695 con·

140 2721 364 2801 theologorum
391 2726 491 2803 magis
514 2725 687 2793 illustretur
710 2727 826 2807 opinio,
851 2730 921 2793 seiri
968 2725 1082 2789 firmat.
1104 2729 1183 2789 Cum
1205 2730 1289 2791 enirn
1311 2730 1362 2791 bie
1380 2726 1552 2809 praesertirn
1574 2723 1737 2805 scripserit,

139 2812 227 2876 illud
247 2822 378 2895 oportet,
403 2834 501 2897 quam
521 2819 622 2881 Latini
640 2819 778 2898 theologi
804 2838 921 2885 mauo-
973 2838 1078 2899 copus
1092 2822 1205 2883 divinae
1213 2827 1333 2883 natura
1344 2821 1636 2900 sempiternsmesse
1649 2834 1742 2895 gene·

139 2906 918 2995 ts'ooemuppellant,eumabillisnominarir.pooaov¹,
967 2912 1131 2986 rationem,
1148 2932 1226 2992 opus
1245 2932 1319 2974 varo
1337 2913 1449 2975 divine
1470 2908 1637 2973 voluntatis
1655 2926 1739 2969 erea-

141 3016 219 3078 quat
229 3004 258 3061 et
270 3000 309 3065 ab
323 3002 437 3062 nosuis
446 3002 592 3082 processio
607 3003 729 3065 dicitur.
742 3005 782 3066 Ut
795 3005 829 3065 in
841 3006 920 3085 glos·
967 3003 1095 3079 tionem,
1112 3027 1127 3063 u
1148 3005 1221 3065 hinc
1234 3004 1286 3064 ille
1300 3004 1465 3070 concludit.
1487 3024 1502 3059 u
1517 3001 1602 3064 Sicut
1616 3018 1681 3060 non
1695 3006 1740 3063 est

140 3091 229 3153 sario
239 3092 916 3177 Philoxenidrsco-Latinospossasrroeeuso,
968 3113 1006 3155 ex
1019 3096 1189 3157 aeternitate
1203 3101 1352 3171 ereatura,
1377 3097 1420 3157 sic
1438 3113 1495 3155 nee
1513 3092 1656 3153 uoluntas
1670 3110 1739 3155 eam

137 3178 299 3264 probesu'o.
317 3186 366 3247 Est
379 3191 486 3249 autam
503 3187 641 3265 profusio
655 3188 798 3267 quasdam
818 3189 864 3271 (ul
876 3192 919 3253 ita
967 3187 1092 3251 creandi
1103 3193 1134 3249 et
1147 3206 1235 3261 opus.
1251 3189 1334 3268 Opus
1347 3188 1432 3249 enirn
1446 3186 1501 3251 Dei
1514 3184 1592 3245 velle
1607 3188 1690 3256 estu
1709 3189 1740 3245 et

143 3276 267 3356 loquar)
285 3283 317 3338 et
334 3278 472 3339 extensio
485 3296 616 3343 summm
630 3279 712 3343 illius
725 3298 761 3341 aa
774 3281 920 3362 simplicis
968 3285 1077 3343 emtore
1095 3298 1165 3359 quse
1183 3298 1254 3341 eum
1277 3281 1315 3341 de
1334 3279 1493 3343 voluntate
1516 3293 1644 3355 agemus
1666 3294 1738 3355 pro·

141 3367 338 3446 sumunda,
355 3388 425 3449 quae
438 3387 510 3433 eum
524 3370 647 3435 infinita
660 3372 700 3435 sit
712 3372 844 3449 bonitas,
861 3375 919 3435 hoe
967 3371 1105 3436 ferentur
1129 3372 1163 3433 in
1191 3372 1340 3435 medium.
1370 3371 1452 3437 Alibi
1475 3388 1551 3431 vcro
1579 3367 1738 3430 manifeste

142 3458 242 3521 habet
254 3460 288 3525 in
300 3479 363 3540 quo
377 3461 451 3523 boui
465 3467 578 3525 natura
592 3462 631 3523 ab
645 3464 791 3544 Dionysio
805 3466 918 3529 cunsti-
967 3462 1083 3529 formas
1103 3464 1226 3527 οιιιᾶοιιι
1243 3463 1403 3543 generales
1424 3467 1541 3527 creatas
1560 3461 1655 3523 alico
1673 3478 1738 3525 esse

140 3550 257 3627 uritur,
277 3558 313 3614 ut
326 3553 460 3634 seipsum
478 3554 632 3617 diffundat
649 3560 680 3616 et
699 3559 916 3623 eommunicet.
968 3556 1044 3619 dicit
1057 3557 1106 3619 his
1127 3557 1251 3617 verbis:
1271 3557 1354 3619 «Sic
1372 3560 1479 3617 autem
1500 3553 1625 3619 solvisse
1646 3552 1738 3615 dubi-

142 3643 237 3716 Quod
257 3664 329 3707 cum
350 3646 433 3723 iacit,
457 3647 507 3708 vel
529 3653 618 3711 extra
637 3667 669 3710 se
689 3650 919 3730 quodammodo
967 3649 1128 3724 tationem,
1144 3650 1300 3728 monsedo
1314 3667 1378 3713 uon
1390 3646 1584 3729 apertissime
1597 3644 1739 3725 patefacit

8 3766 26 3795 a
94 3788 100 3797 .
140 3738 355 3816 progredinrr,
370 3738 420 3801 vel
433 3738 542 3803 saltam
561 3746 587 3802 ta
600 3753 643 3816 τῆς
658 3750 775 3821 μονάδος,
791 3742 865 3823 quia
879 3744 919 3805 ab
968 3747 1069 3802 creata
1083 3758 1148 3801 esse
1173 3758 1209 3801 ea
1229 3759 1300 3819 quse
1314 3740 1358 3800 sio
1380 3744 1454 3800 sunt
1476 3739 1508 3803 iu
1531 3737 1625 3801 rebus
1638 3738 1738 3817 magis

142 3828 267 3893 unitate
284 3831 325 3891 ad
344 3848 513 3895 numerum
534 3850 571 3895 ao
592 3833 826 3897 multitudinem
849 3854 919 3915 pro
967 3833 1162 3915 principalis,
1177 3851 1248 3913 quas
1266 3832 1407 3893 coneedit
1421 3831 1483 3893 dici
1497 3829 1685 3908 exemplaris
1698 3830 1737 3891 sd

140 3919 239 3995 eadit,
250 3927 285 3983 ut
293 3922 458 4001 Gregorius
467 3924 744 3989 Nazianzenus'ac
754 3927 918 4008 Dionysius
967 3925 1096 4004 aliquid,
1112 3930 1266 4005 uiperea
1286 3923 1486 4004 proportione
1507 3920 1652 4003 quadam,
1671 3926 1738 3985 tan-

140 4013 224 4092 ipss,
246 4013 361 4092 aliique
381 4015 486 4077 Patras
503 4016 598 4094 vulgo
623 4017 805 4097 loquuntur.
829 4021 918 4094 Quod
967 4035 1061 4097 ιιιιιιιιι
1076 4036 1132 4097 per
1144 4016 1268 4096 specula
1288 4021 1319 4079 et
1333 4016 1499 4095 aenigmata
1515 4030 1737 4093 cognoscamus

139 4111 273 4185 propter
285 4106 447 4173 interiores
467 4127 503 4173 ac
517 4109 635 4173 divinas
649 4112 856 4188 processiones
874 4114 918 4179 di·
967 4109 1075 4171 diviua
1088 4108 1124 4168 ⁰?
1139 4130 1154 4167 s

139 4196 257 4273 numm,
268 4197 381 4277 quibus
389 4218 454 4264 1¹⁰ss
464 4205 552 4265 ema
567 4219 599 4262 ⁸6
612 4202 809 4281 progreditur
823 4207 915 4281 Deus,
1007 4201 1058 4265 XI.
1075 4201 1165 4263 Nune
1178 4218 1195 4259 e
1209 4200 1369 4279 superiore
1382 4199 1471 4263 omni
1484 4197 1626 4261 doctrina
1639 4196 1736 4259 conii-

140 4290 200 4353 ssd
217 4292 434 4357 tantummodo
456 4292 496 4355 ub
519 4292 637 4357 unitate
655 4294 695 4354 ad
717 4293 872 4359 binarium
886 4305 918 4360 et
966 4294 1066 4357 cimus
1087 4293 1177 4369 illud,
1199 4292 1430 4355 emanationem
1450 4307 1679 4370 quamcumque
1693 4289 1738 4350 di·

4 1680 111 1725 mulia·

74 4464 79 4475 .
140 4382 318 4445 ternarium
330 4383 365 4447 in
378 4384 487 4445 eadem
506 4383 677 4451 substantia
696 4386 916 4470 divinitateque
966 4387 1072 4453 vinam
1095 4404 1158 4466 qua
1180 4385 1300 4465 aliquid
1319 4385 1500 4464 producitur
1521 4381 1692 4445 terminum
1706 4388 1737 4443 et

12 4550 17 4557 ἱ
72 4476 115 4561 ’ζ
141 4475 324 4537 carantena.
341 4476 426 4539 Hanc
435 4475 520 4541 euim
529 4478 776 4556 progressionem
789 4498 915 4545 emans-
965 4486 1146 4559 ἀπιιιλιιμα,
1166 4477 1226 4538 hoe
1248 4482 1294 4541 est
1307 4475 1485 4558 productum
1514 4474 1633 4554 aliquid
1654 4474 1735 4553 ejus·

13 4584 76 4667 :ra
140 4559 325 4646 tionemqire
334 4567 489 4647 duplicem
502 4569 548 4631 illi
561 4574 700 4635 statuunt
709 4568 732 4645 ⁸,
744 4589 840 4637 uuam
853 4592 916 4653 qus
965 4571 1051 4636 medi
1063 4571 1230 4651 postulare,
1245 4571 1330 4649 quod
1343 4570 1442 4650 reipss
1453 4569 1493 4630 sit
1511 4587 1530 4631 a
1547 4567 1736 4648 producente

79 4659 85 4669 '
143 4660 226 4725 Dum
240 4661 330 4725 Pater
343 4661 506 4723 moussiae
519 4661 665 4741 profundi
674 4662 785 4727 dicitur
797 4665 914 4745 adper·
964 4670 1150 4743 austeraque
1172 4663 1361 4726 distinctum.
1384 4662 1472 4739 Quod
1490 4661 1566 4723 adeo
1580 4661 1736 4723 veteribus

141 4770 292 4819 sonarum
305 4753 595 4833 multiplicationem
611 4752 633 4825 ⁵.
653 4754 784 4821 alteram
798 4775 860 4836 qua
875 4759 913 4819 ad
964 4756 1093 4837 perinde
1110 4775 1146 4819 ac
1159 4755 1380 4817 recentioribus
1393 4754 1545 4834 theologis
1557 4759 1676 4817 eertum
1689 4754 1734 4813 vi-

141 4861 194 4909 ras
216 4851 335 4911 creatas
358 4845 571 4925 producendas
593 4845 680 4925 quasi
705 4852 792 4915 esne
815 4867 847 4913 se
871 4851 915 4916 di·
963 4850 1064 4924 dstur,
1080 4855 1194 4913 utnon
1208 4848 1269 4909 elio
1284 4852 1467 4928 argumento
1481 4846 1531 4911 vel
1545 4845 1735 4911 sabellianos

178 5115 322 5179 aliusu-
343 5115 386 5173 tit.
412 5115 459 5179 lll·
490 5117 603 5194 Panes).
622 5116 745 5181 Metauri:
759 5118 801 5193 pis
822 5120 837 5174 d
859 5121 913 5185 θεὸς
962 5140 1028 5182 τινος
1040 5119 1227 5183 τῶντοιούτων,
1238 5119 1299 5193 aas
1320 5118 1372 5193 ἔχει
1387 5119 1467 5177 πάντα
1479 5118 1533 5175 καθ’
1547 5116 1682 5193 ὑπεροχὴν,
1695 5119 1734 5175 usi

139 5198 203 5252 κατὰ
217 5198 261 5260 τὰς
270 5199 410 5269 μεταδόσεις
421 5197 504 5251 αὐτοῦ·
516 5196 645 5270 ἂμέθεκτος
661 5199 687 5253 u
707 5200 770 5254 sord
784 5202 813 5254 rt
838 5203 911 5274 pudic
963 5202 1097 5275 ἐξαιρέτως.

140 5280 339 5354 peripetasmatis
353 5285 396 5348 τῆς
418 5279 501 5347 οὐσίας
519 5279 631 5350 edredi
656 5286 699 5350 τῆς
709 5285 775 5350 ζωῆς
790 5282 877 5350 αὐτοῦ,
894 5287 911 5355 ἦ

170 5483 179 5525 l
195 5483 261 5527 lituu.
274 5495 322 5539 cap.
334 5491 378 5527 ret
390 5494 411 5527 rx
422 5484 448 5528 de
459 5483 531 5529 moin.
543 5496 602 5530 nom.
612 5496 618 5535 ;
629 5485 684 5530 llax.
698 5486 752 5531 ibid.
770 5509 798 5519 -
815 5487 899 5532 torst.
912 5502 973 5535 mv.
985 5514 1012 5524 —
1029 5492 1050 5535 8.
1063 5490 1128 5534 bion.
1141 5501 1189 5546 cap.
1201 5500 1219 5532 ιι
1230 5488 1257 5533 ds
1269 5488 1342 5535 bleta.
1353 5498 1425 5541 stom:
1439 5487 1502 5545 drag.
1511 5487 1564 5535 liar.
1574 5498 1631 5536 arnt.
1646 5501 1699 5534 xm
1711 5499 1733 5535 st

141 5557 230 5590 xmus.
242 5566 270 5578 —
280 5545 294 5589 l
304 5545 359 5589 bsx.
373 5546 395 5590 tn
408 5558 456 5602 esp.
469 5558 494 5589 u.
506 5548 532 5591 de
544 5549 616 5592 dictu.
627 5558 686 5593 nom.
697 5572 725 5582 -
734 5550 755 5593 a.
764 5550 815 5606 Cap.
828 5563 834 5593 ι
846 5557 921 5608 eamq.
932 5556 983 5597 -s
994 5555 1046 5603 lieo.
1059 5553 1083 5601 V.
1096 5565 1145 5609 esp.
1158 5565 1188 5603 ιν.
