4096 6190
280 395 297 417 =
400 304 450 363 DE
470 304 544 365 DEO
566 304 709 378 DElQUE
729 302 1070 378 PROPRIETATIBUS,
1092 304 1164 363 Lllt.
1188 303 1253 377 Vll,
1276 303 1358 363 CAP.
1383 302 1434 362 lX.
1666 303 1722 361 ltlll

130 469 210 537 arte,
220 482 284 543 qua
293 464 375 526 lacta
387 472 443 526 est,
456 468 661 548 ldeovespera
671 467 902 547 congruentius,
955 468 1195 544 santumnium,
1211 467 1304 528 cham
1322 485 1393 545 quae
1418 465 1630 545 temporaliter
1648 465 1727 526 lacta

131 558 906 638 quamnordicipotest¹.rlamveroeumetvirtus
955 567 1038 635 sunt,
1064 566 1187 620 aetcrnae
1204 560 1348 627 rationes,
1371 564 1520 638 tanquam
1544 558 1578 618 in
1596 576 1644 632 eo,
1671 576 1727 637 per

132 646 200 726 ipsa
213 648 279 721 Dei,
299 668 335 709 ac
352 649 506 729 voluntas,
533 652 659 732 ejusque
679 653 837 732 proposita
856 652 906 713 da
955 653 1039 731 quod
1050 653 1212 712 factasunt
1223 651 1344 728 omnia;
1357 650 1632 729 acdcindeinipsa
1645 668 1728 710 crea·

131 744 279 820 cretaque
297 742 412 815 omnia,
434 748 466 804 et
483 744 675 824 exemplares
692 744 811 818 formae,
831 763 906 823 quas
955 750 1027 805 tura
1037 742 1059 804 ⁶.
1076 766 1090 801 a
1109 744 1275 823 Gregorius
1292 744 1367 804 item
1382 743 1462 821 Papa
1474 742 1507 802 in
1527 741 1655 802 homilia
1670 757 1724 801 rr:

131 830 220 892 ideas
238 834 412 908 nominant,
432 835 510 896 nihil
530 837 570 896 ab
589 837 641 897 Ilei
666 842 776 897 natura
797 836 908 897 discre-
960 858 975 893 n
990 837 1048 910 Qui
1062 836 1207 897 creatoris
1219 836 1266 896 sni
1287 835 1466 908 claritatem,
1482 835 1594 914 inquit,
1608 834 1725 909 vident,

131 929 219 1002 pent,
235 926 286 985 sod
307 944 371 986 una
385 927 447 988 sint
465 946 537 989 cum
551 947 598 1003 ea,
622 928 907 1008 simplicissimaque
955 929 1034 989 nihil
1043 930 1076 989 in
1091 935 1231 991 creatura
1243 928 1357 1007 agitur,
1370 927 1454 1006 quod
1468 927 1572 988 ridere
1583 946 1648 988 uon
1660 945 1728 1006 pos

131 1034 194 1089 res,
220 1035 343 1078 necesse
363 1018 496 1093 videtin,
524 1021 675 1100 quidquid
698 1021 731 1080 in
751 1021 905 1101 exempla·
956 1021 1029 1081 sint.
1044 1044 1059 1078 »
1073 1021 1203 1081 Albinus
1217 1021 1343 1081 Flaccus
1354 1019 1409 1079 lib.
1422 1018 1458 1079 de
1471 1018 1589 1080 Divinis
1603 1018 1725 1098 officiis,

136 1108 227 1169 ribus
244 1117 275 1170 et
300 1110 466 1172 efficientia
488 1113 542 1173 Dei
562 1113 844 1192 comprehenditur,
867 1113 907 1173 ab
956 1114 1055 1192 capite
1074 1113 1110 1174 cle
1127 1112 1320 1174 celebratione
1339 1112 1462 1173 Mr'sace:
1483 1134 1499 1168 (ι
1512 1113 1574 1173 Nec
1586 1112 1729 1173 dubitan-

132 1218 172 1259 eo
193 1202 338 1281 conspici,
354 1202 409 1281 qui
422 1204 476 1263 Ilei
488 1209 632 1265 naturam
646 1205 796 1266 intuetur.
819 1205 907 1279 Quod
956 1206 1033 1265 dum
1051 1213 1108 1280 est,
1130 1206 1183 1281 ait,
1203 1205 1341 1265 fidelium
1361 1204 1525 1283 petitiones
1543 1223 1561 1264 a
1571 1204 1728 1282 justorum

133 1293 262 1371 quidem
288 1313 327 1355 cx
345 1295 399 1356 illa
419 1297 560 1376 Prosperi
582 1298 745 1371 sententia,
766 1303 797 1359 et
818 1316 908 1376 argu·
957 1297 1116 1376 spiritibus
1130 1296 1215 1371 sciri;
1229 1297 1302 1375 quia
1318 1296 1374 1375 qui
1392 1296 1477 1356 intus
1492 1297 1546 1357 Dei
1559 1297 1728 1357 claritatem

133 1386 326 1447 mentatione
350 1388 472 1448 ridetur
492 1389 581 1450 effici.
601 1412 616 1446 a
637 1390 699 1450 Nec
717 1390 834 1464 latebit,
857 1390 906 1450 in·
957 1389 1074 1462 vident,
1097 1397 1227 1450 nonest
1245 1389 1445 1461 eredendum,
1465 1388 1538 1468 quia
1556 1389 1595 1449 sit
1612 1389 1729 1468 aliquid

133 1478 215 1556 quit,
228 1478 295 1557 jam
309 1480 441 1558 perfecte
458 1480 564 1542 beatos
575 1481 693 1559 aliquid
705 1487 904 1554 secretorum,
956 1482 1043 1559 loris,
1059 1483 1143 1561 quod
1155 1479 1332 1560 ignorent⁸.
1354 1503 1369 1538 c
1392 1481 1569 1561 Cujusmodi
1585 1482 1727 1559 antiquo-

133 1570 203 1648 qui,
220 1572 304 1649 quod
316 1577 362 1632 est
375 1572 467 1651 longe
478 1574 684 1654 prestantius,
696 1573 798 1653 ipsum
812 1573 907 1634 visuri
958 1591 1030 1633 rum
1040 1573 1224 1633 testimoniis
1234 1573 1377 1634 hodierni
1389 1573 1593 1651 Hagiomachi
1601 1573 1727 1652 pulsan-

133 1667 211 1722 suut
233 1663 359 1723 mundis
383 1664 525 1725 cordibus
548 1667 646 1725 Deum
666 1665 687 1724 ¹.
718 1687 734 1722 ν)
763 1665 800 1725 Et
822 1665 905 1743 alibi,
956 1670 1018 1732 tur,
1045 1666 1137 1744 quia
1162 1666 1273 1726 sanctis
1294 1683 1365 1725 cum
1391 1665 1510 1726 Christo
1528 1666 1730 1744 regnantibus

138 1776 155 1809 a
172 1772 237 1815 non
245 1755 348 1815 solum
358 1756 501 1816 omnium
510 1763 734 1831 creaturarum,
750 1758 803 1831 ait,
817 1757 909 1818 ratio
958 1757 1097 1819 exaudiri
1114 1776 1220 1837 preces
1240 1764 1370 1833 nostras,
1387 1776 1423 1817 ac
1445 1763 1560 1823 statum
1578 1757 1728 1817 conditio·

134 1863 223 1921 nem,
241 1847 403 1909 sedetiam
425 1849 524 1927 ipsam
543 1849 591 1909 sui
607 1850 754 1910 creatoris
767 1849 907 1909 eminen-
959 1868 1094 1930 nemque
1104 1857 1242 1911 nostram
1254 1851 1324 1911 acici
1340 1855 1371 1911 et
1387 1850 1518 1929 intelligi
1528 1869 1592 1910 non
1602 1855 1727 1929 putant;

135 1937 295 1999 tiamlacie
305 1940 438 2000 revelata
448 1941 638 2020 conspicient
648 1940 670 2001 ³.
680 1964 695 1998 a
709 1943 790 2002 Tum
801 1948 909 2002 auctor
958 1948 1065 2003 contra
1084 1962 1161 2022 quos
1175 1943 1251 2003 alias
1267 1943 1488 2022 disputandum
1508 1942 1584 2001 erit:
1600 1942 1632 2001 id
1645 1943 1729 2002 enim

135 2028 790 2113 Speratiapudllugustinum,capitexxrn:
805 2034 909 2108 «Quid
958 2034 1058 2095 obiter
1079 2035 1297 2095 tautummodo
1318 2053 1402 2095 nunc
1422 2033 1554 2113 agimus.
1576 2037 1676 2112 Atque
1695 2040 1730 2094 ut

136 2123 907 2205 nostunclatercpoterit,quandotulleusnoster,
958 2126 1042 2187 hunc
1064 2127 1259 2188 absolvamus
1282 2127 1395 2200 locum,
1420 2126 1574 2206 principio
1599 2126 1729 2186 minime

136 2213 201 2275 vita
220 2214 403 2292 sitentium,
424 2235 516 2278 eausa
537 2236 711 2294 carnarum,
729 2217 830 2279 forma
850 2219 910 2279 tor·
959 2237 1069 2280 verum
1081 2220 1159 2279 illud
1173 2220 1372 2294 arbitramur,
1386 2220 1492 2279 beatos
1510 2219 1573 2278 sire
1591 2219 1727 2297 angelus,

137 2324 274 2383 marum,
287 2308 453 2370 informata
464 2317 495 2370 te
507 2310 596 2371 nobis
607 2311 689 2371 clara
704 2310 821 2371 visione
835 2311 908 2371 insi·
959 2312 1022 2372 sive
1033 2312 1176 2373 homines
1186 2313 1303 2384 omnia,
1316 2330 1386 2391 quar
1399 2311 1468 2371 fieri
1482 2313 1573 2371 alteo
1587 2317 1727 2390 possunt,

137 2399 269 2460 nuabis‘l
290 2422 304 2457 a
327 2403 458 2462 Possunt
478 2407 509 2462 et
528 2403 589 2463 aha
609 2422 673 2463 non
690 2422 789 2482 pauca
808 2403 910 2483 colligi
959 2402 1085 2480 intueri,
1107 2409 1138 2464 et
1158 2422 1230 2464 curn
1252 2403 1375 2464 infinita
1397 2403 1630 2483 omnipotentiae
1648 2403 1731 2464 illius

138 2489 207 2551 loca
224 2497 376 2569 veterum,
390 2494 423 2553 in
442 2493 555 2572 quibus
567 2495 688 2555 infinite
707 2495 748 2555 ita
764 2495 908 2573 traditur,
959 2495 1165 2574 amplitudine
1175 2496 1422 2576 intelligentiam,
1438 2515 1473 2555 ac
1485 2496 1732 2558 scientiamadoe·

138 2582 822 2664 sideriabeatisquidquidrerumcreaturum
832 2588 911 2648 inest
960 2606 1055 2665 quare
1076 2606 1175 2648 suam.
1198 2589 1286 2662 Quod
1305 2608 1344 2649 cx
1364 2589 1402 2648 iis
1421 2606 1544 2649 necesse
1565 2593 1610 2649 est
1631 2589 1728 2669 sequi,

139 2675 175 2735 in
189 2676 263 2750 ileo,
278 2678 327 2736 vel
341 2677 408 2755 ejus
420 2683 580 2757 potestate,
594 2699 630 2739 ac
644 2679 780 2742 scientia.
960 2698 1031 2757 quar
1053 2681 1092 2740 de
1110 2680 1245 2759 perfecta
1264 2680 1321 2741 Dei
1340 2680 1527 2759 cognitione,
1545 2699 1639 2759 quarn
1657 2700 1732 2741 corn-

183 2767 234 2826 lV.
257 2769 345 2841 Quod
364 2769 390 2828 si
408 2770 478 2847 quis
496 2772 601 2831 omnia
618 2771 682 2847 illa,
698 2790 768 2851 quae
783 2791 802 2832 a
815 2772 912 2833 beatis
956 2770 1174 2852 preternionem
1209 2772 1388 2843 nominant,
1428 2790 1521 2850 supra
1556 2771 1728 2833 docuimus.

17 2906 31 2935 ,,
60 2906 73 2935 ,
141 2856 176 2917 in
185 2859 248 2919 Deo
261 2861 404 2938 cognosci
415 2864 557 2923 universe
569 2862 782 2924 demonstrant
795 2867 909 2941 Patres,
961 2865 1125 2925 Ostensum
1137 2869 1181 2924 est
1195 2864 1290 2937 euim,
1304 2863 1476 2922 absolutam
1487 2862 1574 2922 illam
1584 2863 1638 2923 Dei
1649 2882 1730 2924 com·

28 2960 41 2989 ¹¹
141 2950 181 3009 de
193 2949 232 3010 iis
244 2950 443 3031 intelligenda
456 2960 558 3034 neget,
572 2973 642 3033 qnae
655 2955 721 3015 lieri
735 2975 754 3016 a
768 2958 830 3017 Deo
844 2976 912 3036 pos-
960 2956 1208 3034 prehensionem,
1225 2972 1320 3033 quam
1335 2959 1436 3015 creata
1456 2972 1506 3014 res
1525 2954 1612 3015 nulla
1631 2960 1731 3033 potest

142 3047 225 3112 sunt,
256 3045 378 3104 tametsi
404 3063 565 3125 nunquam
592 3045 695 3107 iutrua
720 3055 807 3125 sunt3
835 3049 911 3110 illud
961 3048 1116 3127 consequi,
1131 3049 1165 3109 iu
1182 3066 1218 3107 eo
1238 3047 1414 3122 consistere,
1430 3046 1513 3125 quod
1533 3046 1655 3106 infinita
1677 3048 1731 3109 Dei

141 3135 251 3195 saltem
274 3142 389 3198 restare
408 3138 542 3215 videtur,
564 3144 598 3199 ut
620 3158 824 3219 quaecumque
844 3141 910 3202 fue-
961 3140 1186 3219 omnipotentia
1199 3140 1289 3219 plene
1304 3138 1471 3218 cognitioni
1489 3144 1602 3199 nostrcc
1615 3146 1727 3218 pateat.

142 3234 227 3301 runt,
245 3234 394 3306 autsunt,
406 3236 570 3308 eruntque,
585 3230 668 3291 beati
685 3251 723 3291 ex
737 3251 827 3311 aeqno
843 3251 910 3295 om-
962 3233 997 3294 ld
1020 3238 1124 3293 autem
1142 3237 1210 3293 tum
1236 3231 1315 3307 fieri,
1338 3248 1410 3291 cum
1437 3249 1486 3292 res
1513 3249 1631 3304 omnes,
1655 3251 1731 3311 quas

143 3338 198 3381 nes
226 3322 385 3400 aspiciant.
418 3323 497 3384 Nam
521 3322 646 3383 illorum
673 3324 766 3384 verba
791 3325 912 3387 infinite
959 3323 1111 3405 possibiles
1124 3329 1245 3395 vocant,
1262 3324 1402 3384 dntincte
1417 3324 1655 3404 perspiciuntur.

141 3418 289 3492 concepta
307 3419 391 3489 sunt,
411 3414 524 3493 quihus
544 3415 584 3474 ab
600 3416 728 3494 angehs,
749 3415 797 3475 vel
813 3416 913 3477 homi·
1001 3418 1039 3477 V.
1063 3418 1123 3478 Sed
1134 3422 1207 3477 sunt
1220 3417 1324 3496 aliqui,
1339 3417 1404 3495 qui,
1419 3416 1477 3477 etsi
1493 3417 1591 3477 Deum
1603 3417 1731 3478 minime

143 3505 236 3565 nibus
249 3505 283 3565 in
296 3507 359 3567 Deo
372 3507 502 3585 spectari
513 3507 616 3566 omnia
631 3507 752 3568 docent.
767 3508 816 3568 Sic
828 3510 911 3570 Basi-
961 3509 1181 3588 comprehendi
1190 3515 1362 3570 creatarum
1369 3510 1523 3570 mentium
1529 3509 1730 3589 intelligentia

143 3597 204 3658 lius
215 3597 913 3680 inprimolibrodeVerorirqiaitote,virginem
963 3619 1050 3680 posse
1069 3601 1222 3676 latentur3
1236 3620 1301 3662 non
1321 3601 1353 3661 id
1372 3606 1477 3662 tamen
1492 3602 1542 3661 rel
1556 3619 1655 3662 sacras
1669 3602 1730 3662 Lit-

143 3690 206 3750 Deo
229 3696 439 3752 consecratam
463 3691 620 3768 admonet,
641 3698 677 3752 ut
700 3711 765 3752 non
790 3698 912 3754 tantum
961 3699 1053 3768 teras,
1070 3695 1119 3754 rel
1133 3694 1277 3773 antiquos
1297 3695 1401 3754 Patres
1418 3694 1491 3753 satis
1510 3694 1622 3754 diserte
1640 3693 1732 3754 tradi·

142 3783 270 3861 angelos
280 3789 433 3857 vereatur,
450 3783 504 3844 sed
518 3784 610 3843 etiam
625 3784 767 3845 homines
780 3794 910 3860 sanctos,
963 3786 1042 3847 disse
1050 3791 1171 3865 putant.
1182 3786 1226 3845 Ac
1235 3785 1260 3845 si
1268 3785 1552 3864 comprehensionis
1561 3790 1732 3847 catenatur

141 3893 179 3934 ac
190 3879 302 3954 patres.
321 3897 336 3932 o
350 3877 387 3935 Et
401 3877 476 3955 quid
490 3876 612 3955 singula
627 3894 848 3953 commemoro,
864 3878 913 3939 in-
962 3878 1053 3953 ratio,
1076 3896 1145 3956 quae
1165 3878 1200 3938 in
1218 3877 1328 3937 scholis
1344 3877 1411 3955 jam
1430 3878 1624 3953 inveteravit,
1640 3887 1676 3937 ut
1693 3879 1732 3940 sit

142 3967 223 4047 quit,
236 3968 420 4046 angelorum
431 3968 675 4030 innumerabiles
688 3970 912 4047 multitudines,
963 3970 1097 4048 cognitio
1121 3969 1233 4029 nativae
1265 3969 1310 4029 rei
1343 3969 1473 4048 cognita
1498 3970 1639 4048 dignitati
1664 3971 1732 4048 puri

140 4078 278 4139 cumque
301 4061 338 4121 iis
353 4065 474 4121 sanctos
493 4061 619 4121 Petrum
638 4061 782 4140 spiritus?
805 4061 915 4122 Nullus
963 4061 1142 4121 excellentia
1160 4060 1360 4139 respondens,
1378 4060 1496 4120 nemini
1516 4061 1561 4120 las
1578 4060 1618 4120 sit
1635 4061 1733 4121 ambi-

141 4152 230 4212 onim
244 4170 352 4212 eorum
375 4157 431 4228 cst,
452 4152 505 4231 qui
525 4171 589 4212 non
607 4151 723 4231 ubique
738 4153 912 4231 prospiciat,
962 4171 1046 4230 gere,
1069 4152 1147 4230 quin
1169 4151 1266 4225 nulla,
1286 4170 1326 4211 ne
1350 4152 1592 4212 extraordinaria
1606 4151 1732 4230 quidem

141 4245 294 4324 cumipse
308 4245 433 4324 quidem
448 4245 586 4323 corporis
600 4245 696 4305 oculis
710 4264 774 4305 non
786 4264 913 4324 conspe·
964 4245 1019 4306 Dei
1039 4245 1085 4305 vis
1100 4245 1185 4305 illam
1203 4244 1298 4323 possit
1310 4243 1430 4305 efficere
1447 4264 1454 4304 ε
1471 4262 1580 4304 verum
1593 4262 1629 4303 ea
1647 4263 1733 4325 sepo

141 4340 223 4410 etus,
239 4336 422 4416 incorporeo
434 4341 540 4397 tamen
560 4337 626 4397 visu
640 4337 680 4397 ad
693 4336 834 4397 notitiam
848 4336 915 4397 uni-
963 4337 1030 4412 sita,
1046 4337 1095 4398 vel
1106 4337 1266 4416 repudiata
1280 4337 1391 4416 potius,
1410 4341 1445 4396 ut
1458 4355 1527 4415 quae
1541 4336 1637 4397 veteri
1647 4336 1734 4398 theo·

141 4446 234 4487 versa
248 4428 469 4507 complectatur
479 4438 504 4489 ⁰.
524 4450 538 4485 r
558 4429 749 4507 Augustinus
762 4429 837 4489 item
858 4448 913 4489 an·
963 4428 1052 4508 logice
1065 4429 1204 4489 funditus
1217 4428 1324 4508 ignota
1337 4429 1385 4502 sit,
1402 4429 1589 4507 quicumque
1606 4429 1732 4489 tandem

141 4519 230 4599 gelos
261 4521 382 4596 scribit,
421 4542 436 4578 c
471 4520 578 4601 procul
607 4521 704 4581 dubio
739 4521 915 4581 universam
964 4520 1042 4581 alius
1062 4521 1345 4601 comprehensionis
1362 4521 1473 4581 modus
1486 4520 1678 4597 adhibeatur,
1698 4540 1733 4581 ac

142 4617 330 4688 creaturam,
342 4613 375 4674 in
389 4632 452 4691 qua
467 4613 525 4692 ipsi
537 4619 610 4674 sunt
620 4613 830 4693 principaliter
841 4632 914 4674 con·
964 4618 1069 4673 noster
1077 4613 1128 4673 ille
1142 4614 1315 4693 prasertim
1323 4613 1515 4674 antecedenti
1527 4613 1733 4693 disputatione

142 4704 213 4781 diti,
229 4706 262 4765 in
280 4706 347 4785 ipso
366 4705 468 4767 Verbo
483 4706 537 4767 Dei
549 4705 635 4785 prius
651 4705 783 4783 novisse,
801 4706 834 4767 in
853 4724 915 4785 quo
965 4705 1130 4781 confectus,
1146 4724 1188 4766 un
1206 4724 1243 4766 ex
1261 4705 1437 4785 scripturis,
1454 4706 1622 4785 priscisque
1640 4705 1734 4766 Patri·

184 5053 205 5094 tt
223 5038 308 5094 Basti..
324 5036 345 5092 l.
366 5035 403 5093 cle
417 5040 501 5109 ch.
522 5037 570 5091 Καὶ
593 5037 616 5091 cl
635 5037 700 5109 λέγω
719 5039 773 5090 καθ’
796 5037 914 5104 imarum
964 5036 1021 5111 olyl
1034 5043 1162 5112 πανταχοῦ
1173 5039 1275 5111 καθορᾷ,
1286 5038 1358 5102 abibe
1373 5039 1415 5113 pir
1434 5041 1549 5112 σώματος
1567 5041 1674 5113 ὄμμασιν
1687 5039 1735 5117 οὔχ

146 5126 198 5176 τῶν
209 5120 318 5193 ἀγγέλων
336 5120 489 5193 ἀναρίθμητοι
506 5121 595 5189 πλήθη,
617 5120 658 5172 rat
677 5120 739 5192 μετὰ
757 5120 849 5175 τούτων
866 5125 915 5175 τῶν
965 5121 1098 5194 ὁρώμενος,
1108 5122 1233 5195 ἀσωμάτῳ
1242 5121 1268 5175 δὲ
1277 5123 1398 5194 βλέμματι
1407 5124 1593 5196 περιλαμὸάνων
1602 5124 1634 5187 εἰς
1643 5132 1733 5198 γνῶσιν

145 5204 259 5275 πατέρων
273 5204 331 5277 ἅγια
344 5204 485 5275 πνεύματα;
505 5202 583 5265 οὐδεὶς
605 5202 653 5274 γὰρ
680 5203 773 5257 τούτων
792 5201 867 5269 ἐστὶν,
889 5206 917 5265 ὃς
965 5204 996 5257 τὰ
1010 5204 1148 5276 σύμπαντα.

176 5397 187 5442 l
201 5396 247 5441 le.
260 5398 287 5441 lll
299 5399 325 5441 de
337 5398 382 5444 Gir.
394 5408 414 5441 c.
428 5409 469 5442 ru.
480 5418 507 5430 -
517 5395 532 5439 t
543 5396 603 5441 Pros.
615 5395 655 5442 llb
666 5396 674 5441 l
686 5396 712 5442 dr
724 5396 839 5443 rincum.
850 5409 870 5442 c.
883 5396 968 5441 ιν.-3
980 5397 1048 5451 ldcm,
1060 5396 1101 5441 lib.
1114 5396 1153 5449 ΙΙΙ,
1166 5410 1185 5441 c.
1197 5407 1273 5441 rrxrn.
1284 5418 1312 5431 -
1323 5397 1336 5442 l
1347 5396 1394 5443 lib.
1407 5398 1433 5443 lt
1445 5399 1472 5444 de
1483 5401 1536 5445 Gan.
1548 5401 1578 5445 ad
1593 5401 1627 5446 lit.
1643 5412 1664 5446 c.
1677 5412 1734 5447 uu.

146 5482 176 5494 -
187 5458 311 5505 aaaron.
321 5461 420 5510 mnam,
431 5459 458 5504 dc
469 5459 516 5505 Dte.
527 5458 563 5513 off.
