4008 6170
419 401 468 462 DE
486 400 564 462 DEO
585 398 731 473 DElQUE
754 395 1095 471 praemunitione,
1118 396 1191 458 LlB.
1214 395 1237 469 l,
1261 394 1344 456 CAP.
1369 396 1405 456 X.
1669 399 1727 459 lib

126 549 179 610 bac
191 551 381 612 universitate
395 570 431 612 ac
442 551 645 632 Deiopen'bus
656 551 801 612 cernitur.
822 575 834 606 ι
853 551 891 611 Εῖ
944 550 1037 627 hujus
1053 548 1228 629 posterioris
1249 548 1369 628 generis
1390 564 1454 607 non
1474 565 1538 607 una
1563 546 1641 607 ratio
1663 553 1719 607 est,

127 645 158 699 ut
177 640 312 699 universe
347 640 471 720 loquar,
493 640 604 720 inquit,
631 640 711 700 illud
741 640 890 701 Dominus
944 642 997 702 sed
1020 642 1082 703 aha
1112 642 1212 720 maJor
1230 642 1462 722 expressiorque
1491 659 1587 721 ιγιιοιιι
1613 640 1719 716 altera,

127 733 230 793 crearit
265 752 315 794 me
348 734 474 796 initium
501 736 623 796 riarum
651 735 757 815 ipsius,
789 735 827 796 de
854 754 890 796 aa
943 736 1052 797 iisdem
1067 755 1105 797 ex
1115 737 1256 797 Patribus
1271 736 1436 815 colligitur.
1453 737 1574 797 Etenim
1588 754 1651 796 una
1670 753 1722 795 ea·

126 828 262 907 sapientia
289 847 358 908 quae
371 830 406 890 in
434 829 551 890 mundo
578 834 716 909 apparet,
747 833 887 909 usurpat,
943 830 1075 908 demque
1087 849 1220 909 persona
1232 830 1334 890 varias
1346 829 1453 891 obiens
1464 830 1645 903 functiones,
1660 829 1720 888 κατ’

126 938 187 999 quse
204 919 287 982 velut
307 941 419 1002 perca
440 943 509 1004 quae
528 923 672 984 ridentur
686 923 890 983 vocememit-
943 921 1057 983 ἐπίνοιαν
1076 943 1095 984 ιι
1118 923 1218 1003 seipsa
1236 923 1383 1003 distingui
1398 923 1481 1003 apud
1501 923 1571 982 illos
1597 923 1719 983 dicitur.

125 1020 193 1085 tens,
216 1015 361 1077 admonet
381 1035 445 1077 sea
465 1018 527 1077 Deo
545 1016 658 1076 factam
682 1034 761 1090 csse,
785 1034 887 1094 neque
942 1016 1129 1076 Athanasius
1142 1018 1322 1077 inoratione
1336 1018 1444 1095 quinta
1466 1016 1603 1076 adversor
1624 1015 1720 1076 Aric-

125 1108 236 1168 fortuito
254 1116 374 1171 tantam
387 1112 570 1192 sapientiam
581 1110 739 1171 ineffeetis
760 1110 888 1171 creatis-
942 1128 1005 1185 nor,
1017 1110 1188 1172 Sabellium
1202 1113 1256 1190 qui
1275 1129 1477 1191 personarum
1496 1128 1663 1170 numerum
1683 1129 1719 1170 ac

124 1202 270 1280 quembus
287 1203 410 1265 elucere
421 1214 444 1265 ⁰.
461 1228 475 1261 ν
498 1205 541 1265 lle
554 1204 612 1265 hac
628 1204 723 1282 igitur
740 1203 890 1283 sapientia
943 1203 1146 1265 differentiam
1161 1203 1299 1280 tollebat,
1313 1205 1458 1265 cumdem
1475 1205 1596 1264 Patrem
1616 1222 1652 1263 ac
1673 1204 1720 1263 Fi-

124 1294 248 1374 loquitur
268 1298 413 1373 Basilius,
438 1317 534 1378 quam
555 1295 721 1380 ἀρχέγονονι
738 1298 775 1357 ab
798 1297 888 1358 initio
941 1296 1020 1357 lium
1033 1294 1099 1357 κατ’
1119 1296 1233 1358 ἐπίνοιαν
1247 1299 1437 1358 constituisse
1451 1298 1534 1371 dicit,
1551 1315 1589 1357 ex
1602 1296 1720 1376 qqui·

121 1392 282 1468 productom
296 1398 397 1467 vocat,
413 1398 444 1452 et
456 1398 525 1452 ante
540 1391 688 1452 omniain
704 1391 799 1467 hujus
821 1392 889 1451 uni-
942 1389 1019 1450 lium
1031 1391 1142 1470 probat
1150 1391 1283 1458 οὐσιωδῶς
1300 1413 1314 1449 ιι
1328 1389 1482 1451 secuudum
1500 1390 1715 1451 substantium»

124 1483 259 1542 versitatis
273 1486 401 1546 conditu
414 1504 478 1547 una
490 1504 562 1546 rum
585 1485 692 1546 creatis
710 1484 803 1546 rebus
821 1485 888 1545 edi-
942 1501 1006 1544 esse
1030 1502 1066 1544 ac
1086 1484 1260 1545 consistere.
1286 1506 1301 1542 ιι
1322 1483 1427 1558 Filius,
1452 1483 1719 1562 inquietatum

124 1579 188 1650 mm,
202 1582 293 1656 atque
304 1579 342 1638 iis
357 1580 526 1660 ingenitam
539 1580 632 1640 luisse
645 1579 719 1639 dicit
730 1569 752 1641 ⁶.
769 1601 783 1636 ν
941 1595 1005 1637 non
1018 1577 1189 1638 substantia
1208 1595 1315 1638 carens
1333 1594 1434 1656 neque
1453 1594 1517 1636 non
1537 1575 1715 1652 subsistens,

159 1668 267 1730 Eodem
295 1689 388 1733 sensu
420 1673 584 1751 Gregorius
621 1672 831 1733 Nazianzenus
855 1673 888 1731 in
942 1672 996 1731 sed
1017 1690 1123 1733 revera
1135 1671 1335 1732 substantiale
1361 1679 1417 1732 cst.
1434 1670 1558 1749 Alioqui
1573 1670 1633 1730 nisi
1657 1670 1717 1732 hoc

124 1762 247 1823 oratione
268 1764 453 1826 secundario
470 1763 652 1845 l'lreolopt‘o:
680 1765 757 1826 uL't
783 1771 888 1825 autem
942 1782 974 1824 se
997 1765 1090 1825 modo
1114 1753 1236 1825 habeat¹
1250 1782 1453 1845 quiscumque
1477 1763 1632 1838 dicuntur,
1658 1763 1718 1823 diri

124 1854 284 1933 oculorum,
300 1858 412 1937 inquit,
423 1859 521 1919 aciem
535 1859 646 1937 adjeci,
663 1859 715 1918 vir
728 1858 888 1919 hocetiam
942 1858 1048 1937 utique
1062 1858 1248 1919 videbuntur
1268 1858 1664 1935 secundumcogitationem
1682 1875 1718 1917 ac

124 1966 184 2008 sum
202 1959 381 2012 consecutus
400 1957 434 2012 ut
455 1952 510 2013 Dei
533 1952 702 2032 posteriora
718 1970 886 2027 aemesam,
942 1952 1130 2031 simpliciter.
1160 1952 1247 2025 erod
1271 1952 1297 2011 si
1315 1951 1441 2012 vitanda
1459 1955 1504 2010 est
1527 1950 1719 2028 cogitationis

124 2040 204 2121 idque
212 2051 311 2123 petra,
327 2046 668 2107 hocestl'erbonostrae
682 2045 789 2106 salutis
797 2064 889 2106 causa
942 2045 1126 2121 absurditas,
1137 2047 1274 2126 sequitur
1285 2050 1432 2106 resumet
1443 2043 1643 2104 substantiale
1654 2061 1719 2103 esse

123 2135 266 2198 mearnato
280 2145 447 2215 contectus,
463 2146 555 2220 atque
575 2138 804 2218 aliquantulum
821 2158 890 2219 pro-
941 2138 1072 2199 verbum
1085 2150 1110 2199 r.
1129 2141 1239 2199 »Tum
1253 2139 1441 2219 paulopost:
1462 2138 1555 2198 «Nisi
1568 2138 1630 2197 duo
1646 2137 1716 2212 sint,
1800 2174 1806 2183 ·

124 2230 251 2309 spiciens,
268 2252 335 2294 non
353 2234 488 2313 primam
505 2233 594 2294 illam
614 2233 888 2314 incorruptamque
941 2232 1052 2312 inquit,
1069 2233 1122 2294 sed
1143 2234 1181 2294 de
1206 2233 1316 2294 eodem
1329 2233 1387 2293 ista
1412 2232 1565 2305 dicantur,
1585 2230 1670 2290 idem
1688 2236 1719 2290 et

124 2330 254 2386 aduram
269 2346 308 2387 ao
321 2327 380 2388 soli
398 2328 467 2404 sihi,
483 2328 664 2388 Trinitatem
678 2327 757 2402 dico,
781 2328 889 2407 cogni-
942 2343 1036 2385 causa
1048 2328 1106 2387 erit
1117 2332 1148 2389 ct
1162 2332 1264 2386 ortum
1279 2345 1298 2386 a
1322 2344 1425 2401 causa,
1441 2325 1582 2404 genitum
1594 2324 1667 2384 item
1688 2328 1720 2383 et

124 2422 188 2493 tam,
198 2438 328 2499 quaque
340 2421 442 2500 priore
455 2420 588 2481 obducta
600 2419 669 2480 velo
683 2420 765 2480 intus
772 2427 887 2495 manet,
942 2437 1092 2498 generans
1103 2421 1188 2499 quod
1200 2420 1370 2481 absurdum
1390 2420 1423 2479 in
1435 2418 1563 2480 Sabellii
1575 2417 1718 2498 opinione

124 2515 177 2570 eta
201 2512 383 2573 Chenrbinis
402 2513 516 2593 tegitur
527 2531 598 2573 sum
616 2515 819 2594 conspicatus,
835 2515 889 2575 sed
942 2512 1185 2572 demonstratum
1199 2519 1253 2575 est.
1274 2514 1329 2575 Sin
1343 2518 1446 2573 autem
1458 2517 1555 2572 estex
1572 2511 1649 2591 ipso,
1666 2510 1717 2570 sed

124 2621 184 2664 earu
202 2624 271 2685 quse
298 2614 454 2687 postrema
474 2614 530 2683 est,
550 2613 580 2668 et
601 2609 641 2669 ad
662 2627 718 2669 nos
738 2609 887 2688 pervenit.
941 2623 1005 2665 nou
1019 2605 1098 2665 alius
1111 2606 1261 2666 eritidem
1274 2606 1485 2686 etgignens,et
1499 2623 1563 2665 non
1576 2604 1717 2684 gignens,

125 2697 187 2757 llaec
199 2706 303 2760 autem
315 2707 361 2760 est
374 2709 526 2780 quantum
546 2703 718 2782 cognitione
743 2720 891 2782 assequor
942 2700 1072 2779 gignens
1096 2700 1234 2779 quidem,
1253 2706 1406 2780 quatenus
1420 2718 1456 2760 ex
1471 2700 1569 2780 seipso
1590 2696 1716 2778 profert,

124 2788 180 2866 illa,
190 2810 257 2871 quae
271 2795 306 2854 in
319 2794 412 2855 rebus
427 2796 466 2855 ab
480 2796 534 2856 illo
547 2796 676 2857 conditis
691 2801 721 2855 et
734 2796 890 2876 productis
942 2793 1070 2853 minime
1084 2800 1188 2855 autem
1200 2795 1329 2874 gignens
1344 2799 1495 2873 quatenus
1508 2810 1572 2853 non
1586 2791 1665 2851 alius
1674 2796 1720 2851 est

124 2884 393 2967 administratisque
412 2888 534 2948 videtur
552 2888 744 2969 magnitudo,
768 2888 830 2949 sive
854 2894 889 2949 ut
944 2905 1008 2946 ase
1021 2887 1088 2966 ipso
1109 2906 1203 2966 quem
1227 2888 1353 2967 profert.
1378 2887 1445 2960 Quo
1463 2888 1561 2966 posito
1579 2884 1719 2963 sequitur

124 2976 231 3038 divinus
252 2997 326 3039 eam
348 2981 445 3042 David
474 2982 624 3057 nominat,
646 2981 885 3062 magnificentia.
943 2982 1088 3042 eumdem
1102 2982 1197 3042 animi
1225 2982 1291 3042 sola
1311 2980 1494 3059 cogitatione
1515 2979 1576 3040 dici
1596 2980 1718 3037 Patrem

126 3070 274 3132 Harenim
283 3074 453 3152 posteriora
463 3076 607 3151 suutDei,
619 3093 821 3155 qurecmnque
834 3077 889 3138 sci·
942 3080 973 3135 et
983 3074 1096 3135 Filium
1106 3082 1129 3135 ⁶.
1137 3096 1152 3131 ν

126 3161 260 3244 lioetpost
271 3184 346 3227 eum
359 3172 440 3227 notae
461 3169 528 3247 ejus
542 3175 573 3229 et
592 3169 717 3243 indicia,
742 3171 889 3249 quemad·
983 3168 1133 3228 Preterea
1142 3167 1226 3227 idem
1236 3166 1572 3246 Athanasiusiuprima
1582 3166 1717 3245 disputa-

125 3257 238 3319 modmn
257 3260 374 3321 umbra
388 3260 444 3321 illa
468 3262 551 3337 solis,
574 3267 605 3323 et
627 3262 743 3342 effigies
764 3282 833 3342 quae
855 3264 888 3325 in
942 3262 1024 3322 tione
1039 3262 1184 3323 adversus
1209 3261 1341 3322 Arianos
1357 3260 1396 3320 ab
1410 3261 1448 3321 iis
1462 3260 1574 3320 Filium
1586 3261 1640 3321 Dei
1655 3278 1718 3320 non

125 3350 202 3427 aquis
214 3355 358 3429 existunt,
375 3360 405 3415 et
426 3355 556 3416 infirmis
568 3356 665 3416 ocrrlis
680 3357 776 3418 solem
784 3358 888 3437 ipsum
941 3358 1065 3438 proprie
1078 3376 1179 3438 neque
1189 3358 1359 3418 secundum
1368 3356 1574 3417 substantiam
1587 3355 1718 3416 verbum

123 3452 341 3523 representans,
357 3449 506 3526 quoniam
519 3450 687 3530 ipsummet
700 3451 812 3511 intueri
823 3471 888 3512 non
941 3450 1005 3509 sive
1019 3452 1171 3511 rationem
1184 3470 1220 3511 ac
1241 3451 1425 3530 sapientiam
1439 3449 1499 3509 diri
1513 3449 1716 3527 constituique

123 3554 286 3616 possumus,
300 3560 337 3602 eo
358 3544 443 3622 quod
461 3544 587 3605 luminis
603 3545 740 3605 claritate
763 3564 887 3606 sensum
941 3544 1044 3619 refert,
1063 3544 1117 3604 sed
1130 3541 1197 3604 κατ’
1213 3543 1328 3604 ἐπίνοιαν
1345 3543 1385 3604 ob
1400 3543 1595 3603 efficientiam
1613 3543 1719 3622 quain

123 3638 251 3694 uestrum
265 3641 390 3715 superat
403 3646 455 3698 θ.»
941 3656 991 3698 res
1007 3638 1182 3699 creatasilla
1196 3640 1262 3719 ipsa
1276 3639 1395 3700 derivat
1409 3657 1445 3699 ac
1457 3638 1579 3716 trajicit.
1600 3660 1616 3694 ιι
1629 3637 1717 3698 Alius

22 3726 82 3789 *a
157 3725 219 3786 Vll.
234 3729 385 3790 osterum
408 3731 453 3790 uti
480 3730 652 3793 differentia
668 3732 723 3794 illa
737 3752 806 3813 (τινα
827 3734 886 3797 κατ’
942 3736 988 3792 est
1001 3731 1124 3811 λόγοςῖι]
1139 3735 1238 3807 Patre,
1255 3734 1349 3814 ipsius
1363 3733 1517 3813 proprius,
1532 3733 1718 3812 inquitaria-
1778 3741 1873 3789 Γαῖον.

122 3818 225 3880 ίτίνοιαν
247 3822 370 3898 dieitur,
385 3823 506 3884 aliaest
525 3826 683 3903 quaeinre
703 3827 771 3906 ipsa
784 3829 887 3887 cemi-
942 3844 998 3885 nas
1014 3844 1104 3886 voces
1116 3846 1277 3907 usurpans,
1298 3832 1329 3887 et
1346 3827 1454 3887 aliaiu
1475 3829 1563 3888 Patre
1578 3833 1624 3887 est
1640 3845 1717 3887 sem·

122 3916 175 3986 tur,
187 3913 246 3975 alia
264 3934 333 3995 quac
348 3917 381 3977 in
401 3917 467 3977 sola
479 3919 664 3997 cogitatione
681 3920 827 3996 consistit,
844 3922 887 3983 sic
941 3920 1062 3999 piterna
1089 3920 1184 4000 ipsius
1210 3920 1371 4000 sapientia,
1400 3921 1433 3981 iu
1461 3927 1569 4000 quaet
1586 3920 1717 3981 verbum

151 4143 265 4198 abacta.
281 4143 327 4196 ttat
347 4144 413 4206 ὅλοις
426 4143 465 4213 τί),
487 4144 567 4216 κίιριος
585 4143 664 4199 έκτιοί
689 4164 719 4217 με
732 4145 811 4219 ἀρχὴν
823 4148 886 4201 ὁδῶν
941 4148 955 4202 ὁ
973 4149 1036 4211 θεῖος
1058 4148 1133 4201 aaut
1148 4146 1272 4219 ὀνομάζει,
1286 4148 1490 4221 μεγαλοπρέπεια·
1511 4153 1586 4203 ταῦτα
1596 4151 1643 4224 γὰρ
1656 4151 1718 4206 Θεοῦ

120 4226 194 4295 dnm,
206 4226 312 4298 περὶτῆς
325 4226 500 4299 ἐμφαινομένης
511 4228 597 4298 οορίας
607 4234 644 4301 τῷ
656 4230 743 4301 κόσμῳ
756 4231 824 4302 φησὶ,
841 4251 887 4304 μο-
940 4233 971 4285 td
988 4232 1096 4298 ὀπίσθια,
1108 4233 1155 4285 ὅσα
1172 4232 1225 4303 μετ’
1243 4230 1334 4287 ἐκεῖνον
1350 4231 1441 4286 ἐκείνου
1454 4233 1621 4306 γνωρίσματα·
1635 4237 1718 4309 ῶσπερ

120 4311 209 4383 resurgi
227 4311 319 4382 φωνὴν,
343 4310 453 4382 ἀριείοης
473 4311 513 4363 διὰ
532 4317 582 4365 τῶν
605 4311 746 4384 ὁρωμένων,
767 4315 804 4368 ὅτι
822 4316 887 4387 παρὰ
941 4315 965 4368 αί
975 4316 1027 4369 καθ’
1034 4316 1128 4370 ’νῧάτων
1139 4316 1211 4384 ἡλίου
1220 4316 1294 4387 σκιαί,
1309 4316 1349 4369 καί
1364 4315 1453 4379 εἰκόνες
1469 4319 1524 4379 ταῖς
1534 4318 1633 4390 σαθροῖς
1648 4318 1717 4391 ὄψεσι

120 4394 176 4448 θεοῦ
190 4397 282 4468 γέγονε,
305 4397 345 4450 καί
364 4396 408 4449 οὒκ
428 4395 597 4467 αὖτομάτωςή
616 4397 719 4466 smum
741 4400 815 4470 σοφία
835 4403 888 4462 τοῖς
941 4403 1124 4473 παραδεικνῦααι
1136 4400 1179 4454 τον
1192 4401 1273 4469 ἥλιον,
1288 4399 1339 4455 ἐπεί
1352 4400 1385 4474 μὴ
1400 4400 1472 4454 αὖτὀν
1488 4401 1648 4474 προοὸλέπειν
1662 4395 1716 4454 οἷόν

121 4476 306 4536 medanum
320 4480 447 4553 έμπρέπει.
941 4502 977 4553 τε,
992 4490 1028 4556 τῷ
1042 4484 1170 4557 ἀκραιφνεῖ
1180 4490 1223 4540 τοῦ
1240 4486 1321 4556 φωτὸς
1331 4490 1436 4539 νικῶντα
1447 4485 1491 4554 τὴν
1505 4484 1626 4554 αἴσθησιν.

153 4564 167 4617 ὁ
183 4565 255 4621 ίίιίιί.
269 4566 353 4627 utroq
368 4561 415 4617 είσί
428 4582 491 4626 τινες
504 4565 544 4617 καί
559 4565 644 4636 σοφίας
659 4567 731 4638 λόγοι
751 4573 794 4636 τῆς
812 4567 887 4640 ἆρχε·
977 4569 1109 4624 dllruau.
1125 4568 1183 4631 Υἱὸς
1192 4571 1266 4641 λόγος
1278 4569 1321 4623 οὒκ
1337 4569 1457 4639 daciones,
1470 4569 1522 4623 οὔδ’
1534 4569 1582 4643 οὐχ
1595 4569 1714 4641 ι’νφεατὼς,

120 4649 197 4716 γένεο,
214 4654 257 4717 τῆς
277 4649 325 4721 πρὸ
343 4653 393 4702 τῶν
411 4647 495 4700 ἄλλων
508 4646 532 4701 ίν
552 4653 583 4721 τῇ
601 4650 747 4723 δημιουργίᾳ
767 4671 887 4724 σογκατα·
942 4651 998 4704 ἀλλ’
1010 4652 1131 4721 oboedite<
1147 4653 1253 4723 ἀληθῶς·
1269 4653 1321 4709 tart
1340 4653 1409 4728 εἰμὴ
1428 4660 1515 4709 τοῦτον
1527 4653 1579 4728 ἔχει
1599 4656 1641 4709 τὸν
1657 4657 1715 4729 τρό-

119 4731 240 4801 testem
252 4740 281 4807 τῇ
294 4734 382 4787 κτίσει.
941 4753 998 4803 πον,
1013 4734 1051 4804 εἴη
1066 4739 1094 4790 ἂν
1110 4740 1198 4809 πάντα,
1217 4741 1233 4793 a
1252 4740 1359 4813 λέγεται,
1373 4743 1427 4794 κατ’
1443 4738 1560 4811 έπίνοιαν,
1579 4742 1618 4793 καὶ
1632 4740 1717 4802 ἁπλῶς

151 4823 287 4874 eumue
308 4824 380 4873 orat.
400 4834 486 4873 mir.
515 4816 572 4871 Ἐπὶ
595 4817 621 4870 δέ
641 4819 795 4891 προοίὸλεψα
817 4819 887 4889 μόλις
941 4818 1071 4891 λεγόμενα.
1092 4822 1114 4876 εἰ
1127 4823 1153 4876 δὲ
1165 4825 1278 4895 φευκτέον
1290 4826 1319 4879 τ“ο
1336 4824 1415 4894 έκτῆς
1429 4824 1535 4887 ἐπινοίας
1553 4825 1653 4883 ἄτοπον,
1670 4825 1717 4896 ἄρα

120 4895 180 4954 εἶδον
193 4904 254 4956 θεῶ
267 4904 297 4957 τὰ
308 4902 416 4972 ὀπίσθια,
428 4902 548 4957 καὶτοῦτο
561 4907 592 4975 τῇ
603 4903 679 4975 πέτρᾳ
690 4903 841 4973 σκιπααίίείς,
851 4909 888 4975 τῷ
941 4901 1033 4972 ἀληθὴς
1046 4906 1120 4979 λόγος
1133 4910 1252 4978 ornetur
1272 4908 1347 4966 έοτίν.

120 4987 257 5057 rapsacem
272 4990 305 5042 δι’
317 4989 384 5060 ἡμᾶς
401 4990 480 5061 λόγῳ,
499 4988 539 5041 eet
559 4988 644 5061 mepte
663 4989 786 5061 διατείνας,
800 4987 829 5041 οὗ
842 4987 887 5056 τὴν
977 5004 991 5041 e
1011 4992 1113 5048 Arsin.
1130 4992 1171 5049 lb.
1192 4993 1222 5048 Et
1236 4993 1262 5047 δὲ
1277 4994 1310 5066 μὴ
1332 4995 1374 5048 δύο
1389 4994 1437 5062 εἴη,
1452 4994 1509 5047 ἀλλ’
1526 4992 1623 5065 ῖπῖζτοῦ
1643 4993 1716 5047 stret

119 5071 213 5141 πρώτην
237 5091 270 5143 τε,
283 5074 325 5126 καί
338 5073 459 5146 ἀκήρατον
476 5073 555 5144 φύσιν,
570 5074 610 5126 καί
629 5072 712 5147 έαοτῇ,
726 5074 792 5146 λέγω
810 5072 836 5126 δέ
856 5078 887 5142 τῆ
941 5075 1050 5146 λέγοιτο·
1071 5074 1138 5129 ἔσται
1157 5078 1186 5132 τὸ
1200 5079 1258 5132 αὐτὸ
1276 5076 1366 5149 αίτιον,
1388 5080 1427 5131 καὶ
1440 5075 1559 5143 αίτίατον,
1573 5079 1613 5131 καὶ
1624 5080 1716 5149 γεννώ-

119 5156 203 5224 τριῶι,
225 5157 416 5229 γινωσκομένην,
431 5158 471 5210 καί
490 5159 535 5226 bau
554 5162 597 5212 τοῦ
616 5160 717 5231 πρῶτον
733 5159 887 5212 καταπετάσ-
942 5178 1023 5231 μενον,
1039 5160 1185 5232 καίγεννῶν·
1201 5164 1261 5234 ὅπερ
1274 5164 1365 5216 ίίτοπον
1383 5160 1422 5216 ἐπὶ
1441 5162 1576 5216 Σαὸελλίου
1588 5163 1715 5216 δέδεικται.

121 5257 192 5308 ματος
203 5238 260 5293 εἴσω
273 5243 349 5314 μένει,
363 5242 404 5295 καί
423 5242 471 5296 ὓπδ
488 5248 538 5296 τῶν
549 5243 671 5316 Χεροοὸιμ
684 5242 885 5315 αογκαλιίπτεται·
942 5243 964 5297 εί
976 5242 1003 5297 δέ
1017 5243 1042 5308 έξ
1055 5244 1129 5300 αἰετοῦ
1141 5247 1184 5318 μέν
1202 5245 1276 5315 έοτιν,
1291 5247 1335 5299 οὒκ
1349 5247 1413 5300 ἄλλο
1427 5245 1464 5315 δὲ,
1482 5244 1548 5300 ἔσται
1563 5246 1603 5298 καί
1614 5251 1715 5317 γεννῶν,

121 5321 175 5375 bu·
193 5326 239 5393 bor,
251 5327 386 5396 τελευταία,
400 5327 440 5380 καί
455 5325 489 5389 είς
508 5327 573 5399 ἡμᾶς
591 5328 720 5399 φθάνουσα·
735 5327 750 5395 ἡ
771 5326 797 5379 δέ
811 5325 885 5391 ἔστιν,
940 5328 981 5381 καὶ
1003 5328 1035 5402 μὴ
1054 5335 1154 5401 γεννῶν·
1176 5335 1266 5401 γεννῶν
1281 5328 1335 5402 μὲν,
1355 5332 1393 5384 ὅτι
1413 5329 1437 5394 ίξ
1451 5330 1523 5384 αὐτοῦ
1544 5330 1666 5403 προφέρει·
1682 5330 1714 5401 μὴ

122 5407 164 5459 ὅσα
176 5407 219 5481 έμὶ
235 5413 367 5482 γινώσκειν,
381 5412 396 5481 ἡ
418 5409 442 5464 έν
459 5413 511 5473 τοῖς
526 5411 650 5484 κτίσμασι,
666 5414 706 5465 καὶ
720 5414 772 5475 τοῖς
785 5411 826 5465 ὑπ’
842 5411 887 5465 αὖ·
941 5419 1031 5485 γεννῶν
1043 5411 1081 5483 δέ,
1099 5415 1137 5467 ὅτι
1157 5413 1189 5485 μὴ
1204 5413 1268 5466 ἄλλο
1281 5414 1354 5468 αὐτοῦ
1370 5413 1445 5485 ίοτιν,
1462 5413 1483 5467 εί
1500 5412 1526 5466 δέ
1539 5418 1622 5483 τοῦτο,
1638 5412 1675 5481 εἴη
1687 5416 1716 5467 ἄν

122 5498 162 5544 τῶ
173 5495 382 5569 προῶείλημίνοις.
397 5497 436 5551 καὶ
451 5496 625 5568 διοικουμένοις
637 5496 808 5568 μεγαλείοτῃς,
823 5497 839 5563 ll
853 5496 886 5558 ὡς
941 5500 994 5551 κατ’
1005 5497 1112 5551 ἐπίνοιαν
1123 5499 1255 5571 λεγόμενος
1267 5499 1281 5552 b
1293 5499 1364 5562 αὑτὸς
1378 5500 1466 5571 πατὴρ,
1481 5497 1521 5552 καὶ
1533 5497 1594 5559 uide.
