4008 6170
160 1580 291 1627 bremetum.

320 393 382 455 ill
829 384 1156 449 THEOerGlCORUM
1178 382 1408 448 noebm‘rt'rl.

317 548 371 615 est,
388 536 717 613 omittit,nil1ileon1m
728 554 870 614 quaenon
884 535 999 610 insunt,
1017 534 1094 594 falso
1149 535 1227 593 simu
1255 533 1481 611 conjunctione,
1512 533 1614 614 ipsum
1645 550 1770 593 remam
1801 532 1913 610 quidem

319 633 358 693 de
373 633 440 712 ipso
458 631 635 693 testificans.
657 629 924 704 Quemadmodum
942 629 964 688 ii
979 627 1096 688 fuciunt
1150 644 1214 687 esse
1233 626 1376 686 omnium
1396 645 1466 706 quse
1483 632 1565 702 sunt,
1586 626 1664 686 nihil
1687 632 1792 686 sutem
1805 642 1912 701 eorum,

318 726 464 805 quicum
485 725 614 785 laudere
639 724 704 784 sine
724 722 869 783 laudandi
888 721 1014 782 seientia
1043 720 1097 780 ali-
1150 726 1257 800 utpote
1271 719 1561 800 superessentialiter
1574 725 1763 799 exemptum.
1780 719 1915 798 Superes-

319 837 397 899 quos
416 819 588 892 instituunt,
614 834 722 878 eorum
742 834 821 894 quos
837 814 1005 894 praedicant
1029 813 1098 892 glo·
1151 814 1365 875 sentialitatem
1378 813 1482 893 itaque
1498 812 1595 874 divini
1614 814 1815 893 principatus,
1837 812 1915 892 quid-

318 912 398 972 riam
404 910 551 972 minuunt
562 910 762 971 attribuentes
775 908 848 988 ipsis
861 926 898 968 ee
912 925 981 986 quce
989 922 1098 967 eorum
1152 908 1226 987 quid
1239 908 1367 969 tandem
1375 909 1414 968 sit
1422 907 1659 987 superbonitatis
1665 908 1915 987 superexistentis,

321 1005 471 1084 dignitate
491 1004 613 1064 minora
634 1008 714 1077 sunt,
732 1019 888 1062 cumvera
904 1001 943 1061 dc
955 999 1099 1077 subjectis
1152 1019 1255 1079 neque
1269 1007 1419 1081 tanquam
1431 1018 1606 1062 sermonem
1615 1007 1669 1061 erit
1678 1002 1754 1076 mm,
1766 1018 1866 1080 neque
1873 1018 1917 1059 re·

318 1096 456 1177 personis
478 1095 581 1174 eloqui
608 1095 755 1155 nesciant.
773 1092 981 1166 Quamobrem
999 1097 1029 1152 ct
1043 1109 1099 1152 nos
1153 1093 1201 1155 lut
1213 1100 1414 1155 mentemuut
1425 1095 1523 1155 vitam
1534 1099 1588 1155 eut
1602 1094 1766 1155 essentim
1774 1093 1918 1154 celebrum

320 1189 400 1250 nihil
420 1206 530 1249 eorum
549 1187 734 1267 affingamus
751 1204 820 1266 que
841 1185 1020 1266 posteriore,
1040 1185 1101 1245 mi·
1153 1187 1251 1275 fss'est
1262 1189 1320 1249 ulli
1331 1206 1440 1249 eorum
1450 1188 1505 1267 qui
1518 1194 1591 1249 sunt
1600 1188 1735 1250 veritatis
1746 1206 1871 1249 omnem
1880 1206 1920 1249 re

316 1300 454 1361 nomque
485 1289 566 1357 sunt,
599 1281 652 1341 sod
684 1281 764 1340 illud
783 1280 982 1340 observemus
1002 1280 1101 1339 Deum
1154 1282 1276 1343 ritatem
1293 1282 1467 1362 superantis
1481 1289 1643 1357 amatores,
1659 1283 1712 1343 sed
1728 1289 1876 1362 tanquam
1890 1300 1920 1342 cx

315 1394 372 1457 per
391 1374 572 1436 omniahceo
591 1375 787 1448 eminentem,
802 1374 915 1433 horum
940 1390 1006 1433 csse
1028 1390 1102 1433 oau-
1155 1375 1367 1452 omnihabitu,
1381 1381 1480 1451 motu,
1504 1376 1579 1451 vitu,
1594 1376 1767 1456 phantasia,
1778 1376 1920 1456 opinione,

316 1467 676 1546 sumnequetamenhaeo
689 1483 755 1526 esse
764 1472 790 1524 ⁰.
799 1485 814 1521 ο
824 1465 897 1526 liceo
909 1471 939 1526 ct
954 1465 1103 1544 hisplurs
1156 1469 1292 1545 nomine,
1302 1487 1453 1546 sermone,
1462 1470 1657 1549 cogitatione,
1665 1471 1923 1546 intellectione,cs

317 1562 454 1622 Plotinus
471 1558 525 1639 qui
564 1561 664 1620 Deum
685 1559 799 1620 idcireo
829 1557 919 1618 οὐσίαν
939 1557 1000 1619 dici
1038 1577 1103 1620 non
1156 1563 1264 1638 sentis,
1291 1563 1430 1637 statione,
1450 1563 1624 1640 stabilitate,
1640 1565 1766 1641 unione,
1787 1563 1921 1639 termino,

316 1655 431 1736 patitur
448 1653 531 1733 quod
551 1653 633 1713 hano
653 1653 753 1732 ipsam
770 1658 800 1712 et
832 1652 981 1732 quidquid
1019 1652 1104 1712 eliud
1156 1655 1316 1738 infinitate,
1336 1656 1479 1717 omnibus
1492 1657 1923 1738 deniqueqnuscamqueentn

317 1746 388 1823 diei,
422 1747 587 1826 eogitarire
607 1750 705 1826 potest
724 1743 849 1805 inlinitis
866 1752 989 1826 superet
1008 1746 1105 1825 parti·
1157 1756 1229 1811 sunt
1240 1750 1400 1812 excellenti
1415 1751 1550 1831 quadam
1564 1751 1683 1813 ratione
1701 1758 1905 1816 secretam⁶.o

316 1839 375 1900 bns
392 1846 422 1901 et
449 1838 589 1914 excellat,
612 1844 704 1918 utque
717 1838 760 1898 itu
773 1838 812 1898 sit
834 1839 949 1915 omnis,
970 1846 1005 1900 ut
1027 1839 1106 1900 nihil
1198 1842 1246 1903 Ad
1259 1843 1325 1904 hmo
1345 1844 1378 1904 in
1401 1844 1510 1923 quinto
1532 1845 1631 1924 eapite
1650 1843 1723 1905 libri
1736 1844 1875 1923 ejusdem
1894 1844 1924 1906 de

316 1935 391 1997 certi
409 1933 587 2012 delinitique
603 1931 650 2009 sit,
668 1936 706 1993 ex
726 1950 788 2010 quo
810 1932 930 2012 imponi
948 1932 1042 2012 possit
1055 1951 1106 2013 sp
1158 1933 1279 1996 Divinis
1291 1934 1461 1997 nominituo
1472 1952 1485 1995 .·
1507 1958 1522 1992 ι
1546 1936 1606 1997 Sed
1623 1942 1656 1997 et
1667 1937 1770 2016 ipsum
1790 1954 1867 2013 esse,
1883 1938 1923 1997 in·

314 2028 452 2108 pellatio.
1159 2030 1290 2108 quites
1299 2046 1335 2089 eo
1350 2029 1405 2108 qui
1417 2033 1488 2090 ante
1498 2034 1554 2089 est.
1566 2030 1604 2090 Et
1613 2030 1709 2109 ipsius
1723 2037 1769 2091 est
1783 2048 1923 2111 essemus

356 2122 408 2181 Xl.
420 2120 507 2194 Quod
521 2137 540 2179 a
552 2117 662 2179 nostris
676 2117 774 2178 multo
795 2119 991 2199 prestantius
1006 2120 1107 2199 expli·
1160 2126 1265 2182 autem
1278 2128 1324 2182 est
1336 2122 1431 2202 ipsius
1450 2139 1527 2199 esse,
1547 2128 1578 2182 et
1587 2122 1621 2183 in
1633 2123 1702 2202 ipso
1717 2128 1762 2183 est
1775 2142 1853 2199 csse,
1869 2140 1923 2185 non

316 2222 414 2291 estur,
427 2216 513 2276 velut
525 2234 544 2274 e
557 2214 714 2292 Dionysio,
741 2214 829 2293 eujus
849 2214 928 2275 sacri
947 2216 1107 2293 eujusdam
1160 2221 1264 2275 eutem
1286 2221 1331 2276 est
1351 2214 1468 2295 inipso
1491 2233 1567 2276 esse.
1587 2217 1625 2276 Et
1642 2215 1733 2276 illum
1752 2216 1849 2277 babet
1869 2235 1923 2278 csse

318 2307 441 2369 afflutrrs
455 2309 549 2388 plens
567 2308 716 2368 istasunt
736 2326 774 2368 ex
794 2309 896 2387 primo
918 2309 1017 2388 cupite
1036 2309 1108 2370 libri
1160 2309 1273 2389 ipsum,
1286 2327 1350 2369 non
1364 2315 1468 2370 sutem
1481 2309 1547 2389 ipse
1559 2309 1654 2370 hebet
1664 2311 1767 2389 ipsum
1789 2312 1923 2372 esseli-

317 2401 353 2464 de
378 2401 499 2463 Divinis
523 2399 700 2462 nominibus.
731 2422 746 2460 u
771 2404 872 2482 Supra
885 2404 1038 2478 essentias,
1056 2405 1106 2464 in-
1160 2420 1221 2481 qne
1240 2403 1267 2462 is
1281 2408 1327 2462 cst
1347 2420 1412 2462 esse
1434 2402 1642 2481 ipsiusaevum
1656 2408 1687 2463 et
1706 2405 1925 2484 principiumct

318 2498 395 2576 quit,
409 2497 523 2557 eminet
536 2494 796 2575 superessentialis
808 2496 953 2573 infinitas,
972 2504 1002 2558 et
1014 2516 1108 2578 supro
1159 2514 1316 2576 mensure,
1331 2500 1401 2556 ante
1414 2497 1578 2556 essentium
1590 2497 1733 2571 existens,
1746 2501 1776 2557 et
1789 2499 1869 2557 entis
1885 2502 1923 2557 st-

319 2596 438 2650 mentes
458 2595 561 2650 mente
580 2590 664 2649 omni
694 2591 833 2668 superior
849 2592 961 2663 unitus,
982 2597 1013 2652 et
1027 2592 1107 2653 nulli
1160 2608 1221 2668 que
1235 2590 1294 2651 ccvi
1302 2590 1505 2669 omniumque
1522 2588 1657 2651 efficiens
1671 2591 1809 2652 msentiae
1824 2592 1926 2671 prinoi-

320 2683 531 2763 intelligentiee
545 2681 742 2761 intelligibile
762 2689 806 2743 est
819 2700 918 2744 unum
932 2684 1011 2745 illud
1022 2686 1107 2765 quod
1159 2686 1245 2765 pium
1266 2692 1297 2746 et
1316 2686 1454 2747 medium
1478 2692 1509 2747 et
1529 2685 1611 2747 finis.
1639 2687 1755 2747 ldeirco
1770 2687 1925 2766 scripture

322 2795 451 2837 omnem
487 2777 725 2855 intelligentiam
755 2777 884 2854 excedit,
917 2784 947 2839 et
977 2779 1107 2840 orationi
1159 2796 1336 2840 mereeeum
1352 2781 1406 2860 qui
1425 2798 1497 2840 vere
1511 2786 1557 2841 est
1576 2786 1646 2840 aute
1661 2781 1775 2857 omnia,
1796 2798 1853 2860 per
1867 2798 1928 2841 om-

322 2871 408 2930 omni
427 2888 551 2949 prorsus
569 2869 725 2931 ineffabile
744 2876 788 2931 est
802 2871 922 2932 bonum
937 2875 1021 2953 quod
1035 2892 1106 2935 ora-
1158 2890 1231 2932 nom
1254 2874 1371 2934 entium
1394 2874 1552 2935 notionem
1570 2872 1779 2954 multipliciter
1791 2874 1927 2948 efferunt,

321 2963 439 3023 tionem
474 2969 609 3044 superat,
648 2964 750 3024 unitas
787 2982 912 3026 omnem
952 2968 1104 3028 unitatem
1158 2966 1236 3025 adeo
1250 2972 1284 3025 ut
1298 2967 1457 3027 eterotdc
1471 2967 1538 3045 ipso
1554 2968 1762 3042 etenteterr'l,
1778 2967 1926 3048 etfoetrou

323 3058 433 3118 uniens
449 3064 479 3118 et
501 3058 760 3138 superessentialis
788 3060 927 3135 essentia,
956 3068 987 3122 et
1016 3080 1104 3123 mens
1158 3058 1432 3139 eetetrictproprie
1446 3059 1633 3120 celebrando
1648 3059 1842 3140 praedicetur.
1857 3061 1926 3120 Nam

324 3152 434 3212 mentis
444 3170 552 3231 expers
565 3156 595 3212 ct
603 3170 703 3213 sermo
713 3153 876 3214 ineffabilis
892 3156 1051 3231 sermonis,
1075 3162 1105 3216 et
1158 3150 1213 3211 ills
1234 3153 1340 3212 omnis
1359 3154 1442 3233 opud
1460 3152 1578 3232 eosqui
1589 3158 1625 3213 ut
1641 3154 1704 3213 Deo
1717 3154 1862 3213 convenit
1879 3155 1928 3213 ists

324 3245 436 3306 mentis
456 3246 649 3323 nominisque
665 3247 811 3320 vacuitas,
834 3249 1006 3308 secundum
1026 3249 1104 3310 nibil
1158 3242 1346 3324 intelligunt,
1368 3245 1543 3324 significant
1558 3245 1659 3325 ipsum
1678 3244 1850 3306 seeundum
1868 3262 1928 3306 om·
2002 3318 2003 3321 γ

324 3354 433 3399 eorum
448 3355 518 3415 qum
532 3343 614 3414 sunt,
645 3338 777 3399 existens
791 3358 863 3400 cum
883 3340 921 3400 sit
932 3358 1025 3401 consa
1036 3360 1105 3402 om·
1157 3354 1231 3397 nem
1247 3338 1406 3398 notionem
1420 3336 1711 3418 superessentialiter
1726 3356 1791 3399 eme
1811 3346 1843 3399 ct
1862 3356 1928 3399 oau-
2002 3348 2003 3359 ¹

323 3429 415 3490 nibus
429 3435 465 3489 ut
473 3430 544 3506 sint,
560 3430 663 3509 ipsum
673 3448 746 3491 vero
756 3448 819 3491 non
829 3432 876 3509 sit,
889 3438 1042 3513 tunquam
1054 3436 1105 3496 ul·
1158 3447 1225 3491 sum
1240 3447 1349 3491 eorum
1367 3448 1437 3509 quae
1450 3431 1536 3490 omni
1554 3431 1648 3492 modo
1665 3436 1746 3492 sumt.
1762 3433 1832 3492 Non
1852 3432 1929 3493 enim

324 3529 375 3583 trs
386 3540 513 3583 omnem
527 3523 692 3583 essentiam
706 3525 852 3602 positum,
862 3531 893 3585 et
906 3526 1104 3606 quemadmo-
1157 3522 1201 3583 ite
1213 3524 1272 3583 hoc
1288 3528 1343 3598 cst,
1357 3529 1463 3584 utnon
1479 3524 1601 3600 sithoc,
1625 3541 1727 3603 neque
1744 3525 1860 3603 partim
1876 3529 1927 3595 est,

326 3616 401 3676 dum
410 3617 477 3695 ipsa
483 3618 521 3677 de
532 3634 563 3676 se
578 3617 701 3696 proprie
716 3623 747 3679 ct
755 3619 884 3680 scienter
905 3623 1104 3700 pronuntiare
1158 3617 1269 3696 1111111111
1279 3634 1343 3676 non
1352 3623 1412 3679 1111.
1426 3617 1668 3692 861111110ωυί1,
1682 3623 1835 3696 1111111111111
1844 3634 1929 3678 cauta

325 3715 424 3788 potest
433 3704 455 3769 ⁶.
470 3711 539 3771 »Ae
551 3716 665 3789 postes,
685 3712 850 3773 «Laudent
859 3713 961 3792 ipsum
978 3714 1101 3796 (angeli)
1158 3710 1311 3785 omnium,
1325 3710 1397 3771 etin
1408 3711 1554 3772 seomnia
1566 3712 1728 3791 principia,
1744 3729 1853 3772 omnes
1863 3730 1928 3771 con·

326 3804 461 3863 monime
471 3805 594 3884 proprie
603 3806 773 3865 remotione
789 3806 931 3866 omnium
943 3826 1012 3886 quae
1022 3816 1102 3884 sunt,
1158 3802 1310 3864 elusiones
1325 3805 1445 3864 entium
1465 3804 1607 3864 omnium
1624 3805 1797 3879 continens,
1817 3811 1848 3865 et
1865 3810 1930 3864 ante

325 3894 385 3955 hoo
401 3912 473 3956 rere
495 3901 588 3975 atquc
606 3897 791 3959 excellenter
816 3900 916 3961 edocti
933 3902 1035 3963 divino
1055 3903 1105 3963 lu-
1158 3897 1310 3958 obtinens.
1327 3898 1477 3977 desupra
1499 3898 1605 3958 omnia
1624 3904 1681 3974 est,
1696 3904 1848 3977 unquam
1865 3904 1931 3958 ante

325 3988 458 4065 mine,et
468 4006 564 4066 exea,
580 4008 676 4070 quam
690 4009 762 4052 oum
776 3991 842 4071 ipso
856 3992 974 4055 hubent
991 3994 1103 4056 beatis·
1158 3991 1264 4050 omnia
1288 3990 1578 4072 superessentialiter
1600 3992 1835 4070 superexistens.
1858 3993 1932 4053 Hinc

360 4201 433 4258 ald.
450 4201 489 4258 ib·
516 4220 578 4276 cap.
601 4202 654 4260 ull.
677 4202 761 4260 Πάντα
774 4206 821 4278 ἀρα
842 4204 949 4278 ἀφελὼν,
972 4211 1013 4262 καὶ
1035 4208 1103 4263 οὐδὲν
1157 4208 1206 4257 τῶν
1220 4199 1375 4258 όνθωνοῦσα·
1392 4206 1432 4257 καὶ
1445 4204 1525 4260 αἴτιον
1538 4206 1582 4278 μὲν
1597 4210 1641 4261 τοῦ
1656 4198 1718 4260 είναι
1739 4208 1823 4274 πάσιν,
1839 4203 1932 4260 etuti

324 4284 462 4356 περίαθτοῦ
476 4284 562 4354 είπὼν,
574 4284 626 4340 οὗθ’
639 4287 675 4342 lu
688 4288 837 4361 ψευσάμενος
850 4288 943 4353 brieri
955 4294 1012 4364 παρ’
1025 4292 1102 4365 αθτῷ,
1158 4288 1245 4360 μήθν,
1260 4289 1293 4351 ὡς
1305 4290 1383 4358 died}
1394 4289 1476 4353 01111111
1496 4290 1614 4359 illinita,
1636 4292 1676 4345 1111
1694 4292 1728 4354 dr
1744 4294 1773 4345 11
1792 4290 1851 4360 ete
1875 4293 1928 4363 mii

326 4366 393 4420 εἴασε
417 4369 446 4422 τὸ
467 4366 543 4437 ἐστὶν,
558 4370 613 4424 οῦδὲ
629 4377 845 4446 καταμαρτυρήσας
859 4379 907 4429 τῶν
924 4374 951 4428 οὗ
965 4378 1101 4448 παρόντων·
1158 4368 1243 4438 ἑαυτῆς
1262 4372 1361 4444 κυρίως,
1377 4373 1417 4426 mi
1432 4371 1567 4443 ἔπῑῦῖητῶς
1589 4373 1758 4446 ἆπθφαίνῡῑῒῦ·
2000 4410 2001 4419 ¹

326 4443 391 4518 οίον,
406 4448 430 4506 oi
442 4451 474 4524 μή
489 4451 608 4528 ἐπιστήμῃ
624 4456 679 4518 τοθς
695 4455 806 4520 ἐπαίνους
821 4458 972 4529 ποιούμενοι,
984 4458 1009 4512 oi
1031 4458 1102 4514 ἔλατ·
1192 4473 1207 4513 c
1227 4456 1298 4514 lbid.
1325 4456 1453 4531 Ὑμνοῦσιν
1475 4458 1547 4514 αὐτόν
1570 4461 1708 4533 κυριώτατα
1730 4458 1771 4512 bric
1783 4462 1827 4527 τῆς
1837 4461 1931 4512 πάντων

325 4539 394 4588 τοῦσι
406 4535 450 4604 τήν
462 4542 511 4590 τῶν
524 4536 701 4611 ἐπαινουμένων
714 4539 796 4606 δόξαν,
814 4543 979 4614 προστιθέντες
993 4543 1074 4606 αὐτοῖς
1088 4545 1103 4597 ἃ
1156 4546 1294 4599 τῶνόντων
1308 4546 1465 4618 ἀφαιρέσεως,
1478 4550 1551 4601 τοῦτο
1568 4546 1675 4617 ἀληθῶς,
1696 4546 1737 4600 καὶ
1750 4544 1874 4619 ῦπερρυῶς
1891 4542 1931 4597 il·

324 4621 368 4685 τῆς
392 4616 460 4681 ἀξίας
473 4618 538 4674 ἔστιν
552 4619 659 4689 ἐλάττω,
673 4623 820 4696 ἀποροῦντες
833 4624 931 4694 ἀληθεῖς
957 4624 1033 4680 elusis
1046 4631 1102 4701 περὶ
1156 4624 1303 4701 λαμρθέντες
1316 4627 1342 4682 iz
1356 4634 1398 4697 τῆς
1412 4630 1472 4703 πρός
1486 4630 1545 4686 αὐτό
1559 4632 1743 4706 μακαριωτάτης
1757 4630 1877 4696 ίνώσεως,
1891 4631 1930 4683 ὅτι

322 4705 372 4753 τῶν
386 4700 549 4775 θποκειμένων
570 4709 709 4779 προσώπων
735 4710 792 4773 τοῦς
809 4712 908 4783 λόγους·
933 4712 973 4765 καί
996 4707 1039 4765 οῦν
1061 4714 1101 4766 καί
1156 4713 1252 4766 πάντων
1274 4712 1316 4785 μέν
1340 4710 1390 4768 ἔστι
1404 4720 1452 4768 τῶν
1480 4716 1557 4770 όντων
1576 4714 1668 4782 αἴτιον,
1682 4715 1743 4770 cirri>
1761 4708 1788 4769 bi
1805 4712 1884 4779 αὐθθν,
1898 4712 1931 4775 ὣς

321 4787 393 4858 ήμείς
409 4786 483 4859 μηδὲν
511 4794 559 4843 τῶν
573 4788 691 4864 ῦστέρων,
707 4794 747 4846 καί
764 4792 901 4849 ἐλαττόνων
920 4798 1098 4870 προστιθῶμεν·
1155 4797 1252 4850 πάντων
1265 4796 1414 4870 ῦπερουσίως
1428 4794 1582 4871 ἐξῃρημένον·
1603 4800 1647 4869 τήν
1664 4798 1707 4872 μὲν
1722 4793 1765 4853 οῦν
1786 4798 1929 4870 θπερουσιό-

321 4868 378 4923 ἀλλ’
392 4872 425 4934 ὼς
448 4871 508 4946 θπὲρ
528 4878 604 4928 ταῦτα
618 4872 661 4927 ἰὼν
676 4874 777 4945 ἐκεῖνος,
791 4878 883 4933 τούτων
896 4878 982 4948 αίτιος,
994 4878 1021 4954 ή,
1037 4878 1100 4935 ἀλλὰ
1154 4900 1216 4949 τητα
1227 4880 1271 4949 τήν
1285 4882 1425 4954 θεαρχικήν,
1440 4880 1454 4935 θ
1467 4902 1491 4935 τι
1511 4883 1570 4936 ποτέ
1592 4881 1656 4938 ἔστιν
1679 4885 1694 4952 ή
1714 4888 1758 4951 τῆς
1781 4882 1930 4955 θπεραγαθό-

322 4954 355 5025 μή
366 4955 438 5018 etri<
451 4960 534 5012 ταῦτα.
1154 4984 1227 5034 τήτος
1245 4964 1413 5037 θπερῦπαρξις,
1433 4965 1489 5020 οὔτε
1508 4966 1541 5028 ὡς
1556 4966 1642 5039 λόγον,
1661 4968 1677 5035 l,
1699 4967 1810 5040 δύναμιν,
1825 4965 1880 5019 οὔτε
1900 4966 1934 5027 ὡς

358 5042 464 5099 θῦιοτι.
485 5041 636 5116 Ὕπίρτιειται
650 5048 699 5098 τῶν
718 5040 807 5098 οῦσιῶν
832 5047 847 5114 ή
871 5044 1015 5118 θπεροῦσιος
1031 5048 1098 5121 ἀορι-
1153 5054 1220 5117 νοῦν,
1234 5050 1248 5117 θ,
1263 5049 1340 5118 ζωήν,
1354 5048 1369 5117 θ,
1385 5048 1468 5104 οῦσίαν
1489 5049 1796 5124 θμνήσαιθεμιτθνοῦδενὶ
1810 5055 1858 5104 τῶν
1878 5052 1934 5103 ὅσοι

320 5123 386 5177 στία·
400 5127 439 5180 καί
454 5130 504 5182 τῶν
518 5133 582 5181 νοῶν
599 5128 614 5196 ή
629 5126 690 5201 θπέρ
704 5131 759 5182 νοῦν
775 5128 869 5198 ἑνότης,
888 5130 927 5183 καὶ
948 5132 1035 5193 πόσαις
1049 5134 1100 5185 δια·
1152 5140 1195 5203 τῆς
1209 5133 1269 5207 {rzip
1283 5137 1361 5188 uriom
1375 5133 1488 5203 ἀλήθειαν
1500 5135 1613 5205 ἀληθείας
1626 5133 1687 5188 εἰσίν
1702 5134 1811 5208 ἐρασταί·
1830 5132 1887 5187 ἀλλ’
1899 5134 1934 5195 ὡς

317 5209 393 5271 νοίαις
406 5211 556 5281 ἀδιανόήτόν
582 5212 633 5268 ἐστι
644 5214 673 5268 τό
694 5213 753 5288 ὑπὲρ
771 5216 877 5268 διάνοιαν
896 5214 931 5268 ἕν·
947 5214 1053 5288 ἀῤῥήτόν
1073 5238 1099 5272 τε
1153 5221 1230 5286 πόσης
1253 5217 1336 5284 ἕξεως,
1354 5220 1481 5286 κινήσεως,
1497 5220 1571 5287 ζωῆς,
1585 5216 1729 5290 φαντασίας,
1743 5218 1824 5287 ὃόξής,
1838 5217 1932 5289 ὀνόμα-

316 5291 387 5363 λόγῳ
401 5296 513 5349 παντιτθ
529 5295 588 5369 θπὲρ
602 5298 677 5369 λόγον
696 5299 796 5371 ἀγαθόν·
815 5298 867 5362 ivise
882 5298 992 5363 ἓνοποιός
1006 5301 1099 5370 ἁπάσης
1153 5323 1204 5369 τος,
1230 5303 1316 5375 λόγου,
1341 5301 1458 5367 διανοίας,
1482 5305 1600 5370 νοήσεως,
1614 5302 1709 5367 οῦσίας,
1729 5302 1841 5371 στάσεως,
1862 5300 1932 5372 [dp-i·

317 5372 460 5438 trement
470 5376 609 5450 θπεροόσιος
623 5380 703 5447 οῦσία,
713 5384 753 5435 καὶ
768 5391 822 5445 νοῦς
837 5382 950 5451 ἀνόητος,
964 5385 1005 5435 καὶ
1016 5384 1092 5456 λόγος
1152 5407 1224 5451 σεως,
1246 5386 1365 5452 ἓνώσεως,
1382 5388 1496 5458 πέρατος,
1518 5387 1639 5461 ἀπειρίας,
1658 5388 1783 5453 ἁπάντων,
1807 5391 1850 5443 boa
1872 5387 1936 5439 ὄντα

314 5456 429 5533 ἄρῤήτος,
442 5461 542 5539 ἀλογία,
555 5464 595 5516 οιαὶ
609 5463 721 5537 ἀνοήσία,
735 5467 775 5519 καί
790 5466 924 5543 ἀνωνυμία,
937 5467 1002 5522 πατὰ
1017 5468 1092 5540 μηδὲν
1146 5462 1225 5537 ἐστὶν,
1242 5469 1398 5542 θπεροχιαῶς
1412 5469 1583 5542 ἀρήρημίνην,
