3952 6170
833 407 1158 483 Tutatoalcoauu
1184 404 1414 468 DOGMATUM.

500 747 680 829 CAPUT
711 745 924 829 PRIMUM

326 1024 372 1087 De
385 1025 579 1107 iutelliqauia
592 1024 651 1086 Dei
662 1026 723 1087 siae
735 1025 859 1086 scientio
871 1031 925 1085 aut
938 1020 1094 1103 sapientia.

367 1117 447 1179 Eam
460 1117 519 1179 Dei
528 1119 656 1179 manime
668 1137 725 1180 esse
739 1117 903 1198 propriam.
922 1112 1097 1196 Cujusatadi

367 1208 421 1269 illa
438 1211 487 1271 sit.
511 1209 645 1291 Quinque
663 1209 747 1271 illius
774 1208 851 1269 dates
871 1213 1093 1289 proponuntur,

365 1320 493 1382 quarum
518 1302 623 1382 priora
655 1301 710 1364 bac
738 1302 770 1362 ia
795 1300 890 1382 capite
915 1298 1093 1364 declaratur,

366 1412 468 1476 aaope
484 1413 543 1455 aaa
557 1413 614 1455 esse
627 1393 745 1475 aliquid
755 1392 866 1453 diviua
877 1390 1009 1454 addetum
1027 1388 1095 1451 sub·

366 1487 495 1556 stantia,
512 1485 561 1549 sed
575 1487 728 1568 ipsammet
740 1484 942 1547 substantiam.

367 1671 390 1732 1.
413 1671 640 1750 Proprietatum
653 1669 788 1745 illaruru,
804 1686 882 1747 quas
893 1668 932 1728 de
941 1667 1004 1728 Deo
1017 1664 1097 1726 affir-

326 1763 441 1824 mando
461 1763 603 1840 dicimus,
621 1763 872 1843 explicandarum
889 1759 1014 1820 initium
1033 1775 1097 1819 me

326 1850 1096 1934 ritoabintelligentiadncemusetscientia,quod

326 1944 393 2007 boec
421 1946 588 2007 divinitatis
620 1952 693 2007 nota
723 1946 879 2026 praecipua
901 1943 1096 2022 maximeque

326 2038 389 2098 Deo
418 2056 593 2117 congruens
613 2037 732 2117 judicio
753 2038 929 2118 sapientum
950 2035 1094 2098 babetur.

326 2130 444 2190 Scitum
472 2130 549 2191 illud
571 2136 617 2191 est
651 2131 787 2210 Synesii,
814 2129 937 2191 tamem
970 2127 1097 2208 poeticis

325 2221 546 2284 adumbratum
569 2221 692 2297 tabulis,
713 2224 748 2282 in
773 2222 852 2283 libro
873 2218 908 2281 de
925 2218 1093 2287 Iasomuir's,

325 2314 424 2391 ipsam
435 2313 532 2375 veluti
543 2313 746 2374 substantiam
760 2312 928 2373 divinitatis
937 2311 970 2370 in
982 2311 1096 2371 intelli·

324 2405 430 2481 gentis
448 2423 512 2466 esse
525 2406 628 2480 sitam,
644 2404 802 2465 actorem
816 2403 928 2463 idcirco
945 2402 1003 2463 diis
1013 2408 1098 2464 ante

324 2495 425 2558 latum
449 2515 513 2559 esse
540 2496 657 2559 ceteris
688 2501 720 2556 et
751 2513 861 2556 eorum
890 2513 955 2557 esse
981 2494 1098 2556 tactum

324 2605 443 2667 regem,
459 2588 543 2668 quod
556 2593 591 2648 ut
605 2592 694 2648 aetate
709 2586 778 2647 illos
789 2586 936 2663 anteibat,
946 2587 989 2647 ita
1003 2587 1097 2651 etiam

324 2680 462 2742 scientia.
480 2702 495 2739 u
511 2680 591 2741 Hinc
603 2679 687 2759 apud
700 2680 883 2755 Homerum,
899 2680 1011 2759 inquit,
1022 2679 1096 2741 deo-

324 2790 396 2833 rum
408 2789 457 2834 res
468 2772 553 2834 iovis
564 2790 603 2832 ex
616 2771 742 2833 arbitrio
755 2770 902 2850 pendent,
913 2771 996 2852 quod

424 2990 464 3001 -
479 2957 560 3018 Natu
568 2934 608 3017 sit
616 2955 728 3035 major,
741 2955 892 3036 pluraque
902 2955 996 3016 norit.

325 3140 442 3220 Nempe
462 3140 532 3201 ideo
547 3141 632 3219 qnod
647 3146 723 3200 nato
736 3138 775 3199 sit
787 3138 946 3217 grandior.
966 3138 1014 3199 Ad
1036 3138 1096 3199 hoc

324 3232 410 3292 enim
423 3232 520 3292 aetatis
533 3231 727 3291 mentionem
738 3230 871 3292 arbitror
885 3230 1039 3311 pertinere
1048 3230 1096 3291 bis

1152 593 1168 629 o
1183 570 1316 632 Scientia
1329 570 1396 650 ipsa
1409 574 1440 630 et
1452 566 1596 629 universe
1607 562 1798 644 cognoscendi
1807 562 1877 623 beol-

1146 669 1209 724 tate
1228 665 1327 724 Deum
1345 662 1384 723 ab
1397 662 1537 735 homine,
1553 665 1585 720 et
1603 657 1757 719 bominem
1774 655 1878 716 abluo

1146 754 1330 835 discrepare.
1346 756 1465 815 Verum
1484 754 1547 814 Deo
1564 749 1689 831 quidem
1706 748 1743 809 ad
1758 748 1878 826 cognitio

1146 864 1232 923 nem,
1248 854 1394 908 naborem
1408 842 1578 907 sufficeret.
1595 864 1610 901 ο
1634 844 1670 904 ln
1683 858 1743 921 quo
1755 840 1879 901 insuat

1146 944 1305 1016 consonat,
1335 939 1390 1019 qui
1411 939 1513 1017 majus
1538 935 1684 1016 quiddam
1708 938 1738 993 et
1763 931 1878 1005 dumos,

1145 1048 1241 1109 ιγιιιιιτι
1258 1051 1315 1113 pro
1335 1030 1472 1093 hominis
1493 1035 1596 1111 captu,
1611 1042 1761 1089 summam
1778 1042 1833 1085 eme
1844 1042 1879 1085 sa-

1145 1123 1294 1202 pientiam
1312 1124 1412 1199 docet,
1434 1123 1494 1183 hoc
1514 1127 1560 1182 est
1582 1136 1687 1182 rerum
1704 1137 1741 1179 ex
1759 1117 1882 1197 supremis

1145 1212 1455 1292 caruisaeprineipiis
1466 1212 1630 1273 deductam
1638 1208 1798 1281 scientiam,
1810 1222 1881 1285 pon

1144 1304 1331 1382 peculiarem
1339 1304 1394 1365 Dei
1403 1304 1627 1382 possessionem
1636 1305 1667 1361 et
1675 1299 1739 1379 ejus
1750 1299 1808 1359 sine
1817 1314 1880 1358 con-

1145 1396 1275 1473 petitore
1294 1396 1457 1476 proprium
1480 1394 1574 1456 decus
1595 1392 1737 1473 appellat,
1754 1389 1881 1451 Simonide

1144 1485 1240 1548 fretus
1260 1492 1417 1548 auctorat
1432 1489 1530 1560 Quem
1542 1487 1647 1548 locum
1671 1486 1714 1546 sic
1737 1481 1882 1543 enarratio

1144 1577 1274 1640 Sctoliie
1292 1579 1449 1661 Asclepius
1463 1579 1616 1659 interpres
1632 1598 1640 1638 ι
1658 1598 1673 1635 o
1688 1575 1781 1650 Quod,
1795 1574 1881 1653 inquit

1144 1670 1204 1731 boo
1229 1671 1378 1732 eximium
1399 1671 1493 1733 decus
1514 1671 1597 1732 solus
1618 1669 1712 1730 babet
1724 1669 1808 1742 Deus,
1821 1682 1883 1726 uror

1144 1781 1230 1824 mam
1242 1782 1353 1825 eorum
1366 1781 1436 1844 quae
1453 1764 1493 1825 ad
1515 1781 1547 1824 se
1562 1762 1728 1844 pertinent,
1743 1759 1882 1830 scienb‘an,

1145 1854 1174 1915 ei
1185 1857 1385 1935 proportione
1399 1856 1637 1936 respondentem
1650 1852 1677 1913 ί.
1694 1875 1709 1911 ιι
1725 1852 1766 1914 Αο
1781 1849 1883 1912 subinde

1144 1947 1338 2027 coguitionem
1351 1947 1661 2028 vooatperfeetiouem
1671 1955 1695 2006 θ.

1186 2039 1224 2099 ll.
1246 2041 1309 2100 Nec
1322 2039 1477 2100 minusad
1490 2057 1559 2100 rem
1566 2038 1638 2100 facit
1651 2035 1735 2117 qnod
1747 2036 1779 2095 in
1790 2032 1883 2094 decim

1145 2130 1403 2192 Nicomacbiorum
1432 2132 1516 2193 idem
1542 2130 1721 2192 Aristoteles
1742 2123 1882 2206 explicat

1146 2223 1226 2284 Nam
1240 2224 1295 2285 Dei
1305 2224 1402 2284 vitam
1424 2230 1455 2285 et
1474 2222 1652 2284 felicitatem
1670 2222 1745 2282 adeo
1764 2216 1883 2299 ipsanio

1146 2315 1266 2377 actione
1283 2315 1373 2376 docet
1386 2314 1562 2390 consistere,
1577 2332 1643 2375 non
1658 2312 1775 2373 virtutis
1785 2310 1885 2387 alicujus
1946 2348 1947 2351 κ

1146 2407 1283 2483 moralis,
1295 2407 1350 2469 sed
1370 2406 1483 2470 mentis
1503 2403 1820 2485 contemplationisque
1836 2418 1885 2480 per

1146 2504 1258 2578 petuae.
1285 2522 1301 2558 o
1322 2498 1541 2575 Quamobrem,
1563 2498 1606 2559 ait
1624 2499 1660 2558 in
1678 2503 1781 2558 oetam
1800 2494 1884 2573 sapiu,

1147 2591 1202 2652 Dei
1215 2592 1374 2652 actiacum
1383 2590 1574 2652 beatitudine
1583 2594 1720 2670 praestet,
1732 2583 1885 2664 contempla·

1145 2681 1209 2743 tiva
1220 2683 1279 2745 erit
1290 2689 1369 2744 etex
1381 2682 1527 2743 humanis
1541 2700 1578 2743 ea
1590 2682 1651 2742 erit
1663 2680 1825 2742 febriaima
1834 2679 1885 2756 qua

1145 2772 1593 2853 hmcmaxtmeestoognatat.
1608 2794 1624 2831 ιι
1638 2768 1886 2848 Tuminsequeoti

1145 2867 1244 2947 capite
1258 2887 1266 2928 :
1286 2868 1372 2941 «Qui
1386 2870 1492 2929 mente
1506 2870 1654 2945 operatur
1668 2872 1700 2927 et
1711 2881 1778 2926 eam
1790 2859 1885 2929 excolit,

1144 2958 1253 3019 iseum
1271 2959 1387 3039 optime
1407 2956 1543 3032 effecum,
1556 2962 1628 3018 tum
1646 2958 1711 3018 Deo
1724 2952 1886 3016 charissimis

1145 3050 1267 3111 videtin
1280 3068 1356 3112 esse.
1374 3051 1454 3111 Nam
1473 3050 1500 3110 si
1519 3067 1582 3129 que
1599 3067 1677 3110 cura
1689 3046 1886 3109 recumbunt·

1144 3159 1259 3204 narum
1284 3160 1380 3221 penes
1406 3141 1480 3202 deos
1505 3147 1562 3216 est,
1590 3140 1767 3220 cuiusmodi
1788 3138 1887 3216 apparet

1144 3251 1221 3309 esse,
1236 3234 1331 3294 etiam
1344 3233 1457 3294 rationi
1478 3238 1726 3294 consentaneum
1741 3236 1784 3292 est
1798 3247 1829 3290 eo
1838 3228 1886 3305 ipso

324 3321 357 3382 in
378 3323 528 3399 semibus,
544 3322 628 3403 quod
647 3340 703 3402 pro
726 3323 874 3403 temporis
895 3322 1096 3386 diutiunitate
1144 3326 1289 3388 delectari
1301 3325 1371 3386 illos
1382 3324 1467 3404 quod
1479 3324 1636 3404 optimum
1647 3324 1698 3399 sit,
1706 3319 1886 3402 imprimisque

324 3432 414 3476 nosse
428 3414 518 3495 plura
530 3415 698 3494 contingat,
713 3433 809 3494 quare
823 3415 958 3495 cognitio
970 3415 1037 3495 ipsa
1049 3414 1094 3475 ta-
1144 3417 1203 3479 sibi
1220 3422 1388 3498 cognatum
1406 3436 1414 3477 :
1429 3415 1499 3477 talis
1520 3434 1594 3477 vero
1608 3433 1702 3477 mens
1720 3420 1774 3489 est,
1792 3425 1886 3474 necnon

325 3507 381 3569 cile
394 3508 511 3568 caetens
520 3507 665 3569 omnibus
675 3507 830 3568 antecellit
840 3517 867 3568 α.
876 3528 891 3564 o
907 3506 980 3567 Mox
991 3506 1093 3567 addit:
1145 3510 1199 3589 qui
1214 3509 1292 3571 illud
1306 3508 1441 3570 maxime
1451 3513 1558 3569 amant
1571 3513 1602 3569 et
1614 3507 1651 3568 in
1661 3502 1885 3569 nenorensem,

328 3620 344 3657 o
357 3601 522 3679 Propterea
530 3605 561 3661 et
573 3599 694 3678 sapiens
707 3618 780 3660 cum
793 3600 856 3659 Deo
871 3599 1096 3660 necessitudine
1145 3601 1295 3663 beneficio
1315 3600 1449 3662 vicissim
1470 3599 1603 3676 afficere,
1624 3605 1775 3679 tanquam
1790 3588 1887 3671 eosqui

324 3690 459 3769 qoradam
491 3692 673 3770 conjunctus
706 3696 770 3770 est,
804 3691 889 3770 quod
922 3692 1097 3770 cognitione
1145 3693 1302 3773 quaeipsis
1322 3693 1422 3754 amica
1435 3697 1519 3768 sunt,
1533 3708 1645 3753 aarum
1659 3686 1838 3770 cumprimis
1850 3700 1887 3744 ω·

324 3782 465 3862 proxime
488 3783 528 3844 ad
549 3802 623 3844 eum
649 3788 779 3844 conatur
805 3783 949 3844 accedere
969 3787 1000 3842 et
1017 3783 1096 3844 circe
1145 3802 1214 3845 ram
1228 3791 1405 3863 geminii.»

324 3874 559 3954 intelligentiam
582 3881 759 3955 occupatur,
786 3893 856 3955 quse
882 3880 929 3935 est
952 3874 1018 3954 ipsa
1042 3875 1097 3936 Dei
1186 3877 1273 3937 Hanc
1290 3894 1364 3937 vero
1383 3875 1543 3937 scientiam
1561 3892 1597 3935 ac
1617 3874 1668 3935 sui
1680 3888 1834 3950 rerumque
1849 3882 1888 3926 aa

324 3967 503 4028 substantia.
519 3988 535 4025 o
553 3967 625 4028 Haec
639 3968 797 4048 synesius,
814 3965 953 4046 equibus
963 3965 1040 4026 illud
1051 3973 1097 4029 est
1145 3973 1283 4030 ararum
1305 3967 1448 4028 notitam
1468 3984 1563 4029 nemo
1581 3965 1642 4026 nisi
1655 3970 1789 4027 exbeme
1807 3973 1889 4022 amens

324 4059 528 4138 potissimum,
555 4060 641 4139 quod
664 4058 869 4139 intelligentia
887 4058 931 4118 ait
953 4064 1095 4134 οισιῶσθω,
1145 4058 1361 4139 denegandam
1385 4075 1451 4120 esse
1473 4059 1537 4119 Deo
1572 4058 1697 4119 sentiat.
1722 4055 1838 4117 Facilius
1856 4051 1889 4109 est

324 4150 384 4211 boo
396 4156 452 4227 est,
466 4150 669 4219 substantiari,
686 4158 721 4211 ut
733 4152 777 4212 sic
785 4151 906 4230 loquar,
922 4151 1033 4213 Deum.
1044 4152 1098 4213 Est
1146 4152 1231 4214 enim
1251 4156 1288 4214 ut
1301 4151 1494 4215 divinitatem
1509 4148 1652 4213 bmditus
1664 4156 1889 4223 omemnegm

326 4247 357 4303 et
371 4242 431 4305 hoc
448 4242 632 4324 praeclarum
647 4242 731 4322 quod
743 4242 838 4323 paulo
858 4248 930 4304 ante
950 4242 1071 4324 scripsit
1086 4262 1094 4306 ι
1146 4243 1258 4326 aliquis
1273 4242 1395 4320 audeat,
1410 4247 1553 4325 quamut
1566 4259 1636 4305 eam
1647 4241 1854 4321 intelligentem
1863 4247 1889 4295 tt

363 4484 384 4524 a
401 4469 497 4524 Stans.
512 4468 573 4524 init.
589 4469 638 4523 lib.
651 4467 875 4524 armamaxas
893 4467 1001 4542 Ὁμήρῳ
1015 4470 1099 4543 steps
1148 4471 1281 4543 δυνάμεως,
1291 4470 1380 4533 dedere
1396 4467 1534 4541 ἀνθρώπου,
1553 4468 1595 4521 καί
1618 4458 1889 4541 memorareris

327 4550 367 4605 διὰ
380 4555 454 4605 τοῦτο
476 4554 519 4618 τῆς
543 4554 587 4604 τοῦ
610 4550 666 4614 Διὸς
686 4551 786 4623 γνώμης
805 4549 904 4618 ἐξῆπται
924 4551 957 4606 τὰ
971 4558 1021 4607 τῶν
1035 4553 1100 4608 θεῶν
1149 4554 1211 4626 ρίου·
1227 4552 1293 4607 ἀλλὰ
1306 4553 1354 4625 θεῷ
1369 4552 1413 4625 μίν
1426 4551 1459 4614 εἰς
1473 4552 1503 4607 τὸ
1514 4552 1644 4623 γινιίισιιιιν
1657 4550 1674 4619 ἡ
1689 4552 1758 4623 piore
1770 4548 1836 4621 ίριιΐ.

1185 4654 1200 4693 ο
1218 4639 1309 4692 tarso.
1321 4634 1370 4692 lib.
1387 4636 1409 4690 1.
1425 4633 1557 4708 Metaplr.
1577 4633 1622 4688 aa
1643 4634 1687 4687 καί
1709 4632 1802 4693 δικαίως
1820 4622 1889 4682 aa

559 4718 711 4788 -πρότερος
723 4716 833 4788 γέγονεν,
1148 4719 1285 4793 ἀνθρωπίνη
1294 4718 1422 4791 νομίζοιτο
1445 4716 1543 4785 uitiari)
1557 4717 1643 4781 κτίσις·
1660 4719 1726 4773 ὥστε
1738 4714 1795 4770 rard
1807 4707 1889 4782 apst-

506 4797 546 4851 τισί
558 4798 662 4852 πλείονα
671 4792 748 4853 οίδεν.
1148 4803 1203 4871 δην,
1217 4802 1270 4863 θεὸς
1282 4803 1311 4854 ἂν
1322 4803 1396 4874 μόνος
1409 4803 1483 4856 τοῦτο
1497 4799 1553 4873 ipos
1567 4798 1597 4855 τί
1607 4800 1689 4872 ripae.

328 4881 396 4955 αίτῷ
409 4883 488 4951 δήπου
498 4886 535 4953 τῷ
550 4881 711 4954 πρισὸίτιρος
724 4876 795 4934 εἶναι·
810 4883 850 4936 καί
864 4882 911 4955 γὰρ
940 4883 983 4952 τὴν
1003 4882 1099 4951 ἠλικίαν
1183 4884 1205 4939 (ί
1224 4883 1335 4941 Aeetes.
1355 4882 1417 4938 Ὅτι
1426 4886 1501 4937 τοῦτο
1511 4882 1649 4955 τδγίραςὸ
1667 4882 1721 4945 θεὸς
1731 4870 1889 4955 μίνοςίχιιῐίίί

329 4964 361 5028 τίς
370 4970 444 5020 τοῦτο
458 4958 530 5036 οἶμαι
545 4964 675 5017 συντείνειν
694 4966 748 5027 τοῖς
761 4964 854 5036 ἔπεσιν,
869 4966 908 5019 ὅτι
923 4964 1048 5037 capiulre
1060 4964 1101 5018 διὰ
1149 4965 1223 5039 ὤιροιν
1238 4965 1373 5038 ἐπιστήμην
1382 4965 1426 5033 τὴν
1435 4964 1488 5018 καθ’
1503 4963 1586 5028 ιτίιτδν,
1601 4965 1741 5039 σύμμετρον
1753 4962 1821 5033 citit·

329 5049 370 5102 τὸν
393 5050 483 5121 χρόνον
511 5047 588 5101 πλείω
614 5049 753 5119 γινώσκειν·
778 5045 793 5116 ἢ
823 5048 871 5120 ἄρα
893 5048 921 5101 τὸ
937 5050 1099 5121 τιμιώτατον.
1184 5064 1199 5105 e
1218 5051 1290 5106 Mox.
1315 5047 1352 5102 ‘fl
1366 5051 1458 5119 γνῶσις
1465 5048 1589 5116 mering
1601 5046 1662 5103 ἔστί.

332 5130 395 5186 Mox
409 5150 416 5185 τ
429 5130 475 5184 Διὰ
491 5134 565 5184 τοῦτο
579 5130 619 5182 καί
633 5130 647 5183 ὁ
666 5129 741 5199 σορὸς
755 5129 843 5194 clusio<
856 5132 914 5202 θεῷ,
935 5132 973 5185 ὅτι
987 5132 1101 5202 πειρᾶται
1186 5131 1206 5205 f
1220 5134 1310 5188 datar.
1329 5129 1410 5184 Ὥστε
1427 5126 1444 5197 ἡ
1470 5135 1514 5183 τοῦ
1541 5130 1597 5184 θεοῦ
1625 5129 1734 5202 ἐνέργεια
1760 5125 1890 5201 pompm

330 5214 443 5283 σύνεγγυς
455 5208 556 5286 είναιτῇ
569 5212 718 5283 pausarat
730 5212 927 5284 amputatrice
937 5213 993 5286 πιρί
1005 5214 1100 5281 νόησιν,
1149 5214 1303 5286 διαφέρουσα,
1316 5212 1449 5285 θεωρητικὴ
1465 5214 1495 5264 ἂν
1506 5210 1555 5280 τίη·
1572 5212 1613 5266 aul
1625 5218 1677 5266 τῶν
1692 5209 1837 5285 ἀνθρωπίνων
1847 5202 1869 5260 ίί
1877 5200 1890 5268 ί

338 5289 385 5366 fieb
398 5296 461 5348 θεῖον
476 5294 603 5348 οὗοίωτσιι.
1150 5296 1224 5370 ταύτῃ
1235 5296 1426 5369 συγγινεστάτρ,
1441 5292 1675 5367 εὔδαιμονοιωτότνγ.

367 5375 384 5431 ί)
402 5375 443 5432 Id.
462 5377 503 5448 Τῷ
516 5375 616 5449 μὲνγὰρ
631 5375 727 5441 εἰδέναι,
737 5376 777 5429 καί
791 5377 855 5440 ὅλως
868 5382 904 5449 τῷ
920 5382 1049 5450 γνωστικῷ
1059 5380 1102 5446 τῆς
1186 5395 1206 5451 q
1224 5378 1294 5436 lbid.
1314 5376 1349 5432 ‘0
1360 5375 1457 5432 δὲκστίι
1474 5381 1531 5431 νοῦν
1551 5374 1670 5450 ἐνεργῶν,
1684 5376 1724 5431 καί
1743 5380 1821 5430 τοῦτον
1836 5370 1891 5441 brt·

328 4634 470 4707 πράγματα,
487 4634 526 4687 ὅτι

358 5590 370 5635 t
382 5588 437 5650 asp.
449 5600 500 5637 nn.
512 5598 534 5636 σι
546 5602 577 5634 ιι.
