4030 6204
336 358 396 419 480
848 357 1173 419 THEOLOGICORUM
1193 358 1410 419 DOGMATUM

337 521 381 583 aie
392 522 424 582 in
439 523 501 583 Deo
515 523 724 599 constitueret,
735 523 782 584 uti
795 524 948 584 transiens
961 522 1108 601 quiddam
1157 541 1229 583 cum
1242 522 1368 584 interim
1390 522 1490 603 reipsa
1506 523 1733 603 distinguantur
1750 545 1769 586 a
1787 525 1897 604 subjecta

337 613 387 688 sit,
409 615 600 694 minimeque
620 615 798 691 subsistens,
821 615 905 694 quod
930 614 1108 675 substantias
1156 614 1337 675 substantia.

337 706 463 766 aecidat.
486 707 580 786 Atqui
600 707 693 787 paulo
713 713 784 787 post
800 726 866 767 non
879 706 963 767 idem
976 724 1041 766 esse
1056 705 1108 766 Dei
1198 708 1248 766 iii.
1272 707 1416 785 Ejusdem
1429 708 1583 786 opinionis
1596 708 1726 787 suspicio
1739 710 1902 788 penesbesi·
1921 734 1984 793 rer,

337 797 552 873 substantiam,
575 805 607 859 et
632 799 799 859 voluntatis
820 800 974 859 actionem
999 799 1110 877 probat
1157 798 1233 861 lium
1257 800 1405 878 Magnum
1428 800 1551 876 residet,
1579 819 1674 879 quem
1699 802 1841 880 Georgius
1863 802 1904 861 Pa·

337 890 379 949 sie
395 908 401 948 :
420 911 435 947 ο
449 891 718 964 Quemadmodum
731 892 851 952 moveri
864 896 967 952 motus
980 895 1026 951 est
1038 908 1110 969 ope
1157 889 1318 970 chymeres
1331 891 1436 952 laudat
1446 892 1479 952 in
1492 893 1674 971 paraphrasi
1682 893 1722 953 ad
1736 898 1825 972 eaput
1834 895 1904 971 quin
1988 950 1989 953 ,

337 981 428 1057 ratio,
444 982 486 1043 sie
495 982 578 1044 'velle
592 983 759 1044 voluntatis
773 990 818 1044 est
830 983 978 1063 operatio,
994 987 1025 1043 et
1038 1000 1107 1061 quae
1156 986 1224 1042 tum
1247 982 1318 1042 libri
1340 982 1375 1043 de
1395 983 1513 1044 Divinis
1531 984 1706 1046 nominibus.
1732 986 1902 1060 conedam,

337 1073 510 1135 differentia
527 1081 574 1135 est
590 1076 736 1155 potentie
753 1076 792 1136 ad
806 1082 920 1151 aetum,
940 1076 1048 1135 eadem
1063 1079 1108 1134 est
1156 1074 1268 1154 inquit,
1283 1075 1408 1136 initium
1424 1076 1572 1137 habentia
1587 1076 1683 1137 finem
1703 1096 1768 1138 non
1786 1078 1901 1138 habent:

338 1166 503 1227 voluntatis
522 1167 562 1227 ad
578 1168 681 1246 ipsum
700 1168 790 1229 velle.
816 1169 896 1229 Fieri
919 1173 1108 1228 autemnon
1157 1167 1301 1245 quaedam
1322 1168 1447 1228 initium
1465 1169 1581 1230 babent
1601 1175 1633 1230 et
1651 1169 1762 1244 finem;
1777 1169 1904 1230 nonnulis

339 1263 448 1336 potest,
463 1263 499 1319 ut
511 1258 590 1319 velle
602 1260 728 1338 quidem
742 1279 760 1320 a
772 1260 930 1321 voluntate
943 1259 1074 1333 differat,
1090 1277 1110 1319 a
1157 1277 1231 1320 vero
1241 1265 1325 1335 sunt,
1341 1278 1411 1338 quae
1421 1260 1547 1321 initium
1556 1280 1621 1322 non
1631 1261 1758 1336 habent,
1770 1261 1820 1321 sed
1828 1260 1903 1321 tinem

338 1350 461 1411 volente
468 1369 543 1411 vero
550 1369 614 1411 non
623 1351 753 1412 differat.
763 1352 851 1425 Quod
858 1352 883 1410 si
894 1351 980 1411 nulla
988 1350 1108 1411 ratione
1156 1350 1273 1412 habent
1289 1371 1296 1411 :
1313 1352 1576 1430 quemadmodum
1596 1357 1628 1412 et
1652 1371 1785 1431 magnus
1801 1352 1905 1412 Basilia

338 1440 405 1501 fieri
418 1446 530 1521 potest,
547 1447 582 1503 ut
600 1442 683 1504 idem
697 1443 736 1503 sit
748 1444 838 1519 veile,
857 1463 893 1503 ae
909 1443 1063 1517 voluntas,
1079 1447 1110 1502 et
1158 1441 1289 1517 disserit,
1305 1442 1434 1522 loquens
1449 1444 1487 1503 de
1501 1444 1613 1504 divinis
1626 1445 1843 1513 voluntatibus,
1856 1445 1905 1523 qai

338 1534 461 1609 volens;
476 1535 675 1614 perspicuum
690 1541 746 1611 est,
762 1537 816 1615 qui
831 1555 850 1596 a
863 1538 937 1611 Deo,
954 1540 985 1596 et
997 1534 1108 1595 volun·
1157 1532 1216 1594 bus
1241 1536 1395 1595 mundum
1423 1536 1618 1597 Protidentia
1645 1537 1826 1616 gubernat:
1852 1556 1906 1615 qua
1989 1606 1990 1625 ¹

338 1629 400 1686 tate
412 1626 496 1687 aliud
512 1626 700 1705 atqueaiiud
713 1635 864 1708 segregat,
878 1646 951 1689 eum
963 1626 1108 1688 differen-
1158 1627 1284 1705 quidem
1297 1626 1421 1686 initium
1435 1646 1498 1687 non
1510 1627 1699 1704 hahuenmt,
1715 1628 1811 1690 finem
1823 1634 1907 1689 auten
1989 1636 1990 1675 t

337 1717 414 1778 tiam
428 1719 546 1797 agentis
560 1719 599 1779 ab
619 1720 740 1780 actione
758 1720 922 1800 repudiare
939 1740 946 1780 :
967 1720 1050 1799 quod
1064 1725 1110 1780 est
1158 1719 1271 1798 partim
1284 1719 1462 1781 habuerunt
1481 1739 1590 1781 earum
1608 1721 1732 1801 atiquae,
1747 1722 1855 1801 partim
1865 1721 1906 1781 hc·

338 1808 506 1871 absurdum
516 1820 542 1870 α.
562 1833 577 1868 u
594 1811 666 1873 Mor
679 1830 753 1872 vero
771 1831 778 1872 :
805 1834 820 1869 c
836 1813 869 1873 Si
882 1811 967 1872 atiud
986 1817 1042 1887 est,
1059 1811 1108 1871 in·
1158 1809 1268 1870 biturae
1280 1808 1385 1871 sente

338 1902 415 1981 quit,
435 1902 468 1962 id
490 1902 579 1981 quod·
594 1902 740 1979 subsistit,
761 1904 845 1964 atiud
864 1923 938 1964 vero
959 1903 1003 1980 id,
1025 1903 1109 1982 quod
1198 1903 1325 1964 Minime
1333 1902 1464 1964 dubium
1477 1909 1532 1979 est,
1547 1904 1624 1983 quin
1638 1905 1705 1966 haee
1719 1905 1907 1967 verberetur·

338 2011 403 2053 non
416 1993 563 2071 srdrsistit,
582 2013 619 2056 ae
632 1995 713 2055 Deus
727 1996 853 2074 quidem
867 1995 945 2056 illud
958 2000 1015 2071 est,
1031 1994 1109 2055 velle
1157 1995 1229 2055 tatis
1247 1995 1381 2055 artiones
1399 1995 1433 2055 in
1456 1997 1518 2057 Deo
1538 1997 1641 2076 reipsa
1658 1998 1769 2059 distare
1790 1998 1828 2058 ab
1843 1998 1907 2058 iilius

338 2090 454 2161 eutem,
474 2086 557 2147 istud
575 2106 581 2146 :
598 2088 796 2166 perspicuum
818 2091 864 2148 est
885 2088 971 2166 quia
989 2088 1063 2161 Deo,
1080 2091 1111 2147 et
1158 2087 1328 2148 substantia
1339 2088 1523 2166 significent,
1535 2095 1688 2168 quatenus
1699 2110 1737 2152 ex
1749 2090 1833 2152 omni
1841 2097 1906 2151 ater·

338 2178 496 2238 voluntate
521 2178 729 2239 diversitatem
757 2178 866 2258 rejieit,
895 2179 944 2240 vel
969 2179 1001 2239 id
1026 2179 1110 2257 quod
1159 2176 1254 2237 nitate
1268 2176 1441 2252 destinavit,
1462 2197 1497 2238 ae
1515 2196 1676 2256 procreare
1689 2180 1797 2253 voluit,
1813 2180 1906 2259 quain

338 2269 474 2330 subsistit
487 2269 624 2347 rejicere,
637 2271 688 2330 vel
699 2271 731 2331 id
741 2272 825 2351 quod
836 2290 901 2331 non
913 2269 1106 2331 subsistitis
1159 2274 1298 2348 tempore
1324 2274 1430 2348 postea
1457 2270 1602 2348 produxit
1631 2292 1638 2332 :
1668 2272 1781 2352 quibus
1804 2273 1906 2352 quiden

340 2363 456 2423 Rursus
469 2362 636 2421 toluntatis
647 2362 800 2423 actionem
811 2363 844 2422 in
854 2364 917 2422 Deo
931 2363 1058 2442 adjungi
1071 2362 1110 2422 ad
1159 2360 1273 2420 effectis
1292 2360 1484 2421 voluntatem
1497 2362 1607 2441 ipsam,
1623 2362 1687 2424 sire
1704 2366 1851 2426 astionem
1865 2384 1905 2424 ro·

339 2453 405 2532 ejus
421 2461 504 2514 οῖσῖαν
519 2453 664 2528 affirmat,
679 2454 809 2533 ideoque
830 2454 983 2514 diversam
999 2454 1111 2515 abbae
1159 2452 1254 2527 leudi,
1275 2471 1337 2531 qua
1357 2471 1406 2513 res
1426 2452 1493 2513 illas
1512 2453 1698 2533 designarat,
1716 2476 1780 2516 non
1798 2456 1906 2536 amptius

339 2545 425 2606 iliam
439 2554 536 2604 esset.
553 2546 598 2604 Ex
611 2545 669 2620 his,
683 2545 821 2624 aliisque,
838 2564 908 2625 quaa
922 2545 1109 2625 eopioseibi-
1160 2544 1288 2605 existere
1297 2544 1593 2606 arbitraturinbeo.
1606 2548 1713 2627 Neque
1722 2568 1795 2610 vero
1804 2555 1907 2629 posunt
1990 2534 1991 2595 i

339 2636 459 2698 damah
471 2636 523 2696 ilio
533 2637 686 2715 disputata
697 2638 973 2716 pretermittimus,
987 2639 1111 2700 evidens
1160 2637 1269 2697 eadem
1288 2636 1342 2696 illa
1361 2636 1455 2698 rerba
1478 2637 1518 2698 ad
1536 2638 1702 2700 voluntatis
1721 2642 1908 2703 actionemre

339 2735 395 2803 est,
411 2734 569 2789 auctorem
589 2728 683 2790 istum
703 2729 902 2805 existimasse,
923 2738 966 2805 τὴν
983 2740 1109 2810 βούλησιν,
1160 2727 1244 2804 terri,
1260 2746 1330 2807 quae
1344 2729 1377 2788 in
1392 2747 1469 2808 opus
1482 2731 1604 2807 transit,
1623 2736 1654 2791 et
1665 2734 1846 2795 extrinsecus
1856 2752 1907 2793 nn·

338 2821 437 2882 idest
459 2820 617 2881 volontatis
639 2821 792 2891 actionem,
817 2841 911 2901 quam
932 2823 1112 2884 volitionem
1162 2839 1240 2882 nans
1255 2821 1358 2881 estrei
1372 2822 1555 2900 procreatio.
1569 2824 1737 2885 Nenenim
1755 2826 1794 2886 ab
1815 2832 1909 2887 aterno

340 2913 458 2975 Selroiae
468 2912 642 2989 nominant,
653 2914 790 2975 accidere
800 2914 1110 2992 divinresubstantiae,
1161 2912 1230 2973 talis
1242 2912 1342 2972 existit
1352 2913 1445 2988 aetio;
1461 2914 1514 2974 sed
1524 2915 1563 2974 de
1576 2914 1710 2989 interna,
1724 2936 1816 2996 quam
1830 2918 1910 2978 imno·

339 3007 428 3084 oique
456 3005 638 3084 superfrmdi
668 3027 675 3066 :
710 3006 787 3067 sieut
815 3008 960 3085 potentie}
989 3008 1114 3086 advenit
1162 3012 1275 3064 nonem
1288 3003 1533 3080 seholsevocant,
1549 3006 1697 3085 loquitur.

341 3104 458 3178 ἐνέργεια,
482 3115 551 3176 quae
580 3098 710 3160 minime
740 3099 875 3159 subsistit
902 3118 940 3160 ex
970 3118 1053 3176 sese;
1078 3106 1114 3162 ut
1203 3097 1282 3157 Huie
1291 3096 1468 3158 Basiliiloeo
1478 3098 1697 3177 adjungendus
1710 3108 1758 3162 est
1771 3102 1913 3181 aitercjus·

340 3190 453 3250 rectius
468 3190 526 3250 hae
542 3190 668 3268 quidem
683 3210 721 3251 ex
739 3197 825 3271 parte
839 3192 963 3271 gentilis
977 3193 1062 3271 loqui
1072 3192 1115 3254 vi-
1163 3190 1275 3265 dem,a
1289 3190 1423 3250 Maximo
1434 3191 1544 3251 citatus
1557 3191 1590 3251 in
1604 3191 1760 3255 Adnotatu
1770 3194 1805 3256 de
1816 3194 1911 3275 energia

173 3300 319 3349 emersura
341 3283 461 3357 deutur,
480 3281 534 3360 qui
546 3282 629 3343 idem
641 3283 674 3343 in
692 3286 755 3344 Deo
766 3304 830 3345 esse
844 3284 950 3346 velte
966 3287 1028 3346 εῖναι
1043 3291 1073 3345 ct
1086 3295 1115 3348 το
1163 3289 1267 3342 eontra
1274 3281 1490 3357 Monothetr'tas,
1501 3289 1535 3343 ut
1547 3284 1639 3345 refert
1649 3286 1786 3348 ioannes
1796 3287 1912 3368 Cypen's

343 3382 481 3453 βούλεσθαι,
499 3392 556 3434 nee
574 3373 673 3435 inesse
687 3374 720 3435 in
734 3396 771 3437 eo
788 3377 928 3439 aeeidens
949 3377 1060 3437 ulium.
1076 3379 1117 3439 Αῖ
1165 3372 1305 3434 siotus¹.«
1316 3372 1418 3449 Aliud,
1433 3374 1544 3454 inquit,
1559 3377 1835 3457 estquiopcratur‚
1847 3378 1911 3439 atiud
1991 3454 1992 3457 ¹

342 3484 417 3527 vero
444 3471 552 3526 auctor
578 3466 630 3526 ille
651 3467 775 3530 volendi
808 3469 960 3529 actionem
987 3470 1029 3529 sie
1051 3489 1116 3531 csse
1166 3467 1313 3545 operatio,
1329 3464 1414 3527 aliud
1432 3485 1521 3546 opus,
1539 3487 1575 3528 ae
1591 3470 1727 3532 maxime
1741 3472 1798 3532 ista
1810 3472 1913 3532 intere
1991 3514 1992 3523 ,

344 3558 835 3638 putattvepquav,volentisltei,uti
846 3567 1000 3621 motusest
1010 3567 1118 3643 ἐνέργεια
1166 3558 1473 3638 differuntttperans
1482 3561 1567 3620 enim
1577 3562 1685 3641 estqui
1694 3564 1734 3624 ad
1745 3564 1912 3643 operandum
1991 3576 1992 3595 ¹

345 3650 479 3725 mobilis,
491 3656 583 3730 atque
597 3650 666 3712 ideo
681 3659 847 3715 ἀνυπόστατον
861 3673 937 3729 esse,
953 3653 985 3713 id
996 3660 1042 3714 est
1053 3674 1117 3715 non
1167 3656 1310 3711 moretur
1325 3670 1332 3710 :
1355 3652 1493 3729 operatio
1507 3658 1552 3713 est
1567 3653 1664 3714 veluti
1678 3661 1784 3716 motus
1796 3661 1911 3736 operato

345 3742 510 3803 subsistere
527 3762 583 3823 per
604 3762 646 3819 se,
663 3745 746 3823 quod
761 3746 971 3807 arridentibus
989 3747 1117 3807 actioni·
1167 3743 1242 3819 rius,
1253 3743 1390 3822 ipseque,
1403 3749 1440 3803 ut
1448 3744 1491 3803 ita
1500 3745 1621 3825 loquar,
1633 3753 1764 3808 conatus
1772 3748 1914 3809 voluntatis

345 3834 465 3914 busque
480 3836 634 3912 convenit,
649 3854 718 3915 qum
732 3856 751 3896 a
764 3837 935 3899 substantia
947 3838 1048 3917 reipsa
1060 3839 1118 3899 dif-
1167 3836 1207 3895 ad
1221 3836 1413 3915 operandum
1425 3836 1540 3915 aliquid
1551 3839 1693 3916 tendens,
1704 3845 1737 3901 et
1744 3845 1914 3920 spectasset

189 3963 281 4009 m„
294 3965 317 4003 ,,
346 3926 460 4003 ierunt,
471 3934 501 3988 et
513 3947 549 3989 eo
561 3946 654 3989 sensu
668 3929 842 3991 dicuntura
853 3930 1038 4010 quibusdam
1049 3939 1119 4011 λόγῳ
1167 3927 1260 3988 simul
1277 3932 1314 3987 ut
1328 3928 1435 3990 electio
1457 3929 1536 3991 faeta
1554 3936 1610 4007 est,
1628 3933 1787 4011 quiescens
1803 3953 1835 3994 ae
1849 3930 1913 3993 desi·

183 4015 324 4072 WW·
347 4024 378 4081 et
389 4026 483 4100 ἐπινοίᾳ
496 4020 680 4100 discrepare,
696 4022 769 4102 quie
783 4028 868 4083 extra
883 4022 1067 4102 subjeetum,
1083 4041 1120 4083 ae
1168 4038 1257 4094 nens,
1268 4025 1299 4081 et
1312 4020 1371 4081 eito
1386 4026 1481 4098 mota,
1496 4043 1532 4084 ae
1545 4025 1735 4102 praeteriens.
1752 4029 1913 4106 Operatur

347 4117 487 4191 separata
497 4132 560 4174 non
574 4114 720 4187 esistunt,
739 4120 879 4194 utsupra
893 4115 1093 4177 meminimus
1110 4133 1117 4174 :
1169 4118 1252 4187 sunt,
1262 4131 1331 4192 quae
1341 4113 1398 4173 hae
1410 4115 1591 4193 operatione
1600 4117 1810 4195 perficimrtur,
1820 4122 1848 4178 et
1857 4114 1913 4176 inde

384 4366 405 4404 tt·
422 4350 523 4404 lustru.
533 4347 630 4422 Ὥσπερ
642 4350 671 4403 το
678 4351 795 4403 κινεῖσθαι
807 4349 914 4423 ἐνέργειά
926 4349 977 4405 ἐστι
992 4353 1118 4420 κινήσεως·
1169 4352 1233 4406 ἄλλο
1247 4353 1288 4406 καλ
1299 4352 1373 4418 ἄλλο,
1395 4353 1410 4420 ἢ
1432 4352 1461 4408 τὸ
1475 4352 1639 4409 bertovarae
1653 4355 1803 4428 ἀπορῥῖκτεῖ,
1814 4356 1828 4423 ἦ
1838 4354 1914 4409 τολο-

347 4431 412 4486 otro
422 4433 464 4485 καὶ
476 4432 504 4485 το
516 4432 644 4502 βούλεσθαι
656 4433 747 4503 βουλῆς
762 4430 826 4486 ἔστιν
840 4432 957 4507 ἐνέργεια.
970 4436 1012 4487 καὶ
1021 4437 1050 4503 ἣν
1068 4434 1120 4508 ἔχει
1168 4437 1300 4490 efflator.
1765 4422 1775 4447 s

348 4515 604 4588 διαφορὰνὴδύναμις
628 4515 688 4587 προς
714 4515 756 4584 τὴν
771 4514 1003 4589 ἔνῖργε1α1,ταύπ,ν
1027 4517 1079 4590 ἔχει
1104 4518 1120 4586 ἡ
1205 4517 1305 4575 olbid.
1325 4519 1359 4573 Το
1373 4519 1760 4591 βούλεσθαι,ἢοῦοῖαςέστλν,ἥ
1782 4524 1914 4594 epicanzi

269 4627 272 4633 .
349 4597 425 4668 βουλὴ
439 4598 687 4669 πρῖςτὸβούλεοθαι.
702 4597 818 4654 ἀδύνατον
835 4599 861 4653 δὲ
875 4600 904 4653 rb
917 4602 1044 4672 βούλεσθαι
1061 4601 1120 4672 προς
1169 4599 1250 4673 οὐσίᾳ.
1264 4601 1321 4655 ἀλλ’
1333 4602 1354 4656 εἰ
1367 4603 1409 4675 μὲν
1429 4602 1500 4657 stota
1523 4602 1600 4668 ἐστὶν,
1620 4603 1665 4656 οὒκ
1677 4604 1913 4676 ἔοτινῖβοολόμυος

351 4681 394 4753 μὲν
415 4678 458 4747 τὴν
471 4680 560 4751 βουλὴν
575 4680 639 4754 ἔχειν
654 4681 698 4750 τὴν
711 4681 841 4754 δ1αφορὰν,
864 4683 924 4755 πρὸς
936 4684 962 4737 et
976 4684 1019 4737 τὸν
1031 4684 1121 4755 βουλό·
1170 4684 1191 4737 εἰ
1200 4685 1226 4739 δὲ
1240 4688 1394 4759 πρόοεστοτῇ
1409 4686 1490 4758 οῖοῖᾳ,
1504 4684 1528 4748 ἐξ
1547 4686 1653 4759 ἀνάγκης
1663 4687 1727 4741 ἄλλο
1737 4689 1777 4741 rud
1786 4689 1842 4741 uto
1853 4687 1913 4742 tutu

350 4782 423 4837 μενον
436 4762 468 4834 μὴ
482 4762 557 4835 ἔχειν.
574 4763 595 4816 εἰ
605 4762 631 4817 δὲ
646 4764 726 4818 οὐδενὶ
739 4767 810 4838 λόγῳ
824 4765 927 4819 δυνατὸν
947 4764 1034 4819 rateto
1059 4761 1120 4820 εἶναι
1170 4766 1214 4821 οὒκ
1224 4768 1276 4822 ἔστι
1290 4768 1337 4842 γὰρ
1350 4769 1378 4822 το
1388 4770 1429 4831 br,
1441 4771 1481 4822 καῖ
1490 4769 1519 4822 τὸ
1531 4769 1622 4841 προσὸν
1635 4769 1733 4824 ταῦτόν.

350 4847 380 4901 το
392 4847 519 4918 βούλεσθαι
529 4846 569 4899 καὶ
588 4845 631 4913 τὴν
644 4847 746 4919 βουλὴν,
759 4847 801 4901 καὶ
814 4849 855 4902 τον
871 4848 1032 4921 βουλόμενον,
1044 4850 1120 4916 δῆλον
1205 4850 1226 4907 d
1244 4849 1365 4906 Picum.
1385 4851 1433 4904 Καὶ
1447 4853 1484 4906 ὅτι
1507 4853 1522 4903 ἃ
1538 4851 1580 4923 μὲν
1601 4851 1680 4925 ἀρχὴν
1703 4852 1799 4927 ἔχοντα,
1812 4850 1915 4913 τέλοςολι

351 4931 390 4984 ὅτι
402 4929 415 4982 ὅ
427 4929 582 5002 &rediturus
599 4935 641 4984 τοῦ
659 4930 724 4995 θεοῦ,
747 4932 788 4984 καὶ
811 4936 854 4985 τοῦ
868 4932 995 5003 βούλεσθαι
1016 4932 1046 4986 τὸ
1058 4933 1122 4987 ἄλλο
1173 4933 1283 5006 ἔχουσιν·
1296 4935 1312 4985 ἃ
1325 4934 1351 4987 tt
1364 4934 1405 4986 καὶ
1416 4933 1495 5006 ἀρχὴν
1506 4933 1547 4986 καὶ
1569 4935 1640 4996 τέλος
1651 4934 1757 5008 ἔχουσιν·
1772 4936 1820 4990 ἕστο
1829 4936 1853 4989 δὲ
1862 4933 1915 4986 imi

351 5014 531 5080 καὶᾶλλο,τοῦ
544 5012 697 5086 ἐνεργοῦντος
721 5015 763 5067 καὶ
780 5018 823 5082 τῆς
836 5013 955 5087 ἐνεργείας
980 5014 1123 5089 septima
1173 5015 1251 5089 ἀρχὴν
1266 5015 1308 5088 μὲν
1319 5015 1363 5069 οὔκ
1381 5016 1476 5089 ἔχουσι,
1488 5016 1558 5078 τέλος
1576 5016 1710 5090 ὃὲέχουοι·
1725 5015 1916 5085 ιαθὼςιαὶὸμῖι

352 5094 396 5164 τὴν
408 5095 537 5168 διαφορὰν,
550 5098 610 5168 ὅπερ
621 5097 725 5151 ἄτοπον.
1172 5117 1216 5169 γας
1226 5099 1386 5170 διαλαμὸάνει
1411 5099 1549 5163 Βαοῖλειος,
1573 5100 1653 5171 λέγων
1672 5102 1727 5173 sept
1740 5107 1787 5154 τῶν
1805 5100 1868 5153 θεῖον
1881 5098 1916 5161 τῆς

390 5179 406 5233 b
425 5177 494 5234 ibid.
514 5178 544 5233 Et
557 5180 620 5233 nto
632 5181 661 5233 τὸ
678 5179 850 5245 betereo,
861 5181 902 5233 καὶ
916 5180 979 5235 ἄλλο
992 5182 1022 5235 το
1033 5181 1124 5235 burd-
1172 5181 1288 5253 προνοίας
1309 5185 1353 5235 τοῦ
1367 5183 1461 5254 κόσμου
1476 5182 1627 5252 βουλήσεων,
1651 5185 1678 5236 αἲ
1698 5183 1727 5251 δὴ
1746 5184 1784 5236 καὶ
1798 5181 1868 5253 ἀρχὴν
1881 5177 1916 5248 μὶ·

353 5278 454 5327 maros,
466 5262 506 5314 καλ
521 5262 574 5324 θεὸς
588 5262 630 5333 μὶν
646 5261 734 5327 ἐκεῖνο,
755 5263 783 5317 το
799 5263 927 5334 βούλεσθαι
939 5262 965 5316 δὲ
989 5268 1073 5317 τοῦτο·
1085 5266 1125 5333 δη-
1174 5263 1218 5317 otia
1229 5263 1314 5338 ioque,
1330 5265 1400 5327 τέλος
1414 5262 1441 5318 tt
1451 5262 1525 5336 ἔσχον
1537 5265 1631 5318 τούτων
1639 5264 1711 5329 τινὲς,
1723 5266 1760 5319 zai
1773 5264 1831 5325 τινὲς
1840 5261 1915 5323 M

353 5342 438 5397 λονότι
460 5343 533 5399 troo
557 5346 622 5409 θεοῦ,
646 5348 745 5401 καὶτοῦ
770 5346 899 5417 βούλεσθαι
923 5346 1080 5420 &septimos
1094 5347 1124 5401 r'o

382 5542 393 5586 t
406 5543 457 5586 nec.
471 5539 511 5595 ΙΙΙ,
523 5554 542 5587 ο.
555 5552 584 5586 11.
