3952 6170
337 386 386 447 DE
407 386 480 448 DED
502 387 644 462 DElQUE
665 388 1005 465 secretissimus,
1027 387 1100 448 LlB.
1123 384 1174 461 ΙΙΙ,
1197 383 1281 445 ΙΙΑΡ.
1303 379 1384 441 Vlll.
1600 376 1657 437 309

76 550 413 626 prorsusinomniloeo
422 551 482 613 erit
490 553 536 613 uti
551 552 647 614 David
656 553 833 616 confitetur.
885 554 922 615 iis
944 572 982 616 ex
1005 552 1134 615 adroso
1162 548 1330 629 respondet
1351 545 1528 607 dumorum
1555 559 1659 622 perso·

76 642 197 703 Sienim
214 643 337 703 dicatur·
350 661 414 704 esse
428 649 516 705 extra
525 644 630 706 locum
644 648 833 727 quempiam,
885 664 999 707 aarum
1026 644 1191 726 praesentia
1225 647 1256 702 et
1284 640 1401 718 ubique
1426 655 1492 698 esse
1524 635 1653 709 dicitur,

77 752 189 795 necesse
207 741 253 796 θεῖ
272 734 315 795 ub
335 735 374 796 ab
394 754 432 796 eo
447 737 719 799 circumscribatur
737 759 756 800 a
772 759 836 820 quo
884 746 1003 817 οῖοιιῖῖης
1017 743 1048 800 θῖ
1059 739 1127 818 ipsa
1139 737 1179 797 sit
1192 738 1324 814 oportet.
1339 732 1440 810 Atque
1453 729 1513 790 hoc
1527 728 1658 789 immen-
1704 723 1810 821 wsb

75 826 170 887 abesse
195 824 320 888 dicitur.
353 829 450 889 Totus
472 829 567 908 igitur
595 830 629 890 iu
658 831 745 891 omni
767 832 836 892 loco
884 832 982 894 εἰῖεῖὶε
1001 834 1188 910 argomento
1205 829 1246 889 ad
1265 825 1336 887 Filii
1355 830 1387 884 et
1405 823 1538 903 Spiritus
1559 822 1656 881 sancti

75 918 422 999 cudensnusquamex
430 921 837 986 aliisinalialocetransmi-
884 924 1076 986 divimtatem
1099 920 1293 1002 probandam
1312 917 1425 997 saepius
1447 914 1496 975 usi
1513 918 1587 974 sunt
1606 932 1656 974 ve·

75 1017 135 1088 grat
147 1029 219 1072 cum
232 1011 360 1091 impleat
373 1013 514 1073 omnia“.
527 1036 543 1072 ν
562 1014 621 1088 Oui
636 1015 721 1077 locus
739 1035 837 1096 quan-
883 1021 975 1091 teres,
982 1023 1013 1078 et
1021 1017 1102 1078 hanc
1109 1032 1174 1076 esse
1181 1012 1339 1093 propriam
1348 1014 1456 1071 uotam
1461 1002 1652 1086 judicarunt,

75 1103 349 1166 timostadversus
362 1106 529 1185 Eugnbini,
545 1107 670 1183 Vorstii,
685 1109 834 1171 aliorum·
884 1109 970 1170 nullo
997 1110 1065 1170 loco
1093 1106 1216 1169 definiri
1246 1104 1300 1165 sed
1327 1101 1443 1181 ubique
1470 1103 1653 1179 praesentem
1784 1169 1789 1178 ,

38 1257 41 1263 ,
75 1197 246 1275 quelalsam
259 1199 449 1278 opinionem.
461 1200 593 1279 Cyriilus
607 1201 836 1266 Alexandrinus
883 1202 1034 1277 assistere,
1049 1202 1128 1262 sicut
1141 1219 1158 1261 e
1171 1197 1328 1259 contrario
1342 1198 1517 1256 creatarum
1534 1208 1651 1267 rerum,
1686 1167 1827 1285 'hffffffll''

12 1324 14 1349 ι
42 1278 51 1288 ’
75 1289 107 1349 (Ιθ
120 1290 388 1353 Deiimmensitate
397 1311 576 1371 agenseum
590 1299 835 1364 vocateeeomd
883 1293 1161 1355 determinatoesse
1174 1291 1209 1350 in
1224 1289 1303 1349 loco.
1320 1288 1365 1346 lta
1381 1282 1546 1358 Hilarius¹,
1563 1283 1654 1361 Didy-
1691 1235 1817 1373 ‘'lggffim

75 1387 114 1440 est
129 1381 274 1452 illocales,
291 1383 503 1464 magnitudines
527 1393 555 1446 el
581 1387 832 1466 circumscriptio·
883 1386 986 1462 mus',
1023 1380 1233 1459 Ambrosius⁸,
1265 1376 1424 1454 satiust,
1453 1373 1652 1437 Paschasius⁸

74 1473 113 1531 ari
125 1474 241 1554 penitas
266 1484 418 1557 expertem
428 1476 450 1537 Ι.
468 1478 528 1539 Sed
542 1497 602 1538 vox
617 1488 710 1550 ἄτοπος
723 1480 834 1541 subala
883 1478 982 1538 Deum
1005 1495 1070 1538 esse
1091 1478 1303 1537 demonstrant
1325 1470 1476 1550 Spiritum
1498 1474 1651 1543 mactum,

74 1566 190 1627 midam
209 1574 240 1628 ot
266 1577 360 1631 ἄτοπον
382 1569 532 1648 quiddam
554 1577 654 1631 sonat.
684 1573 834 1645 Quemad-
883 1576 918 1630 ut
938 1589 996 1631 suo
1014 1571 1083 1631 loco
1099 1568 1284 1629 ridebimus.
1310 1566 1400 1625 Nune
1423 1562 1533 1623 Hilarii
1560 1560 1654 1620 unius
1699 1557 1806 1604 arterias.

74 1658 190 1719 mmum
218 1667 250 1720 et
274 1670 362 1737 ἀστοῖς
389 1662 598 1723 vocabulum‘
627 1663 666 1723 ab
694 1665 833 1727 Eudoxio
882 1662 976 1723 verba
998 1662 1299 1742 repraesentabimus.
1326 1661 1406 1737 Ergo
1435 1655 1532 1734 «quia
1560 1654 1652 1728 Deus,

74 1752 399 1832 loommfinopolitarro
428 1754 570 1834 episcopo
593 1754 715 1817 manae
738 1759 834 1835 partis
881 1753 993 1833 inquit,
1019 1755 1198 1829 invisibilis,
1228 1748 1568 1831 incomprehensibilis,
1597 1746 1655 1805 im-

74 1850 256 1922 usurpatum,
280 1863 354 1906 eum
379 1846 411 1906 iu
439 1847 589 1908 concione
610 1847 688 1908 dixit
710 1849 832 1911 Patrem
882 1864 1007 1907 mensus
1030 1854 1086 1924 est,
1106 1848 1150 1907 ait
1172 1845 1322 1907 Dominus
1339 1843 1459 1903 senisse
1476 1848 1601 1919 tempus
1619 1845 1654 1899 ut

72 1951 129 1995 esse
147 1942 229 2012 ῖοτῖῆ,
251 1937 311 1997 lroc
330 1943 376 1998 est
391 1937 601 2019 irreliqiosum,
620 1939 721 2000 lilium
733 1948 830 2019 τῖσοῖῆ,
880 1957 945 1999 nou
957 1941 992 2000 in
1010 1946 1126 2015 monte,
1141 1938 1192 1999 vel
1207 1938 1241 1998 in
1256 1936 1372 2016 templo
1387 1936 1468 1995 Deus
1477 1934 1516 1993 sit
1525 1932 1654 1992 adorau-

73 2025 98 2085 id
110 2033 151 2087 est
159 2027 339 2109 religiosum,
356 2031 440 2109 quod
453 2031 504 2091 ille
514 2032 672 2093 neminem
691 2033 831 2113 religiose
880 2032 950 2107 dus,
966 2032 1040 2111 quia
1062 2034 1143 2093 Deus
1165 2031 1292 2111 spiritus
1309 2034 1365 2089 est.
1391 2028 1429 2087 Et
1449 2025 1582 2104 Spiritus
1596 2041 1654 2084 nec

72 2119 182 2195 coleret,
206 2121 257 2182 lric
284 2141 361 2201 erga
383 2124 506 2184 Patrem
528 2125 598 2204 pius
621 2131 651 2185 et
670 2125 832 2204 religiosus
880 2124 1151 2200 circumscribitur,
1161 2142 1220 2185 nec
1228 2127 1362 2195 tenetur,
1374 2119 1448 2199 quia
1462 2135 1517 2197 per
1531 2122 1652 2176 naturae

72 2218 149 2273 θεοθῖ.
164 2215 206 2274 De
219 2215 330 2275 eadem
344 2216 552 2278 immensitate
568 2218 623 2277 Dei
636 2223 667 2278 et
680 2221 829 2297 quemad-
879 2234 944 2278 suae
973 2218 1122 2277 virtutem
1152 2215 1276 2295 ubique¹
1296 2219 1353 2289 est,
1381 2228 1484 2291 neque
1519 2225 1652 2287 usquam

72 2305 186 2365 modum
198 2306 305 2367 locum
318 2326 384 2367 non
397 2314 508 2384 mutet,
523 2309 672 2388 legendus
685 2312 831 2390 Origenes
879 2308 976 2385 abest,
990 2310 1025 2370 iu
1039 2309 1183 2370 omnibus
1202 2308 1304 2369 omnis
1317 2304 1501 2368 exuberans.
1512 2323 1528 2359 ν)

72 2393 143 2455 ier
154 2406 257 2458 contro
272 2398 389 2461 Celsum
402 2401 496 2481 paulo
510 2407 579 2481 post
592 2402 728 2464 initium.
921 2402 972 2461 IV.
995 2403 1084 2476 Quod
1101 2420 1141 2463 ne
1162 2401 1233 2481 quis
1253 2401 1291 2462 de
1306 2399 1371 2460 sola
1388 2396 1527 2478 potentia
1545 2398 1576 2454 et
1589 2393 1653 2453 effi-

106 2489 150 2550 lll.
165 2491 248 2552 Etin
262 2492 392 2572 epistola
405 2494 587 2572 qumamsd
602 2497 827 2575 Serapionem:
879 2493 991 2557 aientia
1013 2501 1102 2575 putet
1128 2494 1383 2572 intelligendum,
1407 2489 1482 2551 alibi
1513 2493 1652 2548 mentem

74 2580 217 2661 altique,
238 2583 293 2659 ait,
310 2592 356 2645 est
377 2585 482 2661 Filius,
499 2604 573 2647 cum
591 2587 631 2648 sit
644 2588 678 2647 in
697 2590 785 2651 Patre
797 2596 830 2651 et
878 2603 968 2647 suam
984 2587 1106 2666 plenius
1124 2583 1285 2666 explicat⁰,
1307 2590 1401 2663 atque
1420 2583 1503 2642 intra
1516 2587 1547 2641 et
1566 2585 1653 2641 extra

72 2672 282 2755 Pater-inipso,
298 2683 358 2737 etc.
375 2678 530 2739 Creaturae
541 2697 615 2740 vero
624 2684 698 2740 srmt
711 2680 744 2740 in
754 2681 830 2743 locis
878 2679 984 2740 omnia
1007 2679 1097 2739 illum
1126 2696 1191 2739 esse
1220 2676 1363 2758 pluribus
1388 2675 1496 2736 asserit
1522 2694 1529 2733 τ
1557 2690 1652 2752 quem

70 2763 216 2841 (ΙΙεῖΙιιθῖίε,
237 2767 335 2829 veluti
360 2769 406 2829 sol
426 2775 457 2830 θῖ
477 2769 563 2845 luna,
583 2772 764 2852 reliquaque
778 2774 827 2834 lu·
877 2770 982 2832 lo'cum
1004 2777 1111 2851 postes
1133 2771 1314 2850 producam,
1340 2769 1392 2828 hic
1419 2773 1526 2828 autem
1553 2783 1653 2845 pauca

70 2857 186 2919 minans
200 2860 233 2920 in
241 2860 453 2937 firmamento,
464 2863 498 2922 in
508 2862 586 2923 coelo
596 2869 701 2923 autam
711 2866 825 2944 angeli,
876 2865 1093 2924 tantummodo
1101 2862 1289 2925 describam.
1301 2864 1380 2923 Cum
1392 2860 1489 2939 igitur
1502 2858 1652 2919 ePsalmo

71 2950 246 3013 ethominee
264 2954 300 3013 in
322 2959 416 3015 terra.
437 2955 566 3028 Quodsi
583 2955 678 3017 Filius
694 2959 829 3038 eoquod
877 2957 1044 3017 centesimo
1058 2956 1213 3016 tricesimo
1236 2960 1343 3015 octavo
1364 2953 1432 3013 haec
1453 2949 1649 3012 adduxisset:

71 3050 179 3105 maest
201 3045 234 3106 iu
248 3045 400 3106 donnatis
424 3047 511 3123 locis,
529 3048 582 3109 sed
596 3048 673 3109 dum
687 3050 721 3109 in
740 3051 828 3112 Patre
879 3047 941 3124 Ouo
955 3047 1043 3109 obibo
1056 3067 1076 3110 o
1088 3048 1200 3129 spirito
1223 3046 1294 3107 tero?
1309 3051 1367 3107 etc.
1384 3044 1488 3105 statim
1507 3043 1649 3121 subjicit:

71 3140 123 3209 est,
144 3136 258 3215 ubique
282 3144 329 3197 cst
349 3143 380 3198 θῖ
394 3145 440 3198 θεῖ
453 3145 539 3200 extra
553 3141 676 3214 omnia,
699 3149 829 3204 nonest
880 3140 1018 3202 «Nullus
1040 3142 1106 3201 sine
1130 3142 1205 3215 Deo,
1225 3157 1328 3218 neque
1351 3138 1434 3198 ullus
1455 3155 1519 3197 nou
1537 3136 1571 3196 in
1588 3137 1651 3196 Deo

71 3232 206 3305 matum,
222 3236 450 3309 consequenter
468 3250 525 3291 nee
546 3233 679 3311 Spiritus
703 3240 828 3295 sanctus
876 3232 962 3294 locus
980 3239 1035 3293 θεῖ.
1061 3235 1096 3293 ln
1117 3232 1202 3293 coelis
1224 3237 1281 3307 est,
1302 3232 1335 3292 in
1354 3230 1475 3291 inferno
1494 3236 1551 3305 est,
1567 3227 1651 3289 ultra

70 3318 119 3379 erit
135 3327 283 3399 ereatura,
299 3341 373 3384 cum
386 3341 451 3384 non
468 3324 508 3384 sit
527 3325 561 3384 in
575 3324 725 3386 distinctis
740 3326 825 3403 locis,
876 3326 975 3386 maria
986 3330 1042 3386 ast.
1058 3325 1140 3386 Inest
1148 3324 1288 3399 interior,
1311 3322 1430 3384 excedit
1442 3321 1588 3383 exterior.
1605 3322 1651 3381 lta

70 3411 115 3472 scd
126 3412 249 3493 impleat
267 3416 373 3477 omnia
392 3434 523 3477 manens
536 3422 622 3477 extra
645 3417 761 3479 omnia.
778 3420 827 3480 Sic
876 3435 948 3479 cum
966 3417 1060 3478 hahet
1085 3422 1178 3496 atque
1200 3416 1343 3490 habetru,
1368 3414 1523 3493 usquein
1545 3412 1650 3493 aliquo

70 3504 142 3565 enim
158 3508 307 3587 scriptum
325 3514 372 3569 θεῖ
390 3529 397 3569 :
415 3509 547 3589 Spiritus
561 3510 685 3571 Domini
698 3500 828 3590 replevit
875 3511 952 3590 ipse,
965 3528 1067 3590 neque
1081 3528 1146 3572 non
1159 3510 1194 3569 in
1207 3507 1353 3569 omnihus
1367 3514 1450 3569 θεῖ.»
1473 3507 1511 3567 Et
1522 3506 1557 3566 in
1569 3505 1650 3567 libro

69 3595 393 3662 crumenarum.»
875 3604 1023 3680 secundo,
1043 3605 1146 3665 «Deus
1159 3607 1265 3663 autem
1275 3606 1306 3662 et
1320 3600 1437 3681 ubique
1451 3606 1508 3675 est,
1523 3604 1554 3691 et
1567 3604 1651 3660 totus

102 3690 160 3751 Hoc
171 3692 204 3752 in
219 3692 288 3754 loco
301 3694 340 3755 de
354 3694 533 3756 substantie
547 3695 650 3774 agitur
663 3698 828 3776 praesentia
876 3696 993 3775 ubique
1007 3702 1064 3757 θεῖ.
1080 3697 1126 3756 lta
1143 3695 1326 3772 religionem
1338 3693 1550 3773 intelligentiae
1564 3709 1651 3753 exce

69 3784 271 3862 censentis,
287 3805 352 3848 non
362 3786 401 3848 de
414 3787 445 3847 vi
458 3793 490 3848 et
499 3793 649 3867 potestate
663 3789 824 3851 duntaxat.
876 3789 931 3865 dit,
948 3796 980 3850 et
992 3795 1079 3851 extra
1091 3806 1186 3868 quem
1199 3787 1278 3848 nihil
1291 3793 1348 3863 est,
1364 3793 1395 3848 et
1404 3787 1456 3847 cui
1469 3790 1516 3846 est
1528 3802 1651 3865 semper

69 3873 212 3951 timaei
230 3885 277 3939 est
295 3880 380 3940 enim
401 3879 569 3960 illaquam
587 3880 677 3942 affert
697 3881 769 3943 solis
790 3901 827 3943 ac
876 3886 912 3942 ut
921 3899 1043 3963 semper
1054 3882 1104 3942 sit.
1116 3902 1132 3939 ν
1152 3881 1409 3942 lteminoctavo:
1425 3881 1530 3939 «Deus
1543 3884 1650 3939 autem

68 3966 213 4030 stellarum
225 3971 259 4031 in
272 3971 482 4049 firmamento,
497 3975 682 4053 angelorum
697 3975 731 4034 in
749 3975 826 4036 ooelo
876 3974 1036 4036 immensae
1049 3974 1174 4034 virtuts
1191 3975 1298 4033 vivens
1315 3977 1459 4051 potestas,
1485 3988 1555 4049 quse
1578 3987 1650 4029 nus

68 4064 94 4118 et
111 4060 272 4125 hominum
288 4064 323 4124 in
343 4070 437 4142 terra,
454 4084 524 4145 quae
546 4066 652 4128 omnia
665 4067 825 4129 definitam
877 4085 972 4147 quam
986 4085 1051 4127 nou
1064 4066 1144 4126 adsit
1156 4082 1215 4125 uec
1224 4064 1304 4124 desit
1316 4080 1460 4142 usquam,
1476 4080 1508 4123 se
1522 4078 1650 4122 omnem

68 4148 169 4216 habent
184 4161 268 4218 certo
280 4156 314 4217 in
329 4156 396 4218 loco
412 4157 627 4221 subsmntism.
643 4160 744 4233 Quare
754 4179 825 4241 qua
877 4178 933 4241 per
947 4177 1004 4220 sua
1015 4158 1133 4233 edocet,
1149 4161 1180 4217 et
1189 4173 1245 4216 sua
1259 4173 1323 4216 non
1336 4154 1421 4216 aliud
1437 4170 1533 4234 quam
1542 4171 1575 4215 se
1584 4171 1649 4215 esse

97 4406 257 4463 asenna
273 4408 348 4478 apud
372 4409 451 4465 Dam.
470 4409 519 4465 lib.
541 4410 562 4466 l.
589 4410 633 4466 tit.
651 4412 697 4467 ΙΙ.
714 4411 767 4468 eel.
791 4410 826 4465 ‘0
911 4409 1056 4467 diruis.
1076 4416 1143 4465 tom.
1163 4410 1199 4465 ΙΙ.
1218 4409 1352 4481 Παντοχοῖ
1366 4408 1446 4461 τοῖνον
1461 4404 1526 4461 ἐστὶν
1547 4407 1561 4460 ὁ
1584 4406 1646 4470 οἷος·

67 4484 111 4548 lto<
122 4489 152 4541 τΙι
164 4491 243 4545 πάντα
256 4493 359 4564 πληροῖ,
375 4491 417 4546 ὑπ’
427 4492 525 4554 οὐδενος
536 4496 742 4567 περιοριζόμενος·
754 4495 825 4569 ὁγὰρ
876 4491 901 4547 ἔν
911 4495 985 4567 πατρὶ
996 4493 1044 4566 γὰρ
1059 4496 1105 4559 ὢν,
1116 4494 1210 4547 καὶτοῦ
1226 4493 1319 4565 πατρὸς
1333 4492 1405 4556 ὄντος
1420 4489 1444 4545 ἰν
1459 4490 1535 4565 αὐτῷ,
1550 4499 1605 4549 eto.
1617 4491 1648 4546 τὰ

66 4566 107 4622 ὕπὸ
128 4574 199 4627 τύπω
212 4575 245 4646 μὴ
267 4577 479 4648 περισριζόμινος,
500 4577 596 4640 πάντως
618 4576 642 4630 ἐν
664 4580 735 4632 παντΙ
754 4580 824 4651 τόπῳ
874 4576 901 4630 tl
918 4578 1041 4648 ατΙσματα
1064 4574 1088 4629 ἔν
1105 4576 1288 4649 μεμερισμένοις
1302 4577 1387 4637 τόποις
1413 4575 1482 4630 εἰσιν·
1503 4576 1573 4643 ἥλιος
1593 4574 1646 4650 μὶν,

66 4652 120 4705 ml
133 4654 174 4721 τὴν
186 4662 229 4710 τοῦ
244 4657 321 4711 taos
334 4657 470 4731 ὁμολογίαν
478 4658 557 4712 ἔσται·
568 4659 589 4713 tl
603 4659 651 4733 γὰρ
664 4659 711 4723 ἔξω
724 4662 824 4735 λέγοιτο
874 4663 913 4714 sel
923 4659 1074 4729 σελήνη,καὶ
1089 4659 1113 4713 οἱ
1128 4660 1200 4713 ἀλλοι
1214 4663 1339 4732 φωστῆρες
1355 4657 1379 4735 ἐν
1394 4664 1431 4732 τῷ
1444 4662 1606 4734 ereptorem,
1622 4659 1647 4715 lv

66 4735 132 4789 τόποι
142 4740 202 4802 τινος
218 4739 312 4813 ἀνάγκη
326 4741 504 4813 πτριορΙζισΙαι
528 4742 601 4798 αὐτὸν
616 4743 657 4797 ὑπ’
672 4742 781 4809 teleos,
794 4739 823 4798 οὗ
873 4742 970 4816 οὐρανῷ
988 4744 1015 4796 δὲ
1030 4743 1140 4815 ἄγγελοι,
1155 4744 1195 4796 καΙ
1210 4743 1334 4815 ἅνθρωποι
1353 4740 1392 4797 ἐπὶ
1415 4748 1459 4812 τῆς
1476 4749 1532 4816 γῆς·
1550 4743 1571 4798 el
1593 4742 1647 4798 ild

65 4834 104 4888 περ
117 4823 268 4892 metaum-
285 4824 344 4886 ὅλος
358 4819 401 4877 οὖν
425 4822 450 4878 it
468 4827 541 4879 παντὶ
561 4829 701 4900 γενόμενος,
713 4827 823 4901 οὐδαμοῦ
872 4825 977 4888 ottenis
993 4829 1029 4879 ὢν
1044 4824 1069 4878 lo
1084 4826 1270 4899 μεμερισμένοις
1283 4827 1383 4893 τόποις,
1401 4826 1466 4880 ἀλλὰ
1482 4825 1507 4880 ἐν
1520 4828 1595 4899 πατρὶ
1609 4830 1645 4879 ὢν

66 4895 86 4959 ἕξ
109 4900 189 4975 ltlpot
217 4906 250 4970 εἰς
283 4906 379 4980 ἐτέρους
412 4909 553 4980 μεθίσταται
571 4912 661 4973 τόπους
686 4912 718 4965 τὰ
742 4913 823 4966 πάντα
871 4914 1000 4983 πανταχοῦ
1011 4908 1072 4973 ἔστι,
1082 4911 1123 4962 sai
1133 4908 1242 4972 Ιξωτῶν
1255 4911 1354 4965 πάντων
1370 4912 1405 4964 ὢν
1420 4910 1464 4965 οὖα
1477 4910 1530 4965 ἔστι
1542 4910 1643 4983 κτίσμα·

65 4978 166 5051 ὼιβῧῖ·
872 4990 1012 5054 ἀκολούθως
1026 4992 1069 5045 οὖα
1084 4995 1113 5045 lle
1127 4991 1164 5061 εἴη
1178 4992 1233 5046 atet
1247 4994 1277 5047 rb
1293 4998 1387 5066 πνεΰμα
1403 4995 1508 5064 κτΙσμα,
1528 4994 1602 5067 μὴΙν
1619 4991 1644 5046 ἐν

95 5058 188 5118 ὁῦιι.
213 5066 241 5121 Ι.
266 5071 360 5122 cattle·-
374 5066 488 5123 lullae.
508 5070 542 5122 Τὸ
557 5069 660 5134 ἄτοπον,
676 5072 717 5124 καὶ
732 5070 820 5143 ἂμΙγε-
873 5075 1058 5147 μεμιρισμΙνοις
1071 5075 1332 5139 teneraetenerae
1346 5078 1464 5149 πληροῦν,
1479 5077 1522 5129 καὶ
1536 5074 1583 5139 ἔξω
1592 5082 1642 5131 τῶν

64 5138 290 5220 Deullpotptteot
303 5149 503 5222 simmaea
517 5153 765 5224 περιορίζῑσθαῖὸεῖν.
869 5159 967 5212 πάντων
991 5158 1029 5211 ὄν·
1056 5158 1121 5211 olto
1145 5158 1193 5231 γὰρ
1215 5162 1255 5213 καὶ
1282 5161 1426 5232 γέγραπται·
1448 5164 1542 5232 πνεῦμα
1559 5159 1643 5232 κυρίου

65 5239 109 5368 „stt
126 5226 233 5367 Ιέηῖῖὸιμ.
249 5230 299 5288 ΙΙΙ).
313 5232 359 5289 ΙΙΙ.
378 5249 404 5289 e.
420 5249 494 5290 xtra.
519 5233 553 5287 Ὃ
566 5236 647 5308 πατὴρ
662 5236 757 5307 lotide·
769 5236 819 5292 dil
869 5242 1014 5314 πεπλήρωκε
1028 5241 1073 5309 τὴν
1083 5240 1236 5313 οἰκουμένην.

111 5347 119 5372 t
194 5334 230 5381 ..t-

88 5542 189 5601 ΗΜ,
201 5552 380 5597 domm-t
396 5553 444 5599 Lib.
463 5554 480 5599 Ι.
497 5555 523 5600 de
540 5556 618 5611 spere.
635 5563 741 5602 τοσοῖ-
754 5559 768 5602 8
780 5558 827 5603 tia.
846 5559 863 5604 l.
881 5562 908 5606 de
925 5562 1002 5616 suet.
1019 5568 1091 5607 εααοῖ,
1110 5575 1159 5619 esp.
1177 5575 1216 5611 ur,
1233 5572 1254 5609 st
1270 5563 1334 5620 epist.
1346 5563 1417 5608 tn.-
1430 5565 1444 5608 Ι
1455 5564 1503 5608 lib.
1520 5564 1547 5608 le
1563 5564 1640 5619 spirit.

66 5612 126 5649 “aet
139 5620 181 5665 erp.
193 5625 243 5658 1111.
257 5635 285 5647 -
297 5617 311 5659 a
324 5615 371 5659 ΙΙΙ.
386 5616 403 5661 Ι.
415 5617 443 5661 de
453 5618 529 5672 suet.
542 5624 611 5663 nuel.
626 5629 674 5675 cap.
689 5621 789 5665 xrs-d
805 5621 853 5665 Lib.
865 5622 884 5666 Ι.
899 5624 948 5668 tuit.
