4096 6190
182 4218 304 4263 sananim

171 4270 313 4324 objectiones.

319 341 378 399 tat
826 336 1149 400 THEGLOGICGRUM
1172 332 1389 398 DGGMATUM

319 504 439 565 disertis
451 505 553 565 verbis
573 504 737 567 confirmat
749 504 922 584 Apostolus,
940 505 1016 565 dum
1035 506 1088 575 ait,
1141 524 1219 577 nrm,
1245 503 1343 581 rapite
1364 498 1477 579 primo.
1509 497 1572 557 Nee
1598 493 1732 556 dubium
1750 497 1808 563 est,
1838 491 1911 569 quin

322 614 377 658 nos
400 599 499 658 Deum
520 617 597 658 narie
625 596 721 657 videre
749 615 803 678 per
827 596 985 679 speculam,
1008 606 1035 657 et
1059 597 1091 656 in
1141 595 1284 657 Armenis
1299 593 1396 654 Greci
1413 596 1556 651 auctores
1568 588 1650 648 illius
1659 585 1773 646 erroris
1785 582 1910 659 inerint,

320 691 486 771 enigmate,
513 699 583 751 tnnc
596 698 692 750 natan
704 690 781 771 facie
795 688 834 751 ad
845 689 983 769 faetent
998 691 1091 751 Porro
1141 694 1177 749 ut
1197 694 1227 749 et
1253 693 1436 747 ceterorum
1458 683 1533 744 iera.
1556 680 1649 760 Apud
1672 680 1797 740 Graecos
1810 681 1912 737 autem

324 804 340 838 a
355 783 457 843 Facies
466 783 520 842 Dei
529 782 734 843 manifestatio
746 783 812 861 ejus
821 770 1020 861 intelligenda
1034 788 1089 856 est,
1141 782 1255 841 vindex
1283 784 1314 839 et
1339 781 1552 858 propugnator
1578 773 1718 851 ejusdem
1746 769 1913 830 acerrimus

321 881 356 935 ut
379 876 422 936 ait
440 876 643 954 Augustinus,
671 893 736 935 non
760 875 885 955 aliquod
912 876 972 935 tale
991 893 1090 935 mem·
1140 873 1199 933 luit
1222 872 1386 951 Gregorius
1409 869 1548 929 Palamas
1567 884 1657 926 novae
1679 864 1764 924 illius
1775 862 1913 923 factionis

321 967 425 1042 biam,
439 968 529 1046 quale
549 986 606 1027 nos
624 967 775 1027 habemus
789 968 822 1027 in
839 986 977 1047 corpore,
1001 963 1091 1046 atque
1142 964 1346 1045 coryphaeum
1361 963 1448 1041 cujus
1467 960 1640 1032 historiam,
1654 962 1685 1017 et
1698 954 1911 1032 ridiculndog-

321 1059 379 1120 isto
393 1061 520 1120 nomine
531 1060 783 1140 nuncupamas',
800 1082 814 1115 ο
837 1060 1023 1138 Hujusmodi
1035 1061 1091 1120 ali-
1142 1063 1226 1118 mata
1244 1056 1277 1115 in
1291 1056 1392 1135 primo
1413 1054 1507 1133 hujus
1532 1052 1635 1132 operis
1658 1049 1740 1108 libro
1756 1047 1909 1126 descripsi.

323 1152 396 1231 quid
415 1153 514 1212 Moses
528 1171 545 1211 a
557 1155 619 1212 Deo
632 1152 817 1231 postulabat,
832 1170 904 1212 erim
917 1154 945 1212 ei
957 1152 1090 1215 diceret:
1142 1150 1222 1210 Nam
1250 1149 1331 1208 inter
1354 1147 1423 1222 alla,
1445 1147 1548 1206 lucem
1567 1142 1737 1222 quamdam
1751 1158 1818 1200 esse
1835 1139 1912 1199 dice·

325 1241 443 1305 Ostende
461 1242 537 1303 mini
559 1243 668 1324 faciem
692 1251 772 1308 tuam
784 1243 814 1303 ³:
839 1246 924 1323 quod
943 1245 1093 1305 Dominus
1142 1243 1219 1302 bant
1232 1243 1411 1309 increatam,
1426 1244 1457 1300 et
1477 1238 1575 1299 oeulis
1586 1233 1818 1316 aspectabilem,
1833 1231 1914 1292 velut

324 1354 388 1396 non
402 1336 528 1416 praecise
543 1336 683 1415 negavit3
700 1354 802 1414 neque
816 1337 848 1395 id
868 1337 1007 1397 absolute
1026 1337 1093 1397 fieri
1143 1339 1324 1395 manantem
1343 1352 1381 1392 ex
1395 1334 1458 1392 Deo
1471 1331 1636 1409 fulgorem,
1652 1327 1780 1407 qualem
1795 1326 1828 1385 in
1839 1325 1915 1385 Tha-

326 1445 389 1488 non
404 1446 491 1507 posse
514 1428 688 1507 respondit;
709 1428 773 1489 imo
796 1434 865 1506 post
897 1428 977 1488 lianc
1000 1428 1094 1491 vitam
1144 1427 1218 1487 hore
1232 1431 1337 1487 monte
1351 1425 1497 1484 viderunt
1511 1422 1659 1503 apostoli3
1684 1419 1777 1497 cujus
1795 1423 1914 1497 aspectu

325 1519 528 1581 obtinendum
552 1538 616 1581 esse
629 1520 743 1594 docuit,
760 1520 836 1580 dum
849 1521 887 1580 de
907 1521 1001 1599 hujus
1014 1528 1093 1582 tem·
1144 1518 1364 1578 lruerentririn
1378 1516 1571 1576 coelossbeati:
1588 1516 1622 1574 in
1633 1528 1733 1591 eoque
1743 1509 1914 1590 spectaculo

325 1630 400 1691 pore.
415 1613 565 1672 duntaxat
579 1613 708 1691 excepit.
725 1613 776 1672 Est
790 1631 863 1690 ergo
873 1613 977 1673 videre
986 1614 1095 1675 taciem
1145 1611 1230 1670 velut
1257 1628 1379 1671 summa
1390 1608 1542 1669 felicitatis
1565 1606 1820 1684 acquiescerent:
1837 1603 1914 1680 quod

327 1704 391 1779 Dei,
411 1726 426 1760 a
441 1705 545 1765 videre
573 1722 646 1765 eum
671 1704 851 1781 stertisset,
868 1728 882 1760 n
900 1711 936 1765 ut
956 1706 1039 1767 idem
1054 1709 1096 1768 ait
1146 1709 1257 1762 natura
1277 1703 1342 1781 ipsa
1362 1702 1426 1773 Dei,
1455 1700 1555 1779 qualis
1571 1700 1604 1759 in
1631 1717 1664 1758 se
1690 1695 1915 1767 est‚anemine

327 1797 527 1874 Augustinus.
553 1798 602 1858 Sic
623 1796 701 1856 illud
723 1798 851 1857 ioannis
871 1799 1096 1860 euidentissime
1146 1794 1281 1873 conspici
1304 1799 1415 1873 posset.
1440 1791 1600 1852 «Etenim
1623 1789 1721 1850 sancti
1746 1787 1916 1862 omnesne

327 1888 386 1948 hoc
403 1889 557 1948 declarat:
586 1887 703 1949 Scimus
723 1889 805 1969 quio,
830 1892 1094 1971 consperserit,
1146 1888 1317 1948 monachus
1343 1885 1438 1945 David
1461 1886 1495 1944 in
1513 1882 1696 1945 Narratione
1708 1879 1832 1941 dissidii
1840 1880 1915 1941 Bar·

327 1979 602 2051 andernensem,
614 1981 753 2061 qnoniam
767 1980 926 2041 videbimus
937 2001 1001 2042 enm
1011 1983 1100 2043 aienti
1147 1978 1238 2039 learnt
1251 1986 1281 2038 ct
1293 1974 1445 2038 Palante'
1456 1977 1550 2055 hujus
1570 1976 1751 2055 opinionem
1774 1972 1913 2052 reterens}

328 2070 400 2132 estl.
414 2073 492 2132 Nam
504 2073 796 2152 quomodocumque
804 2074 1096 2151 ridebituranobis,
1127 2076 1211 2145 ,tam
1234 2070 1386 2138 homines.
1399 2087 1494 2148 quiam
1507 2068 1619 2146 angeli,
1645 2067 1780 2144 gloriam
1794 2067 1914 2145 qiidam

330 2170 360 2223 et
372 2170 573 2242 cognoscetur
594 2166 685 2239 Deus,
703 2165 762 2223 nisi
784 2165 876 2241 clare,
892 2172 923 2225 et
939 2168 1097 2227 manifeste
1149 2164 1203 2222 Dei
1227 2162 1376 2241 temporis
1403 2167 1561 2241 expertem
1585 2161 1701 2225 vident.
1718 2165 1750 2218 et
1763 2160 1915 2237 sempiter

329 2255 417 2317 illurn
430 2257 634 2331 intuebimur,
662 2257 720 2316 hoc
749 2264 794 2316 est
810 2258 875 2335 ejus
902 2265 1046 2319 naturam
1069 2268 1099 2320 et
1148 2273 1221 2315 nam
1237 2256 1367 2331 gratiam
1387 2272 1423 2315 aa
1445 2255 1564 2313 donum
1582 2252 1758 2330 recipiunt;
1778 2250 1913 2311 substan·

330 2350 582 2424 essentiam,non
594 2349 1013 2410 eumvidebimussirutiest.
1030 2353 1098 2411 Non
1148 2347 1224 2406 tiam
1245 2353 1351 2406 autem
1370 2347 1425 2406 Dei
1448 2362 1540 2405 nemo
1555 2361 1696 2423 unquam
1715 2343 1795 2403 vidit
1814 2343 1913 2417 homo,

331 2440 414 2500 enim
434 2446 479 2500 est
502 2441 560 2500 nisi
585 2442 617 2500 in
645 2442 787 2515 essentia,
813 2447 842 2500 et
862 2460 918 2519 per
938 2444 1099 2504 essentiam
1149 2457 1250 2518 neque.
1274 2438 1417 2517 angelus,
1439 2456 1538 2516 neque
1559 2436 1814 2516 potestvidere⁶.
1831 2457 1846 2491 ι
1861 2436 1915 2497 Sed

331 2548 431 2607 stiam,
461 2549 530 2610 qliae
558 2533 688 2612 proinde
715 2533 740 2592 si
764 2551 826 2593 non
852 2534 984 2608 ridetur,
1012 2536 1101 2596 aliter
1150 2537 1196 2591 ost
1220 2532 1328 2611 putida
1349 2538 1380 2591 et
1398 2531 1530 2590 barbara
1543 2530 1611 2589 haec
1628 2528 1667 2588 de
1688 2529 1875 2609 sempiterna
1888 2536 1915 2589 et

331 2629 424 2703 atque
438 2618 493 2699 es't,
512 2625 633 2685 videtur
649 2625 739 2685 Deus.
1150 2623 1326 2703 aspectabili
1342 2624 1411 2683 lure
1423 2622 1538 2697 fabula,
1552 2627 1660 2681 eontra
1674 2638 1770 2699 quam
1781 2620 1843 2682 elio
1855 2622 1915 2681 loeo

372 2718 488 2779 Rursus
506 2717 588 2777 idem
605 2717 790 2778 confirmant
808 2724 839 2778 et
859 2720 996 2798 Apostoli
1008 2722 1100 2783 rerba
1151 2716 1362 2776 disseruimus.
1386 2716 1486 2788 Quare
1500 2714 1557 2774 heo
1582 2713 1694 2773 omissa
1708 2719 1809 2792 parte,
1832 2714 1865 2773 in
1882 2732 1916 2773 eo

331 2811 383 2871 illa
409 2810 522 2889 prioris
544 2808 585 2870 ad
606 2808 797 2870 Corinthios:
831 2809 912 2871 Tune
932 2832 1099 2893 cognoscam
1152 2809 1252 2868 solum
1274 2808 1474 2883 haerebimus,
1501 2806 1585 2885 quod
1607 2824 1648 2866 ne
1670 2813 1776 2866 mente
1797 2806 1917 2885 quidem

331 2904 405 2963 steret
414 2911 440 2961 et
449 2902 581 2981 cognitas
594 2897 691 2961 tutn‘.
706 2901 794 2974 Quod
804 2902 841 2961 de
856 2904 987 2982 perfecta
1000 2907 1104 2981 cogni-
1152 2901 1345 2961 clareDeom
1359 2900 1452 2979 aspici
1469 2917 1557 2978 posse
1571 2899 1756 2973 docuerunt,
1773 2900 1867 2958 etiam
1881 2897 1917 2958 ali
2025 2896 2026 2925 l

332 2996 416 3055 tione
435 2999 465 3055 et
485 2992 646 3054 manifesta
667 2994 727 3053 dici
744 2995 942 3073 perspicuum
958 3002 1013 3072 est,
1030 3016 1102 3057 oiim
1152 2993 1279 3070 angelis.
1305 2993 1360 3053 Gai
1377 2991 1584 3071 approbandae
1598 2991 1737 3070 opinioni
1757 2992 1916 3070 Scriptura

334 3088 362 3147 ei
373 3088 412 3146 sit
430 3087 616 3166 oppositum,
634 3102 704 3167 quae
719 3092 765 3145 est
788 3086 982 3163 adumbrata,
1004 3094 1034 3147 et
1048 3109 1103 3169 per
1152 3087 1302 3164 quasdam
1315 3085 1485 3145 afferebant
1502 3085 1678 3161 sententias,
1698 3084 1787 3143 tritas
1807 3083 1873 3143 illas
1891 3090 1919 3143 ct

334 3179 478 3257 aenigma,
497 3178 691 3257 alienamque
705 3178 839 3257 speciem
853 3178 1007 3257 objicitur.
1025 3182 1103 3241 Sunt
1153 3178 1304 3255 vulgatas,
1327 3183 1362 3236 ut
1377 3177 1460 3256 quod
1485 3178 1621 3237 ioannes
1640 3175 1837 3253 Evangelista
1849 3176 1916 3235 sari·

335 3276 365 3330 et
377 3271 438 3331 alia
449 3269 533 3330 haud
543 3287 642 3350 pauca
653 3269 819 3349 Scriptura
832 3271 1019 3348 testimonia,
1033 3292 1103 3352 quae
1153 3269 1213 3330 bit:
1230 3269 1324 3329 Benm
1337 3287 1419 3330 nemo
1433 3266 1509 3328 milit
1523 3265 1682 3349 nnqiiam⁸.
1699 3269 1738 3327 Et
1749 3268 1835 3346 quod
1848 3268 1917 3327 inat·

335 3361 464 3423 aelidem
472 3361 797 3441 probandumvalent;
810 3380 945 3440 quorum
954 3366 1105 3426 nonnulla
1153 3359 1264 3425 sititet
1287 3380 1306 3421 a
1326 3360 1421 3421 Paulo
1440 3361 1629 3420 nominatur.
1651 3360 1698 3434 Et,
1725 3358 1816 3433 Onera
1843 3377 1918 3420 ιιοιιιο

335 3453 372 3514 iis
389 3454 424 3513 ln
438 3455 564 3514 Petrum
584 3454 743 3515 sententiis
757 3473 900 3534 expressa
918 3460 1002 3530 sunt,
1028 3476 1105 3536 quas
1154 3451 1301 3513 hominnm
1316 3452 1401 3528 uidit,
1413 3451 1462 3513 aed
1476 3470 1527 3511 nee
1539 3451 1636 3512 nidere
1645 3458 1745 3532 potest
1755 3450 1791 3511 ¹⁰.
1808 3452 1915 3512 Veram

336 3546 533 3626 supraposui
547 3565 555 3620 ;
570 3547 749 3606 utminime
773 3546 823 3606 hie
842 3547 1010 3626 repetenda
1031 3549 1102 3623 sint,
1154 3544 1301 3605 lcviaista
1315 3550 1386 3604 sunt
1400 3550 1595 3623 argumenta,
1611 3548 1726 3623 atquae
1746 3543 1828 3603 facili
1842 3543 1916 3604 loco·
2025 3584 2026 3615 ,

338 3639 508 3717 praesertim
519 3654 590 3698 cum
612 3638 696 3698 haud
716 3655 829 3716 magna
843 3639 883 3698 sit
895 3639 987 3698 hodie
1001 3640 1039 3700 de
1048 3641 1106 3700 hac
1154 3653 1226 3696 rum
1236 3637 1362 3697 illorum
1376 3636 1592 3715 explanatione
1605 3635 1780 3696 diluuntur.

337 3748 371 3789 re
385 3730 606 3805 controi·ersla;
620 3735 651 3789 et
664 3731 690 3790 si
703 3748 766 3808 qua
779 3729 905 3790 fortasse
918 3731 1104 3809 movebitur,
1196 3729 1247 3788 lX.
1265 3729 1385 3789 Etenim
1406 3730 1491 3807 quod
1514 3729 1566 3801 ait,
1596 3750 1612 3785 a
1634 3728 1795 3788 neminem
1816 3729 1916 3789 noina

338 3821 425 3882 nulla
435 3822 497 3882 sint
517 3822 663 3883 adversas
686 3839 852 3883 commune
874 3823 988 3901 dogma
1001 3824 1106 3904 dispu-
1157 3822 1256 3880 Deum
1270 3841 1285 3875 ο
1301 3820 1448 3898 Origenes
1472 3821 1507 3880 in
1531 3821 1660 3899 septimo
1686 3828 1793 3878 contra
1811 3818 1916 3880 Celsen

338 3914 470 3975 tantiam
484 3915 557 3975 satis
568 3914 659 3975 firma
682 3914 843 3994 praesidia:
861 3915 1022 3994 dequibus
1036 3916 1106 3976 bre·
1157 3914 1194 3972 de
1209 3913 1344 3991 eorporis
1358 3912 1454 3971 oculis
1475 3912 1604 3991 aecipit;
1621 3912 1788 3990 Gregorius
1814 3910 1916 3973 aaut.

339 4007 428 4081 viter,
439 4025 479 4067 ne
494 4007 568 4086 quid
581 4007 631 4067 hic
641 4007 839 4080 desideretur,
856 4007 1012 4083 agendum
1021 4008 1108 4070 drini-
1158 4004 1254 4065 XVlll
1268 4024 1294 4064 o.
1309 4020 1418 4077 arion,
1435 4005 1475 4063 ad
1487 4008 1602 4063 statum
1615 4004 1686 4063 ritae
1700 4006 1871 4082 praesentis.
1891 4010 1917 4064 et

339 4116 420 4160 mus.
1157 4098 1190 4156 in
1204 4114 1330 4176 corpore
1345 4097 1445 4156 adhue
1468 4095 1639 4156 haerentem
1653 4096 1797 4156 animum
1820 4095 1915 4156 refert

379 4193 458 4251 Vlll.
489 4193 547 4265 Qui
570 4192 706 4253 divinam
734 4197 879 4252 naturam
901 4209 940 4251 ne
966 4209 985 4251 a
1012 4191 1109 4251 beatis
1158 4188 1217 4248 Alii
1225 4189 1263 4248 de
1274 4188 1407 4267 praefecta
1417 4188 1470 4248 Dei
1480 4188 1599 4261 notitia,
1612 4206 1681 4267 quse
1691 4188 1917 4267 comprehensio

340 4283 466 4361 qiridem
489 4284 646 4344 mentibus
666 4284 756 4353 clare,
773 4288 804 4343 et
821 4283 955 4343 utestin
969 4300 1045 4355 sese,
1062 4284 1106 4342 ri-
1155 4280 1284 4355 dicitur,
1304 4280 1492 4358 intelligunt,
1517 4286 1552 4340 ut
1571 4279 1752 4341 Ambrosius
1769 4282 1803 4340 in
1817 4281 1917 4342 Lacon

340 4376 406 4437 deri
433 4395 471 4437 ex
495 4376 630 4456 professo
653 4375 857 4447 defenderint,
885 4392 956 4434 rum
973 4374 1012 4434 ab
1028 4375 1108 4434 anti·
1158 4374 1241 4451 apud
1265 4375 1474 4451 Augustinum
1494 4372 1622 4452 epistola
1636 4389 1706 4432 cxii.
1722 4373 1804 4432 Vera
1818 4378 1918 4433 eatan

340 4468 500 4547 qirrorihus
512 4469 572 4528 illis
586 4468 768 4541 discesseris,
790 4468 844 4545 qui
858 4468 889 4526 id
903 4466 952 4526 rel
967 4466 1106 4540 obscure,
1158 4470 1221 4524 tem
1235 4484 1270 4525 ea
1291 4465 1380 4538 ratio,
1395 4480 1490 4542 qnam
1512 4482 1553 4527 en
1574 4464 1722 4541 Gregorio
1750 4465 1915 4538 retulimus,

340 4561 390 4619 rel
403 4562 574 4621 evidentius
595 4564 747 4633 asserant,
764 4564 799 4618 ut
813 4559 953 4638 saperius
967 4558 1106 4633 ostendi3
1158 4557 1236 4618 nulli
1248 4558 1282 4616 in
1309 4574 1436 4634 corpore
1460 4554 1583 4633 degenti
1597 4555 1716 4615 homini
1742 4575 1801 4616 nec
1818 4556 1914 4627 oeulis,

341 4653 518 4712 recentioris
551 4652 701 4712 hahemus
726 4653 885 4711 memoria.
913 4651 1108 4730 potissimum
1157 4668 1213 4709 neo
1235 4648 1437 4726 intelligentia
1464 4652 1662 4726 conspectum
1681 4666 1746 4707 esse
1764 4649 1871 4719 Deum,
1884 4664 1915 4707 ιι

342 4746 472 4819 Graecos,
500 4750 530 4805 et
543 4745 705 4805 Armenos.
722 4746 766 4803 De
792 4744 930 4822 utrisque
955 4741 1040 4802 testis
1064 4747 1109 4802 est
1158 4759 1197 4801 ne
1224 4741 1300 4802 Mosi
1324 4740 1449 4819 qiridcm
1470 4744 1501 4798 et
1522 4739 1679 4819 prophetis
1705 4740 1831 4801 caeteris.
1858 4739 1914 4798 Hoc

342 4837 510 4898 Richardus
528 4837 709 4915 Radulphus
728 4836 980 4913 Archiepiscopus
998 4838 1108 4894 Arma-
1157 4835 1241 4893 enim
1259 4839 1423 4912 propterea
1440 4833 1576 4892 loannes
1589 4832 1675 4901 dixit.
1694 4832 1910 4892 utostenderet

342 4946 436 4988 canus
450 4930 482 4989 in
505 4928 584 4988 libro
599 4928 667 4987 XIV
682 4927 717 4987 de
734 4925 945 5002 (lucrationibus
961 4927 1106 4987 Armeno·
1157 4944 1246 5004 aqiro
1273 4931 1338 4985 tam
1352 4923 1466 4997 divina,
1482 4929 1513 4984 et
1534 4924 1686 5002 stirpanda
1711 4942 1822 4983 meana
1843 4921 1910 4982 didi·

377 5189 395 5227 tt
418 5171 514 5227 Datin.
529 5172 604 5231 Mon.
625 5168 654 5223 Oi
668 5168 715 5242 γὰρ
735 5169 810 5241 ἅγιοι,
825 5168 912 5230 πάντες
923 5168 963 5220 καὶ
975 5167 1107 5239 ἅνθρωποι,
1158 5164 1235 5218 ἀΐδιον
1246 5165 1369 5239 δέχονται,
1379 5165 1419 5217 καὶ
1429 5164 1532 5235 δωρεάν.
1548 5161 1633 5217 οὖσίαν
1655 5162 1682 5216 δὲ
1704 5164 1761 5217 θεοῦ
1774 5162 1848 5225 cilicie
1859 5178 1905 5215 ποτε

340 5256 380 5309 καὶ
393 5255 493 5327 ἄγγελοι
502 5252 573 5317 δόξαν
585 5252 627 5326 μὲν
644 5253 750 5325 ἄχρονον
760 5252 836 5323 ὁρῶσι
846 5255 889 5307 τοῦ
900 5252 964 5315 θεοῦ,
975 5246 1016 5305 ari
1025 5250 1106 5322 χάριν,
1156 5249 1291 5321 ἅνθρωπος,
1307 5248 1363 5300 οὔτε
1373 5247 1476 5319 ἅγγελος
1490 5244 1545 5299 οὔτε
1555 5240 1614 5318 εἶδε,
1630 5244 1685 5300 οὔτι
1701 5244 1760 5299 ἰδεῖν
1770 5248 1869 5300 δύναται.

367 5427 377 5468 t
391 5425 440 5469 Gor.
451 5434 500 5467 rur.
511 5423 562 5464 -2
573 5420 621 5464 Llh.
633 5420 690 5463 llllll
704 5421 730 5463 de
741 5421 803 5466 civit.
817 5433 836 5463 c,
849 5419 950 5462 xxix-³
961 5420 1029 5463 deod.
1041 5429 1117 5461 rrrrn.
1125 5417 1173 5460 -l
1185 5417 1224 5471 Ep.
1237 5427 1290 5468 cru,
1302 5428 1323 5459 c.
1336 5427 1383 5458 vnr.
1396 5414 1444 5457 -5
1455 5413 1537 5458 lJocn.
1551 5425 1585 5465 ιιι,
1594 5415 1616 5457 2.
1628 5415 1701 5459 -al
1714 5416 1763 5459 Gor.
1776 5428 1822 5459 nir.
1832 5416 1875 5458 -7
1885 5413 1905 5456 ln

340 5490 388 5534 sort.
401 5486 496 5543 quodam
510 5483 565 5527 ttlbl.
579 5484 635 5536 Aug.
649 5482 715 5537 apud.
729 5482 783 5526 lind.
796 5482 817 5524 ln
829 5482 889 5527 Notis
898 5483 927 5525 aa
941 5481 978 5524 in.
992 5480 1011 5523 ll
1025 5481 1078 5525 litet.
1090 5482 1143 5525 (nn.
1157 5485 1199 5524 tna.
1213 5501 1239 5512 -
1250 5477 1263 5519 8
1274 5480 1336 5523 toan.
1350 5489 1366 5531 ι,
1380 5478 1413 5522 lo.
1423 5498 1451 5508 -
1461 5476 1475 5517 a
1487 5475 1495 5518 l
1509 5476 1563 5521 nn.
1573 5488 1590 5527 ι,
1603 5477 1635 5525 ¹7-
1644 5500 1674 5511 -
1684 5478 1731 5521 101
1745 5479 1797 5523 tint
1814 5488 1841 5531 ιι,
1852 5477 1879 5523 a
