4096 6190
421 355 471 413 DE
491 356 565 416 DEO
587 358 729 430 natoue
750 358 1089 434 PltOPlllETATlBUS,
1111 362 1184 421 LIB.
1208 362 1272 437 Vll,
1295 362 1378 421 CAP.
1402 363 1439 421 X.
1654 362 1713 421 605

121 518 470 590 turae,acsanct0r11m
497 520 673 581 matimonio
696 525 892 601 persuadent,
944 508 1049 586 autem
1076 526 1192 587 ordinis
1217 527 1359 606 angelos,
1389 526 1485 587 veluti
1511 527 1657 600 thronos,
1683 533 1714 586 et

121 625 194 686 quae
215 609 385 687 unicuique
402 611 570 688 justorum,
587 633 622 674 ac
640 620 818 676 sanctorum
838 636 895 695 pro
943 617 1171 679 dominationes
1180 618 1301 697 plenius
1314 618 1429 692 videre,
1440 636 1535 697 quam
1548 618 1712 693 inferioris,

121 701 323 774 meritorum,
343 720 380 762 ae
401 704 545 765 laborum
567 706 712 781 modulo,
738 713 895 769 consenta-
944 713 1065 770 utsunt
1085 711 1186 789 angeli
1206 709 1454 788 etarchangeli⁶
1473 710 1641 789 :deinceps
1655 711 1714 769 dis

119 810 216 853 neam
236 794 388 856 felicitatis
402 802 526 857 aeoernae
544 799 720 859 mercedem
741 818 805 860 esse
823 818 893 879 per·
943 802 1026 879 paris
1033 802 1117 862 illius
1130 803 1399 882 contemplationis
1413 820 1539 863 causam
1549 802 1631 863 hane
1639 801 1712 862 sub·

118 884 304 948 solvendam
323 889 497 963 adstruunt,
528 907 599 967 quae
622 896 696 951 sunt
718 892 895 952 innumera·
938 893 1017 970 jicit,
1036 896 1119 973 quod
1141 895 1350 973 «unicuique,
1367 899 1521 972 quantum
1539 913 1636 974 capax
1655 900 1712 965 est,

118 975 892 1061 bilialumimprimisea,quibuscertisoperibus,
942 985 1097 1046 revelatur
1115 1006 1134 1047 a
1157 986 1234 1047 Filio
1249 993 1280 1046 et
1299 986 1415 1065 Spiritu
1437 991 1542 1047 sancto
1556 987 1638 1047 Deus
1651 996 1674 1045 ⁶.
1695 1008 1710 1043 ο

118 1088 194 1148 quta
209 1070 257 1129 vel
270 1074 494 1150 praestantiora,
513 1072 563 1133 vel
576 1075 642 1135 sine
659 1075 753 1135 ullius
767 1077 895 1137 necessi·
943 1078 1024 1138 lum
1045 1097 1131 1153 vero,
1154 1078 1354 1156 «Unicuique
1373 1078 1567 1156 angelorum,
1583 1079 1636 1153 ait,
1657 1097 1714 1157 pro

118 1166 186 1222 tute
196 1164 453 1243 praecptisponte
462 1170 601 1244 suscepta
609 1166 735 1241 fuerint,
743 1167 895 1229 uberioris
944 1170 1071 1230 modulo
1081 1171 1207 1245 virium,
1217 1170 1332 1231 revelat
1342 1189 1413 1231 cnm
1425 1171 1541 1249 Spiritu
1551 1188 1606 1248 per
1616 1170 1713 1248 Spiri-

121 1256 246 1332 praemii
253 1256 461 1335 compensatio
471 1258 671 1336 promittitur.
684 1260 758 1331 Quae
767 1260 894 1337 quidem
943 1267 1012 1322 turn
1024 1268 1164 1323 sanctum
1175 1263 1359 1340 Unigenitus
1369 1261 1393 1321 1¹.
1409 1285 1424 1319 o

119 1353 343 1426 supererogata
356 1368 451 1427 opera
464 1349 622 1424 dicuntur,
642 1350 680 1411 de
695 1351 807 1429 quibus
821 1352 894 1411 alibi
984 1355 1029 1414 lta
1051 1354 1218 1432 Gregorius
1240 1355 1448 1414 Nazianzenus
1461 1354 1600 1415 oratione
1613 1368 1711 1430 πων,

120 1438 291 1501 dirimat
946 1445 1111 1525 «angelos,
1133 1452 1228 1525 prout
1245 1446 1370 1506 illorum
1394 1453 1439 1507 cst
1457 1446 1544 1521 ordo,
1565 1446 1635 1526 plus
1653 1447 1713 1506 mi·

164 1533 202 1591 V.
218 1534 380 1593 Undenam
394 1550 468 1592 vero
482 1532 641 1612 inaequalis
655 1533 706 1594 ille
720 1534 766 1595 rei
780 1536 895 1614 simpli·
943 1556 1039 1599 nnsve
1054 1541 1152 1599 Deum
1167 1549 1320 1616 cerneret,
1331 1562 1346 1596 n
1361 1557 1426 1599 non
1440 1540 1505 1599 sine
1520 1539 1713 1599 dubitatione

120 1624 263 1700 eissimae,
281 1624 511 1703 individuaque
523 1626 682 1685 contuitus
700 1627 819 1702 existat,
836 1628 894 1689 hoc
942 1631 1056 1691 scribit.
1072 1632 1121 1691 Sic
1136 1631 1301 1710 Dionysius
1314 1632 1347 1690 in
1363 1630 1460 1709 capite
1473 1630 1575 1710 primo
1587 1629 1716 1691 dedici-

120 1722 170 1776 cst
178 1717 233 1796 qui
246 1717 311 1791 fiat,
322 1722 357 1776 ut
368 1716 476 1776 eadem
491 1717 546 1777 Dei
558 1723 681 1792 natura,
697 1737 754 1797 pro
766 1721 892 1780 merito-
942 1722 988 1781 nie
1001 1721 1174 1800 suricibus,
1195 1744 1210 1779 c
1226 1723 1343 1801 Siquid
1355 1722 1597 1800 sapientissimae,
1613 1741 1649 1782 ac
1660 1741 1713 1783 vc·

120 1827 196 1869 rum
210 1809 395 1882 diversitate,
411 1809 533 1884 clarius,
550 1815 604 1870 aut
617 1811 720 1871 minus
734 1813 893 1892 perspicue
941 1814 1071 1875 rissimae
1079 1815 1243 1893 theologiae
1252 1816 1376 1875 decreto
1386 1814 1459 1874 fidei
1469 1820 1514 1875 est
1520 1815 1711 1887 habendum,

120 1901 265 1961 videatur
285 1920 291 1960 :
311 1907 381 1961 turn
399 1906 507 1961 utrum
521 1903 670 1962 naturalis
684 1904 893 1981 intelligentia
942 1925 999 1985 pro
1014 1907 1132 1967 ratione
1149 1906 1391 1986 uniuscnjusque
1406 1907 1530 1981 mentis,
1546 1907 1651 1966 divina
1664 1926 1714 1967 re·

121 1993 181 2067 vis,
191 2012 226 2053 ac
237 1993 350 2053 mentis
359 1993 450 2067 acies,
461 1993 568 2053 itidem
580 1995 657 2053 utin
670 1994 816 2055 doctrinis
828 2015 895 2076 per·
941 1998 1047 2073 velari,
1062 2005 1093 2059 ct
1106 1998 1216 2077 inspici
1229 1999 1346 2073 amerit,
1363 2017 1399 2058 eo
1412 1998 1495 2076 quod
1505 1997 1609 2057 divina
1622 1998 1674 2058 illa
1684 2004 1715 2059 et

121 2084 274 2164 cipiendis
297 2084 452 2159 usuvenit,
475 2085 515 2145 ad
539 2085 636 2145 beatae
658 2085 741 2146 illius
767 2086 894 2151 vidonis
942 2089 1119 2169 principalis
1130 2090 1253 2150 bonitas
1266 2108 1331 2169 prae
1341 2090 1425 2149 modi
1439 2108 1474 2150 ac
1488 2107 1642 2150 mensurae
1653 2108 1715 2151 ser·

119 2175 344 2254 perfectionem
363 2176 480 2254 aliquid
500 2177 647 2252 conferat,
673 2196 708 2237 ac
731 2184 894 2257 propterea
942 2182 1055 2242 vatrice
1085 2182 1221 2259 justitia,
1240 2182 1480 2241 immoderatum
1511 2198 1618 2255 omne,
1644 2187 1713 2242 tan-

120 2269 226 2347 angeli
241 2271 340 2330 Deum
353 2268 474 2343 melius,
491 2286 584 2347 qnam
597 2270 740 2330 homines
757 2270 826 2350 ipsi,
846 2273 892 2332 vi-
941 2292 1037 2351 quam
1046 2274 1087 2341 id,
1102 2274 1186 2353 qnod
1195 2273 1264 2352 capi
1272 2292 1336 2333 non
1346 2272 1620 2352 potest,secernits.
1628 2294 1642 2329 ο
1656 2273 1713 2346 Qui

120 2361 227 2437 deant,
237 2361 552 2440 longisaccuratisque
564 2362 783 2422 certationibus
792 2363 894 2443 dispu·
941 2364 1712 2445 locusinsignisest3inquo,utiltlaximus0bservat,

119 2458 190 2513 tamt
214 2454 337 2514 scholae.
363 2454 450 2527 Quod
475 2454 543 2513 ideo
567 2473 585 2513 a
608 2452 765 2532 proposito
787 2460 893 2516 nostro
942 2454 980 2513 de
992 2454 1309 2532 angelisuonminus,
1322 2453 1465 2530 quamde
1477 2451 1656 2512 hominibus
1672 2453 1716 2513 lo·

120 2544 259 2606 menum
278 2552 334 2621 cst,
356 2547 429 2624 quia
453 2546 655 2625 perexiguam
675 2547 894 2607 controversia·
942 2545 1059 2623 quitur.
1070 2547 1135 2605 lmo
1145 2545 1673 2624 deillisproesertimzquouiamvta,
1682 2545 1715 2605 id

119 2655 194 2697 rum
230 2638 359 2699 istarum
399 2638 655 2716 significationem
694 2638 893 2716 antiquorum
942 2637 1242 2716 cstncentes,proprie
1251 2642 1403 2697 vocantur
1412 2636 1525 2716 angeli.
1534 2637 1631 2715 igitur
1640 2636 1713 2697 bea·

120 2731 234 2809 scripta
244 2731 418 2809 perhibent,
435 2749 451 2789 e
466 2730 579 2808 quibus
591 2730 732 2789 instituta
744 2730 794 2789 hic
809 2750 894 2791 ano
941 2729 980 2788 tis
987 2729 1162 2789 mentibus«
1168 2748 1224 2807 pro
1230 2729 1379 2807 cujusque
1385 2728 1565 2804 modulo,ac
1572 2728 1715 2790 facultate
1731 2802 1735 2809 ⁴

119 2821 169 2881 bis
194 2822 440 2900 theologicorum
464 2824 645 2900 dogmatum
671 2821 810 2881 uectatio
829 2828 893 2882 tota
942 2819 1715 2900 perspicuaneiilluminationihutur,voaitntaxi-

120 2914 285 2993 dependet.
303 2915 408 2974 Unum
421 2914 480 2973 hoc
493 2931 607 2993 paucos
621 2931 659 2973 ex
679 2913 740 2972 illis
752 2913 891 2974 animad-
942 2931 1023 2973 mus.
1051 2913 1138 2985 Quod
1163 2918 1208 2972 est
1230 2912 1359 2990 justitiae
1383 2911 1555 2990 proprium.
1581 2932 1596 2968 c
1615 2910 1715 2989 uuus

119 3006 200 3064 verti
214 3006 328 3081 dicere,
344 3024 401 3085 pro
421 3006 545 3081 mentis,
561 3024 595 3065 ac
615 3007 828 3083 cognoscentis
848 3007 892 3067 fa-
943 3005 1029 3065 enim
1054 3011 1099 3064 est
1118 3022 1174 3082 pro
1199 3003 1347 3081 cujusque
1369 3004 1481 3063 merito
1508 3021 1543 3063 ac
1564 3003 1714 3081 dignitate

118 3096 244 3157 enitatis
259 3097 446 3171 conditione,
464 3096 589 3157 visionis
605 3097 702 3172 istius,
721 3101 752 3156 et
771 3115 891 3173 eorum,
942 3096 1059 3175 partiri.
1072 3094 1221 3168 Quocirca
1235 3095 1364 3154 modum
1375 3111 1501 3154 omnem
1513 3095 1715 3173 superatqui-

118 3207 193 3266 quae
206 3208 269 3249 una
278 3189 504 3268 percipiuntur,
517 3190 708 3264 varietatem,
720 3194 750 3248 et
759 3189 896 3267 inaequa-
944 3190 1015 3249 dem
1027 3187 1082 3248 Dei
1096 3186 1247 3265 cogniti03
1262 3205 1320 3246 nos
1338 3192 1443 3247 autem
1458 3186 1551 3247 modo
1571 3205 1606 3245 ac
1624 3205 1713 3247 men·

118 3279 185 3341 lem
199 3281 421 3359 persta-tionem
431 3281 572 3341 existere.
586 3282 664 3340 Nam
679 3279 812 3358 Gyrillns
825 3281 895 3341 flio
943 3298 1016 3341 sura
1029 3297 1107 3358 opus
1122 3278 1283 3341 habemus.
1300 3279 1379 3339 Nam
1400 3279 1426 3338 si
1439 3279 1642 3338 immoderate
1655 3297 1713 3339 no-

118 3373 363 3451 rosolymitanus
384 3374 417 3433 in
441 3372 587 3433 Cotcclceri
605 3390 649 3447 vr,
672 3371 726 3431 ubi
746 3373 784 3432 de
804 3373 895 3433 beata
943 3371 991 3432 bis
1025 3371 1224 3445 revelaretur,
1264 3370 1304 3429 ab
1339 3370 1468 3430 interitu
1502 3369 1617 3430 servari
1650 3389 1714 3431 non

119 3464 178 3524 Dei
200 3464 459 3544 contemplatione
484 3465 632 3543 loquitur,
656 3469 822 3543 postquam
841 3464 894 3524 illa
944 3481 1113 3543 possemus,
1125 3463 1171 3522 nti
1185 3480 1286 3540 neque
1301 3462 1439 3541 corporis
1449 3461 1558 3522 oculus
1572 3462 1598 3521 si
1611 3467 1714 3523 totum

117 3555 251 3635 scripsit,
272 3575 342 3636 quae
361 3575 418 3616 nos
438 3574 532 3635 supra
551 3574 590 3615 ex
608 3574 644 3615 eo
665 3556 891 3634 descripsimus,
943 3556 1039 3616 solem
1057 3554 1242 3633 reciperetl.
1259 3575 1274 3611 ο
1294 3555 1379 3615 ldem
1400 3554 1493 3614 etiam
1511 3562 1542 3614 et
1564 3555 1598 3615 in
1616 3555 1714 3634 capite

117 3647 248 3725 angelos
267 3650 365 3709 Deum
379 3648 494 3709 intueri
512 3670 524 3704 ι
540 3653 693 3726 quatenus
710 3666 818 3727 capere
835 3648 894 3726 ipsi
943 3667 1027 3708 nono
1049 3648 1120 3707 libri
1140 3645 1174 3707 dc
1199 3645 1317 3709 Caelesti
1336 3644 1515 3707 Hierorrlrto
1532 3647 1626 3707 tradit
1646 3646 1715 3706 Ilio

116 3746 275 3817 queunt⁰‚
292 3762 307 3797 n
325 3759 360 3800 ac
374 3740 475 3800 solum
487 3740 682 3818 unigenitum
698 3739 808 3799 Filium
822 3758 893 3799 cum
944 3740 1072 3818 nysius:
1090 3761 1105 3797 c
1115 3758 1171 3818 pro
1181 3737 1423 3816 intelligibilium
1436 3739 1610 3813 oculorum,
1625 3738 1714 3799 visio·

116 3830 240 3909 Spiritu
253 3838 359 3892 saneto
372 3833 505 3911 perfecte
517 3833 712 3910 conspicere:
729 3832 894 3910 superioris
944 3849 1082 3910 numque
1102 3830 1349 3890 dissimilitudine
1369 3830 1467 3889 divini
1489 3830 1661 3908 splendoris
1679 3850 1714 3890 ac

154 4084 176 4123 a
195 4066 427 4124 Crntt.Cat.t1.
452 4064 532 4119 ’.θλλά
551 4069 680 4138 βλέπουσιν
698 4064 843 4138 οθάγγελοι,
863 4064 892 4119 οθ
941 4067 980 4118 καὶ
995 4067 1131 4136 τρανοῗντο,
1151 4063 1225 4118 εἶκαὶ
1246 4064 1279 4137 μὴ
1294 4064 1383 4137 πάντη
1400 4063 1538 4136 ἀλλ’ἥμῶν
1553 4086 1581 4137 γε
1595 4066 1711 4120 τελειθτε·

52 4154 57 4162 ’
114 4152 198 4212 καθώς
205 4149 269 4205 ἔστιν
279 4151 294 4203 θ
303 4151 366 4215 ceu,
379 4148 443 4201 ἀλλά
457 4153 559 4203 καθόσον
569 4151 609 4203 καθ
621 4149 689 4203 wirot
704 4154 836 4221 χωροῦσιν.
941 4151 983 4220 ρθν
993 4167 1028 4211 τε,
1043 4149 1083 4201 καὶ
1098 4146 1273 4219 ἔκτοπιθτερον,
1288 4150 1328 4200 καὶ
1338 4147 1420 4199 ἄλλων
1439 4147 1512 4200 ἀλλαι
1521 4150 1605 4202 πλεῖον
1617 4151 1632 4216 ἢ
1642 4149 1713 4204 ἔλατ·

154 4235 225 4291 θΕθ
238 4249 322 4288 mox:
345 4233 479 4286 Βλέπουσιν
503 4227 545 4284 obv
573 4232 596 4286 oi
613 4232 713 4304 ἄγγελοι
740 4231 793 4283 καθ’
807 4233 822 4283 θ
838 4252 890 4304 χω·
940 4249 994 4297 τον,
1004 4230 1066 4284 κατὰ
1076 4230 1119 4297 τὴν
1135 4230 1266 4302 ἀναλογίαν
1276 4235 1319 4297 τῆς
1332 4228 1429 4293 τάξεως.

115 4320 198 4389 ροΰσι·
225 4315 266 4368 καθ
286 4314 435 4387 ἀρχάγγελοι
453 4316 507 4368 καθ’
530 4317 545 4367 θ
567 4311 831 4385 θθνανται,θρθνοιθὲ,
851 4314 891 4365 καὶ
976 4312 997 4388 s
1012 4315 1090 4370 Dtort.
1104 4312 1183 4369 initio
1203 4312 1494 4369 {thurismundo
1516 4313 1624 4386 Καθγάρ
1650 4312 1673 4367 εἴ
1688 4333 1712 4368 τι

113 4403 258 4472 reprimes<
267 4401 383 4470 μειζόνως
399 4398 441 4469 μὲν
460 4398 527 4469 παρὰ
542 4399 597 4459 robe
610 4399 738 4469 πρώτους,
753 4396 855 4448 ἔλαττον
864 4394 891 4448 δὲ
939 4399 1025 4469 δεῖτῇ
1048 4398 1178 4467 πανσθρῳ,
1207 4396 1248 4449 καθ
1269 4396 1419 4468 ἀληθεστάτῃ
1444 4397 1559 4468 θεολογθᾳ
1578 4397 1711 4464 πείθεσθαι,

113 4488 163 4550 τῆς
173 4482 251 4545 ἀξθας.
938 4480 1001 4533 κατὰ
1010 4479 1053 4546 τὴν
1068 4479 1200 4550 ἀναλογίαν
1211 4478 1312 4533 ἑκάστου
1325 4485 1374 4532 τῶν
1385 4485 1461 4543 νοῶν,
1474 4479 1667 4534 ἀναααλθπτεται
1680 4480 1712 4534 τά

155 4583 171 4621 ο·
190 4564 260 4621 thid.
281 4562 345 4617 Οθθθ
355 4564 402 4635 γὰρ
415 4564 457 4616 τθν
472 4564 566 4634 πατέρα
574 4581 610 4624 τις
622 4560 786 4634 ἐπιγινώσκει,
805 4561 889 4632 φησὶν,
938 4562 1001 4626 θεῖα,
1012 4562 1053 4615 καὶ
1063 4560 1229 4617 θποπτεθεται.

113 4648 138 4701 εἰ
151 4647 186 4719 μὴ
201 4647 288 4712 inibe,
298 4648 337 4699 ael
354 4641 418 4716 ᾧᾶν
437 4644 518 4707 θυὶθς
538 4645 692 4716 ἀποκαλύψῃ.
713 4645 795 4715 βλέπει
808 4644 861 4696 καθ’
876 4644 890 4694 θ
973 4661 994 4715 ρ
1012 4646 1117 4701 Mirm.
1133 4645 1169 4701 ad
1183 4661 1243 4716 cap,
1263 4660 1281 4697 r.
1300 4644 1337 4701 de
1352 4648 1416 4701 Dic,
1435 4662 1511 4701 nom,
1533 4644 1603 4700 Κατὰ
1625 4646 1654 4700 τὸ
1669 4647 1711 4717 μς.

112 4733 167 4795 δεῖ,
182 4732 224 4783 καὶ
234 4730 399 4784 ἀποκαλύπτει
414 4729 456 4781 obv
472 4733 509 4800 τῷ
522 4728 649 4800 πνεύματι,
664 4728 705 4779 καὶ
719 4727 759 4779 διὰ
769 4730 810 4780 τοῦ
820 4726 890 4779 πνεθ-
938 4746 995 4799 τρον
1005 4731 1049 4794 τῆς
1059 4727 1161 4783 ἑκάστου
1172 4728 1297 4799 δυνάμεως
1310 4726 1327 4794 ἣ
1338 4729 1404 4799 παρὰ
1410 4729 1466 4782 θεοῦ
1476 4732 1620 4802 χορηγεῖται
1627 4736 1711 4801 σαφῶς

113 4832 205 4885 ματος,
216 4814 292 4866 καθθ
304 4813 404 4873 ἕκαστος
412 4814 500 4884 χωρεῖ,
511 4810 552 4865 τθν
566 4812 630 4864 θεόν.
938 4809 1067 4881 ἔλλσμψις.

151 4896 174 4951 d
193 4895 262 4951 lbld.
281 4890 886 4966 Κατθγάρτηνοίπεθανὲκάστῳδύναμιν,ἀποκα·
973 4890 992 4945 Ιι
1012 4892 1079 4947 lbid.
1101 4892 1257 4961 Δικαιοσθνης
1284 4892 1330 4964 γάρ
1354 4891 1417 4946 ἴδιον
1428 4894 1458 4947 τθ
1473 4895 1526 4947 κατ’
1550 4891 1710 4964 ἀξίανέπιμε-

111 4980 202 5032 λθπτει
212 4981 255 5032 obv
270 4984 306 5050 τῷ
315 4978 435 5048 πνεύματι
454 4975 494 5029 διὰ
515 4982 558 5029 τοῦ
570 4977 707 5046 πνεύματος
726 4979 770 5028 τοῦ
788 4973 859 5044 ἆγθοο
874 4974 889 5027 θ
938 4976 1001 5045 τρεῖν
1018 4973 1122 5044 ἑκάστῳ.
1135 4978 1262 5046 τοιγαροῦν
1273 4974 1408 5046 ἀμέτρητος
1422 4975 1464 5046 μὲν
1480 4976 1495 5040 η
1515 4976 1569 5046 περὶ
1581 4977 1636 5028 θεοῦ
1646 4983 1710 5047 γνῶ-

111 5064 260 5135 μονογενης.
937 5075 984 5117 σις.
1010 5057 1079 5127 ἡμεῖς
1100 5057 1127 5109 δέ
1151 5057 1246 5127 μέτρων
1263 5056 1376 5128 δεόμεθα.
1402 5056 1423 5108 εἰ
1445 5057 1491 5127 γὰρ
1519 5056 1630 5128 ἀμέτρως
1650 5058 1710 5129 ἡμῖν

152 5146 253 5202 eNtz.
273 5143 304 5197 lt
317 5142 396 5212 (sub.
412 5144 492 5214 φύσεις
504 5141 529 5195 αἶ
544 5141 676 5214 ἀνωτέρω)
690 5140 730 5194 διὰ
745 5139 774 5193 rb
783 5140 888 5206 πλησίον
939 5138 1136 5202 ἀπεκαλθπτετο,
1162 5137 1207 5191 οὖα
1225 5140 1254 5190 ἃν
1281 5137 1414 5209 ἐσώθημεν·
1442 5139 1475 5199 ὡς
1494 5138 1549 5192 otae
1571 5141 1710 5211 σωματικθς

110 5226 179 5285 εἶναι
198 5230 263 5293 θεοῦ,
278 5229 318 5280 καὶ
336 5228 388 5298 ὅλῳ
409 5232 446 5297 τῷ
460 5225 522 5297 φωτὶ
536 5225 746 5293 saturnana,
767 5223 842 5294 τυχὸν
860 5224 888 5273 ἀν
937 5220 1062 5291 θρθαλρθς
1072 5221 1131 5274 θλον
1146 5220 1216 5285 ἥλιον
1227 5221 1370 5292 δεχόμενος.

142 5362 153 5403 1
167 5356 222 5403 vide
232 5355 272 5401 lit.
286 5356 306 5399 u
318 5357 409 5401 buren.
421 5356 480 5401 θοοὶ.
491 5366 510 5400 e.
523 5366 553 5396 rr.

297 5477 373 5538 Tou.
398 5476 422 5535 l.
1140 5494 1166 5531 n
