4030 6204
192 335 197 346 .
295 291 355 354 tto
815 286 1140 381 thaamatcoaun
1160 287 1379 351 boematum

296 456 380 519 videt
393 456 504 525 Filius,
525 462 557 517 et
575 454 707 536 Splrltus
720 459 854 517 sanctus.
870 454 993 517 Etenim
1010 473 1067 517 na-
1116 472 1210 516 nemo
1221 456 1289 533 scit,
1299 454 1359 517 hoc
1372 461 1419 517 est
1429 455 1506 537 quld
1518 456 1645 519 nudem
1658 474 1695 518 ea
1708 458 1760 533 sit,
1775 464 1896 537 prater

296 554 478 611 tnracreata
487 547 784 627 omnisquitandem
792 547 966 609 increatum
977 547 1068 610 illum
1116 547 1328 624 illumsolum,
1344 547 1447 628 quiab
1460 548 1526 628 ipso
1540 550 1730 637 genitusest.
1745 550 1828 611 Nam
1837 568 1892 611 co-

296 647 398 723 potast
410 641 534 703 videre?
549 641 628 701 Nam
648 641 675 700 si
692 640 927 721 qualiscumque
946 641 1069 703 virtutis
1116 639 1289 718 gnitionem
1302 639 1346 701 ibi
1359 647 1449 702 vocat
1461 646 1640 703 accuratam
1653 641 1895 721 contemplatio·

297 734 434 814 corporis
456 732 600 813 expertis,
625 733 747 793 tametsi
772 732 853 794 facta
875 733 925 809 sit,
954 733 1068 795 claram
1116 750 1201 808 nem,
1218 738 1249 793 et
1261 733 1580 813 comprehensionem,
1596 740 1775 811 actantam,
1791 752 1894 813 quan-

297 825 592 906 contemplationem
600 842 708 904 capere
715 843 780 885 non
789 842 964 905 possumus,
975 825 1068 907 idque
1116 829 1181 886 tam
1193 824 1262 885 Filii
1272 825 1416 886 notitiam
1428 825 1522 887 habet
1534 826 1656 887 Pater‘l.
1671 847 1687 885 ιι

297 935 378 998 sape
402 919 437 980 in
455 917 572 997 angelis
592 921 751 979 ostensum
769 923 826 993 est,
848 917 948 978 multo
970 918 1069 998 magis
1158 916 1210 977 lll.
1233 916 1351 990 Quibus
1363 917 1466 978 verbis
1479 923 1585 997 aperte
1603 919 1678 980 satis
1690 919 1822 995 indicat,
1839 920 1896 981 Dei

297 1008 381 1071 illius
400 1010 482 1072 terre
507 1028 571 1071 non
591 1008 773 1090 poterimus,
797 1027 868 1088 quae
888 1014 920 1070 et
941 1028 1069 1089 corpore
1116 1009 1293 1083 essentiam
1307 1013 1339 1069 et
1356 1008 1460 1090 ipsum
1471 1011 1559 1087 adeo,
1575 1016 1612 1071 ut
1625 1012 1658 1071 in
1672 1029 1705 1072 se
1718 1016 1778 1088 est,
1791 1013 1895 1074 lleum

297 1109 391 1177 caret,
406 1108 438 1163 et
457 1108 503 1164 est
521 1102 719 1164 increatam>
742 1103 824 1163 Tum
842 1101 1043 1163 istasubtexit
1058 1122 1067 1163 ι
1116 1099 1157 1161 ab
1168 1100 1267 1177 nullo,
1283 1107 1518 1181 preterquama
1530 1103 1630 1182 seipso
1639 1103 1754 1177 rideri,
1769 1122 1809 1165 ac
1821 1122 1895 1184 per-

301 1215 317 1252 ο
331 1194 420 1269 Quod
434 1200 539 1256 autam
552 1194 650 1256 videri
663 1195 729 1275 ipse
742 1199 878 1273 nequeat
889 1212 954 1256 non
968 1195 1069 1256 solum
1117 1193 1222 1273 spicue
1235 1210 1323 1273 posse
1337 1194 1492 1272 cognosci.
1508 1196 1546 1255 Et
1564 1195 1648 1275 quod
1665 1196 1865 1276 praecipuum
1877 1214 1896 1257 e

297 1285 337 1346 ab
348 1286 540 1362 hominibus,
554 1286 608 1348 sed
620 1304 722 1366 neque
736 1286 776 1347 ab
787 1286 961 1347 coelestibus
973 1287 1070 1348 virtu-
1118 1284 1283 1365 Scripturis
1300 1291 1522 1364 argumentum
1539 1287 1694 1367 colligitur
1707 1287 1750 1349 ad
1769 1304 1893 1362 verum,

297 1377 392 1455 tibus,
414 1378 528 1439 Paulus
556 1378 700 1439 ostendit.
724 1378 801 1439 Cum
825 1378 910 1440 enim
931 1378 1067 1455 dixisset,
1118 1383 1149 1439 et
1167 1377 1354 1439 catholicum
1367 1379 1481 1456 dogma
1497 1381 1662 1456 tuendum,
1676 1379 1764 1458 quod
1781 1380 1896 1460 Angelr'

297 1469 525 1551 Manifestatum
534 1488 591 1531 esse
601 1469 687 1530 illam
694 1471 727 1535 ιἰι
734 1468 849 1545 eanw13
866 1469 994 1549 subjecit
1007 1476 1068 1531 sta·
1117 1468 1224 1549 sociem
1233 1468 1336 1531 Patria
1345 1469 1453 1546 cudent,
1465 1471 1557 1531 idille
1571 1471 1829 1551 interpretatione
1840 1490 1895 1534 sua

297 1562 366 1639 tim,
378 1562 479 1624 visum
491 1580 555 1623 esse
571 1561 700 1641 angelis.
715 1563 822 1641 ltaque
843 1562 962 1641 angelis
975 1564 1069 1624 etiam
1118 1561 1262 1637 detrahit,
1278 1562 1355 1622 dum
1377 1562 1456 1623 nihil
1473 1562 1559 1625 aliud
1580 1562 1713 1643 intelligi
1733 1564 1815 1639 vult,
1835 1566 1895 1626 nisi

298 1654 371 1733 ipsis
384 1661 459 1716 tunc
473 1654 558 1715 visus
568 1659 625 1729 est,
636 1655 762 1733 qnando
774 1672 899 1715 carnem
908 1655 1067 1716 induebat.
1118 1654 1310 1731 continuam,
1333 1658 1365 1715 et
1379 1672 1543 1734 nunquam
1553 1655 1764 1736 interruptam
1778 1656 1819 1716 de
1832 1657 1895 1718 lleo

298 1747 398 1808 Antea
410 1764 484 1808 vero
499 1763 564 1805 non
582 1746 626 1807 sic
645 1746 735 1806 illum
748 1745 905 1821 videbant,
921 1747 1070 1826 quoniam
1118 1746 1361 1825 cogitationem:
1381 1765 1452 1827 quae
1473 1747 1609 1827 prolecto
1629 1749 1697 1808 siue
1719 1748 1807 1809 clam
1828 1749 1895 1827 ejus

298 1838 371 1916 ipsis
382 1838 476 1898 etiam
482 1856 548 1900 non
559 1843 627 1898 erat
635 1837 826 1918 aspectabilis
836 1833 1007 1900 substantia
1016 1834 1066 1900 ί.»
1117 1837 1235 1899 intuitu
1248 1844 1348 1919 potest
1360 1839 1538 1902 consistam.
1554 1840 1615 1901 Sed
1626 1840 1687 1900 alia
1700 1858 1798 1920 porro
1812 1840 1893 1920 ejus-

298 1931 416 1991 Verum
441 1930 572 1991 subinde
595 1929 701 2009 objicit
727 1929 801 2007 sibi,
825 1931 909 2010 quod
934 1931 1070 1992 Christus
1118 1928 1190 1990 dem
1204 1929 1453 1993 locavideamus.

297 2022 404 2084 dixit:
434 2021 542 2103 Angelc‘
572 2040 670 2083 eoram
697 2040 808 2103 seraper
835 2020 934 2082 uident
962 2020 1069 2101 sociem
1158 2022 1892 2085 Inorationetertiacontradnomoeosdelacom·

298 2113 401 2176 Pateria
421 2115 500 2190 mei,
522 2114 577 2195 qui
601 2114 632 2175 ιἰι
654 2113 734 2175 cota
747 2112 826 2188 est²;
843 2132 879 2175 ac
892 2115 1068 2194 respondet,
1113 2111 1319 2193 pretermittit,
1331 2113 1761 2193 Deumejrumodiessedicit,
1774 2134 1892 2195 aquam

297 2225 363 2269 non
385 2207 483 2287 sequi,
511 2206 611 2268 videri
627 2205 665 2267 ab
688 2205 748 2267 illis
773 2207 937 2268 essentiam
957 2206 1067 2286 ipsam,
1119 2223 1176 2266 nec
1195 2206 1379 2285 investigare
1400 2213 1530 2287 possunt
1551 2206 1665 2284 augeli,
1687 2224 1748 2267 nec
1763 2210 1893 2269 mutari

297 2301 351 2361 sed
366 2299 495 2380 perinde
513 2298 751 2378 intelligendum
772 2297 861 2372 illud,
882 2304 974 2377 atque
997 2298 1067 2375 hoo,
1118 2298 1306 2377 archangeli,
1325 2317 1382 2360 nec
1395 2299 1499 2361 videre
1514 2298 1688 2378 Seraphim,
1703 2316 1765 2361 nec
1776 2300 1891 2362 Cheru·

297 2389 388 2453 Beati
398 2389 506 2452 muudo
519 2388 615 2459 eorde,
640 2389 780 2472 quoniam
799 2389 859 2469 ipsi
878 2389 973 2450 Deum
995 2388 1071 2451 cide
1117 2389 1185 2451 him
1199 2391 1367 2472 percipere,
1381 2409 1439 2452 nec
1456 2391 1562 2452 videre
1573 2390 1778 2471 principatum,
1794 2399 1826 2453 et
1837 2411 1890 2473 po·

298 2480 402 2543 bow.
425 2482 486 2544 Ubi
507 2482 638 2561 intelligi
660 2482 713 2559 ait,
741 2502 756 2539 ο
778 2480 890 2542 mentis
908 2481 1069 2559 intuitum,
1117 2487 1301 2560 tantaleam
1322 2484 1451 2544 virtutes
1468 2503 1475 2544 :
1497 2501 1561 2543 uno
1581 2482 1676 2544 verbo
1690 2502 1790 2563 quem
1808 2484 1892 2546 nulla

297 2575 351 2654 qui
365 2575 405 2635 ad
414 2579 539 2655 captum
552 2580 694 2635 nostrum
702 2578 892 2654 temperatus
901 2579 957 2651 est,
973 2580 1004 2635 et
1013 2592 1070 2634 no·
1118 2580 1259 2636 creatura
1267 2575 1384 2636 intueri
1393 2579 1508 2657 potest;
1519 2575 1574 2636 sed
1585 2593 1681 2654 quem
1688 2576 1777 2637 solus
1786 2577 1889 2654 Filius,

296 2667 414 2728 tionem
429 2666 495 2743 Dei,
507 2685 603 2746 quam
611 2666 773 2728 habemus.
791 2666 841 2727 Sic
855 2666 949 2728 etiam
971 2667 1006 2726 in
1018 2684 1072 2727 an-
1118 2685 1154 2727 ae
1168 2667 1298 2746 Spiritus
1317 2673 1441 2728 sanctis
1463 2673 1672 2746 cognoscunt⁶
1691 2686 1699 2727 :
1717 2689 1735 2725 ιι
1756 2674 1792 2729 et
1807 2687 1889 2745 mox,

297 2759 374 2838 galis
394 2759 608 2840 accipiendum
630 2768 687 2837 est,
713 2762 839 2839 propter
859 2776 971 2839 puram
988 2759 1070 2837 ipso·
1122 2780 1138 2816 a
1151 2758 1191 2819 ab
1213 2760 1300 2821 nulla
1321 2778 1355 2821 re
1386 2759 1465 2821 facta
1485 2764 1516 2820 et
1542 2764 1644 2821 creata
1666 2761 1891 2840 comprehendi

296 2869 369 2913 rum
391 2871 426 2915 ao
447 2851 574 2931 vigilem
601 2857 757 2927 naturam,
777 2850 856 2911 nihil
874 2852 956 2930 ipsos
973 2850 1069 2929 aliud,
1118 2869 1217 2930 posse,
1233 2842 1295 2912 uid
1309 2856 1538 2929 οοῐίαατάλγπων
1552 2851 1754 2913 οοιοιίοινοιί.
1771 2854 1890 2914 Estau·

297 2949 505 3023 preterquam
515 2944 624 3018 Deum,
635 2942 1072 3024 anlmounquam,videndum
1118 2948 1182 3003 tem
1204 2952 1349 3024 κατάληψις,
1376 2949 1413 3003 ut
1435 2961 1530 3022 supra
1551 2943 1669 3004 dicttrm
1685 2950 1745 3021 est,
1763 2944 1849 3005 ctera
1865 2954 1891 3006 et

297 3035 356 3096 sibi
375 3046 581 3116 proponeret.
598 3056 613 3094 ι
632 3037 699 3110 Quo
720 3036 813 3097 etiam
827 3035 980 3115 pertinere
994 3034 1072 3096 illud
1113 3033 1273 3115 perspicae
1281 3035 1418 3116 cognitio.
1431 3035 1614 3114 Quanquam
1624 3040 1655 3096 et
1666 3054 1726 3123 pro
1737 3036 1892 3098 illasnmi

297 3127 351 3203 ait,
368 3125 461 3189 Nemo
481 3128 561 3190 nouit
574 3127 697 3190 Patren
711 3127 773 3188 nisi
790 3126 889 3188 Filcla
899 3124 922 3187 ί.
946 3148 963 3185 ι
977 3127 1073 3200 Quor·
1117 3131 1171 3187 tur
1184 3127 1360 3206 cognitione
1379 3126 1445 3203 Dei,
1460 3145 1531 3205 qua
1545 3127 1735 3190 immensam
1747 3129 1817 3208 qus
1827 3129 1890 3190 effi·

297 3236 369 3280 sum
388 3219 490 3281 istud?
508 3220 621 3300 inquit.
641 3222 691 3282 An
710 3237 818 3280 omnes
838 3219 873 3279 in
895 3218 1073 3297 ignorantia
1118 3217 1264 3279 alentiam
1284 3218 1438 3293 exhaurit,
1461 3223 1498 3279 ut
1518 3220 1661 3298 superius
1683 3220 1818 3281 ostendi.
1834 3222 1891 3283 Sed

297 3312 477 3374 versamur?
491 3313 589 3374 Absit.
612 3313 673 3375 Sed
693 3311 844 3374 nimirum
860 3328 954 3372 nemo
969 3312 1070 3388 novit,
1118 3310 1286 3389 quominus
1306 3311 1345 3371 de
1364 3310 1424 3371 hac
1448 3311 1691 3390 interpretemur
1713 3312 1893 3392 Chrysosto

185 3478 194 3493 ⁰
298 3408 335 3464 nt
356 3404 460 3465 Filius.
486 3403 754 3478 Quemadmodum
777 3422 851 3483 ergo
870 3402 962 3464 multi
980 3401 1072 3463 illum
1117 3419 1217 3478 mum,
1233 3401 1412 3480 faciuntea,
1430 3421 1499 3482 quae
1520 3402 1637 3464 ibidem
1659 3403 1799 3482 subjicit.
1816 3406 1890 3467 Nam

297 3495 455 3572 viderunt,
480 3515 537 3577 pro
562 3515 599 3556 eo
617 3515 654 3557 ac
673 3496 799 3557 videndi
822 3513 946 3576 capaces
969 3499 1069 3573 erant,
1117 3513 1158 3556 ne
1172 3494 1298 3574 angelos
1314 3494 1452 3574 quidem,
1467 3495 1611 3575 ipsosque
1624 3496 1829 3575 Seraphimcs
1840 3499 1892 3558 Dei

297 3586 364 3667 ejus
376 3604 451 3647 vero
470 3588 635 3649 essentiam
658 3606 751 3649 nemo
771 3587 850 3649 vidit
867 3586 1011 3663 illorum;
1027 3587 1071 3647 sic
1118 3592 1263 3649 naturam
1276 3586 1388 3648 ddisse
1401 3587 1484 3663 dicit,
1500 3605 1573 3648 cnm
1590 3587 1640 3650 vel
1652 3588 1844 3649 emicantem
1855 3607 1891 3649 ex

298 3678 390 3742 multi
403 3680 503 3743 Deum
515 3679 671 3756 novimus,
686 3679 779 3759 hujus
792 3679 1070 3742 antemessentiam
1118 3678 1185 3758 ejus
1210 3678 1287 3740 solio
1320 3677 1518 3759 splendorem
1547 3678 1629 3740 terre
1656 3697 1723 3741 non
1756 3685 1887 3761 possent.

333 3982 356 4023 ct
374 3968 473 4025 Caura.
492 3968 573 4027 Mox:
593 3968 676 4030 Μόνος
689 3967 716 4022 θλ
730 3966 804 4022 αιίτθν
817 3967 865 4040 ὁρᾷ
879 3967 893 4022 θ
908 3966 970 4034 olle,
984 3969 1027 4021 ael
1040 3966 1070 4021 τίι
1119 3965 1242 4038 ἀγροπνον
1256 3964 1416 4037 φθσιν,οθδίν
1431 3966 1524 4038 ἕτερον,
1539 3964 1625 4035 ἀλλ’ἢ
1640 3967 1685 4021 τοι
1699 3966 1767 4033 θεὸν,
1784 3966 1823 4022 ἀεὶ
1835 3985 1890 4041 φεν-

296 4055 394 4124 ιινεῦρα
407 4052 436 4106 rb
449 4053 528 4124 ἀγιον.
544 4051 560 4120 ἡ
573 4050 711 4124 γάριιτιστὴ
721 4051 791 4122 φύσις
804 4053 947 4112 θπασαιιῶς
960 4051 1001 4103 καί
1011 4050 1070 4104 ἰδεῖν
1119 4049 1242 4112 τάζονται.

297 4135 396 4189 δύναται
405 4136 447 4188 τθν
457 4134 586 4203 ἀντιοτον;
597 4133 618 4188 εί
627 4132 817 4206 γάρᾶπλῶςτῆς
826 4133 959 4188 ὁποιασοῦν
969 4132 1071 4205 ἀοωμά·
1154 4130 1176 4186 d
1194 4130 1264 4188 lbid.
1285 4132 1315 4185 Τί
1326 4127 1386 4198 οθνς
1400 4131 1489 4194 πάντες
1504 4130 1528 4185 lv
1543 4130 1630 4204 ἀγνοίᾳ
1639 4129 1731 4205 ἐσμὶνς
1746 4132 1889 4206 ρὴγὲνατο

297 4218 483 4289 τοοδννάριεως,
494 4217 535 4270 καί
544 4236 584 4271 τοι
597 4214 825 4289 γεγενητῆςοίσης,
838 4214 866 4269 οὗ
877 4216 998 4286 δυνάμεθα
1006 4214 1072 4277 δέξαι
1120 4213 1177 4267 ἀλλ’
1192 4213 1268 4277 οθτως
1292 4213 1369 4276 οίνδείς
1395 4208 1472 4280 οἶδεν,
1486 4214 1521 4277 ὡς
1548 4214 1562 4268 θ
1589 4213 1649 4277 ulle.
1670 4215 1756 4285 ὥσπερ
1769 4211 1816 4269 οὖν
1829 4212 1890 4271 εἶδον

298 4301 353 4355 σθαι
368 4299 470 4371 θεωρίαν
485 4304 559 4372 σαφῆ,
575 4300 615 4352 καί
636 4303 710 4353 τοῦτο
724 4300 843 4361 πολλάκις
850 4297 943 4353 taleas
959 4297 1070 4370 ἀγγέλων
1120 4296 1194 4350 αὐτὸν
1208 4297 1299 4351 πολλοί
1317 4296 1381 4351 κατὰ
1395 4296 1438 4364 τὴν
1459 4295 1615 4370 ἐγχωροῦσαν
1630 4296 1714 4360 αὐτοῖς
1728 4298 1795 4369 ὄφιν,
1811 4296 1891 4367 shall

299 4380 406 4455 ίθείχθη·
428 4383 516 4456 πολλῷ
532 4382 628 4455 μᾶλλον
643 4386 686 4448 τῆς
706 4382 747 4436 καί
761 4380 905 4454 ἀσωμάτου,
918 4383 960 4434 καί
975 4379 1072 4453 ἀγεννή-
1119 4379 1203 4433 οὐσίαν
1218 4379 1296 4442 οὐδεὶς
1318 4378 1443 4434 ἐθεάσατο·
1472 4381 1550 4443 οὕτως
1576 4377 1647 4452 iopen
1666 4379 1759 4433 πολλοί
1772 4380 1889 4445 τθνθιθν,

299 4484 343 4521 τον
358 4464 451 4526 οίιοίας.
1118 4462 1163 4531 τὴν
1177 4462 1301 4517 διωρίαν
1317 4462 1395 4525 atcere
1409 4456 1475 4518 οίθεν
1490 4464 1516 4534 θ,
1530 4462 1555 4517 τί
1567 4463 1628 4517 ποτέ
1643 4460 1719 4525 ἔστιν,
1734 4462 1757 4516 εί
1770 4464 1806 4536 μὴ
1822 4465 1891 4536 μόνος

336 4546 519 4603 θίίιίιί.Ἐιτεί
534 4550 572 4602 ὅτι
585 4549 627 4601 καί
640 4547 714 4611 aava
728 4547 841 4620 ἀόρατος,
851 4546 880 4600 σθ
890 4547 965 4619 μόνον
975 4544 1068 4619 ἀνθρώ·
1119 4545 1267 4618 ὀγιννηθείς
1295 4544 1319 4608 lt
1346 4544 1432 4600 αὐτοῦ.
1447 4551 1539 4618 γνῶσιν
1563 4545 1610 4618 γάρ
1630 4543 1733 4599 ἐνταῦθα
1746 4546 1793 4614 τὴν
1808 4547 1890 4619 ἀσριθῆ

299 4649 369 4694 ποις,
396 4628 515 4682 ἀλλὰκαὶ
529 4633 582 4694 tetis
596 4631 647 4685 ἄνω
661 4632 778 4703 δυνάμεσι
797 4630 916 4684 δείκνυσιν
932 4629 946 4683 θ
961 4629 1068 4692 Παῦλος·
1119 4628 1186 4701 λίγει
1199 4630 1301 4700 θεωρίαν
1315 4646 1353 4695 τι,
1368 4629 1409 4680 καὶ
1430 4628 1576 4700 κατάληψιν,
1599 4628 1641 4681 καί
1654 4628 1791 4701 τοσαύτην,
1806 4629 1890 4697 &qul

300 4712 374 4768 εἰπὼν
388 4710 435 4785 γάρ
449 4712 487 4765 ὅτι
502 4711 640 4785 ἐφανερώθη
663 4712 687 4766 ἔν
701 4714 783 4785 σαρκί,
806 4711 936 4784 ἐπήγαγεν,
951 4714 989 4765 ὅτι
1002 4712 1071 4784 ὤφθη
1119 4711 1201 4785 πατὴρ
1214 4711 1266 4786 ἔχει
1279 4712 1335 4784 περί
1348 4716 1392 4765 τοῦ
1407 4712 1501 4774 παιδος.

300 4794 423 4869 ἀγγίλοις.
439 4794 504 4848 ὥστε
517 4795 558 4848 καί
579 4797 632 4857 τοῖς
647 4794 829 4868 ἀγγίλοιςτότι
844 4794 924 4866 ὤφθη,
938 4797 979 4849 ὅτι
993 4796 1071 4868 σάρκα
1155 4795 1291 4852 eCuntS.
1313 4794 1361 4848 Τίον
1384 4792 1564 4867 ἀνεξιχνίαστον
1593 4793 1716 4867 ἀγγέλοις,
1741 4795 1787 4850 τίον
1815 4795 1890 4857 dreia·

299 4878 465 4951 περιεθάλετο.
480 4879 529 4950 apd
546 4877 635 4932 τοθτοο
657 4878 684 4931 δὲ
707 4877 756 4951 οὐχ
779 4877 862 4951 ἐώρων
886 4877 959 4933 αὐτὸν
983 4879 1070 4943 σίτοις,
1120 4877 1234 4949 ρειίνητον
1248 4878 1422 4952 ἀρχαγγίλοις,
1448 4878 1492 4933 τὸν
1520 4877 1623 4932 atteror
1637 4881 1692 4941 τοῖς
1717 4881 1836 4953 σερσρίρ,
1850 4878 1889 4933 τίη

301 4958 382 5029 ἐπειδὴ
396 4961 436 5013 καί
450 4958 533 5022 αὐτοῖς
547 4958 652 5033 ἀόρατος
664 4959 681 5029 ὴ
695 4959 767 5014 οίισία
779 4957 819 5028 ἦν.
1121 4959 1286 5030 ἀοιατανόητον
1307 4963 1360 5023 τοῖς
1382 4962 1510 5035 χεροοθίμ,
1526 4959 1632 5034 ἀόρατον
1652 4960 1742 5034 ἀρχαῖς
1763 4964 1808 5015 ml
1834 4961 1890 5024 ἕω

337 5058 352 5098 ο
369 5043 438 5099 lbid.
458 5042 507 5111 Τὴν
520 5042 584 5097 κατὰ
604 5043 711 5097 διάνοιαν
732 5044 786 5116 ὄψιν
801 5043 859 5115 φησί
873 5043 916 5112 τὴν
930 5043 988 5118 ἡμῖν
1004 5047 1073 5098 bura
1120 5042 1193 5107 σίαις,
1207 5045 1249 5097 καί
1262 5044 1388 5116 δυνάμεσι,
1403 5043 1445 5097 καί
1460 5043 1544 5106 ἁπλῶς
1566 5044 1632 5116 πάσῃ
1648 5049 1679 5117 τῇ
1700 5044 1790 5099 κτίσει·
1806 5042 1888 5101 tecet

301 5120 355 5193 τὴν,
369 5122 410 5176 καί
424 5122 468 5191 τὴν
496 5122 592 5177 ἔννοιαν
614 5121 657 5190 τὴν
678 5124 733 5195 περὶ
747 5123 812 5177 θεοῦ.
836 5123 901 5177 ollem
914 5123 1071 5179 mitodedu
1119 5125 1183 5189 ulcis,
1197 5128 1237 5181 καί
1251 5128 1386 5199 πνεύματος
1400 5129 1476 5199 μόνον
1489 5127 1680 5199 γνωριζόμενοι.

303 5203 411 5277 ἀγγέλων
427 5203 569 5274 ἔκληπτίον,
597 5207 635 5260 ὅτι
662 5204 703 5259 at
728 5204 772 5274 τὴν
794 5206 899 5280 καθαρὰν
915 5205 1007 5275 αὐτῶν,
1031 5211 1072 5262 καὶ
1157 5208 1178 5283 s
1194 5208 1394 5282 Ἀλαζονιίαγάρ
1408 5210 1478 5267 οὔτί)
1496 5209 1575 5280 λέγειν
1589 5211 1628 5263 ὅτι
1642 5212 1745 5277 τῆςτῶν
1765 5215 1887 5282 γεννητῶν

1121 5291 1236 5347 ἁπάντων
1249 5293 1407 5365 καταλήψεως
1418 5290 1539 5365 ἀνώτερθς
1553 5289 1617 5347 ἔστιν
1632 5292 1820 5366 θθιγριοιργός.

331 5467 348 5510 t.
359 5477 366 5511 ι
379 5467 425 5510 ttm
433 5477 467 5519 ιιι,
480 5468 513 5513 to.
525 5490 552 5501 —
563 5469 577 5512 t
587 5471 661 5515 Hottb.
674 5481 736 5521 ιιιιι.
747 5471 781 5517 to.
793 5470 841 5515 -θ
852 5472 926 5518 auct.
939 5483 960 5525 ν,
973 5474 994 5516 t.
1005 5495 1032 5506 -
1043 5472 1056 5516 t
1067 5472 1141 5517 uuit.
1154 5483 1220 5515 ιινιι.
