<?xml version="1.0" encoding="UTF-8"?>
<!DOCTYPE html PUBLIC "-//W3C//DTD XHTML 1.0 Transitional//EN"
    "http://www.w3.org/TR/xhtml1/DTD/xhtml1-transitional.dtd">
<html xmlns="http://www.w3.org/1999/xhtml" xml:lang="en" lang="en">
 <head>
  <title>
</title>
<meta http-equiv="Content-Type" content="text/html;charset=utf-8" />
  <meta name='ocr-system' content='tesseract 3.04.00' />
  <meta name='ocr-capabilities' content='ocr_page ocr_carea ocr_par ocr_line ocrx_word'/>
</head>
<body>
  <div class='ocr_page' id='page_1' title='image "./dogmatatheologi01goog/dogmatatheologi01goog_0107.png"; bbox 0 0 4008 6170; ppageno 0'>
   <div class='ocr_carea' id='block_1_1' title="bbox 327 410 1411 519">
    <p class='ocr_par' dir='ltr' id='par_1_1' title="bbox 327 410 1411 519">
     <span class='ocr_line' id='line_1_1' title="bbox 327 410 1411 519; baseline -0.004 0"><span class='ocrx_word' id='word_1_1' title='bbox 327 458 366 519; x_wconf 86' lang='grc' dir='ltr'>οι</span> <span class='ocrx_word' id='word_1_2' title='bbox 488 410 494 423; x_wconf 76' lang='grc'><strong>’</strong></span> <span class='ocrx_word' id='word_1_3' title='bbox 842 451 1171 516; x_wconf 80' lang='lat' dir='ltr'>rneoaoaiooauu</span> <span class='ocrx_word' id='word_1_4' title='bbox 1191 448 1411 515; x_wconf 76' lang='lat' dir='ltr'>ooauiruu</span> 
     </span>
    </p>
   </div>
   <div class='ocr_carea' id='block_1_2' title="bbox 325 603 1997 871">
    <p class='ocr_par' dir='ltr' id='par_1_2' title="bbox 325 603 1997 871">
     <span class='ocr_line' id='line_1_2' title="bbox 327 603 1915 685; baseline 0 -19"><span class='ocrx_word' id='word_1_5' title='bbox 327 605 411 685; x_wconf 88' lang='lat' dir='ltr'>apud</span> <span class='ocrx_word' id='word_1_6' title='bbox 419 605 596 666; x_wconf 74' lang='lat' dir='ltr'>Ciceronem</span> <span class='ocrx_word' id='word_1_7' title='bbox 606 604 718 665; x_wconf 88' lang='lat' dir='ltr'>similia</span> <span class='ocrx_word' id='word_1_8' title='bbox 726 604 872 684; x_wconf 90' lang='lat' dir='ltr'>leguntur</span> <span class='ocrx_word' id='word_1_9' title='bbox 882 604 1055 664; x_wconf 84' lang='lat' dir='ltr'>insecundo</span> <span class='ocrx_word' id='word_1_10' title='bbox 1064 603 1099 667; x_wconf 84' lang='lat' dir='ltr'>de</span> <span class='ocrx_word' id='word_1_11' title='bbox 1189 605 1326 667; x_wconf 86' lang='lat' dir='ltr'>lustinus</span> <span class='ocrx_word' id='word_1_12' title='bbox 1348 622 1490 684; x_wconf 87' lang='lat' dir='ltr'>quoqne,</span> <span class='ocrx_word' id='word_1_13' title='bbox 1519 603 1581 665; x_wconf 86' lang='lat' dir='ltr'>sive</span> <span class='ocrx_word' id='word_1_14' title='bbox 1606 604 1675 684; x_wconf 89' lang='lat' dir='ltr'>quis</span> <span class='ocrx_word' id='word_1_15' title='bbox 1701 603 1779 665; x_wconf 75' lang='lat' dir='ltr'>olitis</span> <span class='ocrx_word' id='word_1_16' title='bbox 1816 610 1915 667; x_wconf 85' lang='lat' dir='ltr'>auotar</span> 
     </span>
     <span class='ocr_line' id='line_1_3' title="bbox 325 697 1997 776; baseline -0.002 -14"><span class='ocrx_word' id='word_1_17' title='bbox 325 698 445 762; x_wconf 83' lang='lat' dir='ltr'>Natura</span> <span class='ocrx_word' id='word_1_18' title='bbox 466 698 596 762; x_wconf 71' lang='lat' dir='ltr'>deorum</span> <span class='ocrx_word' id='word_1_19' title='bbox 1152 698 1351 774; x_wconf 74' lang='lat' dir='ltr'>Oecoeotionum</span> <span class='ocrx_word' id='word_1_20' title='bbox 1362 698 1538 759; x_wconf 81' lang='lat' dir='ltr'>Graecorum</span> <span class='ocrx_word' id='word_1_21' title='bbox 1549 697 1786 776; x_wconf 75' lang='lat' dir='ltr'>interroganti&#39;:</span> <span class='ocrx_word' id='word_1_22' title='bbox 1807 697 1914 759; x_wconf 82' lang='lat' dir='ltr'>allode</span> <span class='ocrx_word' id='word_1_23' title='bbox 1996 698 1997 701; x_wconf 72' lang='grc'>’</span> 
     </span>
     <span class='ocr_line' id='line_1_4' title="bbox 364 790 1997 871; baseline -0.001 -18"><span class='ocrx_word' id='word_1_24' title='bbox 364 793 431 854; x_wconf 86' lang='lat' dir='ltr'>Vll.</span> <span class='ocrx_word' id='word_1_25' title='bbox 460 792 586 853; x_wconf 86' lang='lat' dir='ltr'>Brevius</span> <span class='ocrx_word' id='word_1_26' title='bbox 611 792 775 871; x_wconf 77' lang='lat' dir='ltr'>Gregorius</span> <span class='ocrx_word' id='word_1_27' title='bbox 795 791 1002 853; x_wconf 75' lang='lat' dir='ltr'><strong>Nazianzenus</strong></span> <span class='ocrx_word' id='word_1_28' title='bbox 1033 806 1099 851; x_wconf 91' lang='lat' dir='ltr'>ora-</span> <span class='ocrx_word' id='word_1_29' title='bbox 1150 797 1260 853; x_wconf 78' lang='lat' dir='ltr'>notiim</span> <span class='ocrx_word' id='word_1_30' title='bbox 1276 791 1315 850; x_wconf 90' lang='lat' dir='ltr'>sit</span> <span class='ocrx_word' id='word_1_31' title='bbox 1327 807 1391 851; x_wconf 88' lang='lat' dir='ltr'>esse</span> <span class='ocrx_word' id='word_1_32' title='bbox 1410 790 1509 851; x_wconf 87' lang='lat' dir='ltr'>Deum</span> <span class='ocrx_word' id='word_1_33' title='bbox 1529 790 1675 870; x_wconf 78' lang='lat' dir='ltr'>aliquem,</span> <span class='ocrx_word' id='word_1_34' title='bbox 1690 790 1864 871; x_wconf 75' lang='lat' dir='ltr'>respondet,</span> <span class='ocrx_word' id='word_1_35' title='bbox 1881 808 1914 851; x_wconf 83' lang='lat' dir='ltr'>er</span> <span class='ocrx_word' id='word_1_36' title='bbox 1996 806 1997 809; x_wconf 45' lang='lat'>¹</span> 
     </span>
    </p>
   </div>
   <div class='ocr_carea' id='block_1_3' title="bbox 194 884 1997 965">
    <p class='ocr_par' dir='ltr' id='par_1_3' title="bbox 194 884 1997 965">
     <span class='ocr_line' id='line_1_5' title="bbox 194 884 1997 965; baseline -0.001 -20"><span class='ocrx_word' id='word_1_37' title='bbox 194 909 207 938; x_wconf 81' lang='lat' dir='ltr'>a</span> <span class='ocrx_word' id='word_1_38' title='bbox 268 932 274 944; x_wconf 94' lang='lat'><strong>.</strong></span> <span class='ocrx_word' id='word_1_39' title='bbox 324 885 407 946; x_wconf 90' lang='lat' dir='ltr'>tione</span> <span class='ocrx_word' id='word_1_40' title='bbox 422 889 534 965; x_wconf 84' lang='lat' dir='ltr'>quarta</span> <span class='ocrx_word' id='word_1_41' title='bbox 544 890 575 946; x_wconf 86' lang='lat' dir='ltr'>et</span> <span class='ocrx_word' id='word_1_42' title='bbox 589 886 744 946; x_wconf 85' lang='lat' dir='ltr'>tricesima</span> <span class='ocrx_word' id='word_1_43' title='bbox 761 886 804 945; x_wconf 91' lang='lat' dir='ltr'>sio</span> <span class='ocrx_word' id='word_1_44' title='bbox 821 884 876 944; x_wconf 89' lang='lat' dir='ltr'>illa</span> <span class='ocrx_word' id='word_1_45' title='bbox 893 885 998 945; x_wconf 88' lang='lat' dir='ltr'>omnia</span> <span class='ocrx_word' id='word_1_46' title='bbox 1017 902 1099 945; x_wconf 89' lang='lat' dir='ltr'>com·</span> <span class='ocrx_word' id='word_1_47' title='bbox 1149 884 1915 964; x_wconf 71' lang='lat' dir='ltr'>rerumqueextantwnstitutioneetperseveranti</span> <span class='ocrx_word' id='word_1_48' title='bbox 1996 884 1997 911; x_wconf 76' lang='lat'>³</span> 
     </span>
    </p>
   </div>
   <div class='ocr_carea' id='block_1_4' title="bbox 286 975 1997 2928">
    <p class='ocr_par' dir='ltr' id='par_1_4' title="bbox 286 975 1997 2928">
     <span class='ocr_line' id='line_1_6' title="bbox 324 975 1915 1059; baseline -0.001 -20"><span class='ocrx_word' id='word_1_49' title='bbox 324 979 433 1058; x_wconf 81' lang='lat' dir='ltr'>plexus</span> <span class='ocrx_word' id='word_1_50' title='bbox 442 985 487 1040; x_wconf 87' lang='lat' dir='ltr'>est</span> <span class='ocrx_word' id='word_1_51' title='bbox 501 998 508 1039; x_wconf 92' lang='lat'>:</span> <span class='ocrx_word' id='word_1_52' title='bbox 524 980 672 1041; x_wconf 75' lang='lat' dir='ltr'>«Etenim</span> <span class='ocrx_word' id='word_1_53' title='bbox 683 981 767 1059; x_wconf 90' lang='lat' dir='ltr'>quod</span> <span class='ocrx_word' id='word_1_54' title='bbox 780 980 861 1040; x_wconf 90' lang='lat' dir='ltr'>Deus</span> <span class='ocrx_word' id='word_1_55' title='bbox 875 979 923 1055; x_wconf 93' lang='lat' dir='ltr'>sit,</span> <span class='ocrx_word' id='word_1_56' title='bbox 933 978 1047 1058; x_wconf 79' lang='lat' dir='ltr'>inquit,</span> <span class='ocrx_word' id='word_1_57' title='bbox 1062 997 1098 1039; x_wconf 86' lang='lat' dir='ltr'>aa</span> <span class='ocrx_word' id='word_1_58' title='bbox 1150 977 1351 1038; x_wconf 78' lang='lat' dir='ltr'><strong>diuturnitate</strong></span> <span class='ocrx_word' id='word_1_59' title='bbox 1362 975 1395 1036; x_wconf 91' lang='lat' dir='ltr'>id</span> <span class='ocrx_word' id='word_1_60' title='bbox 1407 975 1551 1055; x_wconf 72' lang='lat' dir='ltr'><strong>intelligi.</strong></span> <span class='ocrx_word' id='word_1_61' title='bbox 1568 978 1727 1038; x_wconf 89' lang='lat' dir='ltr'>Nonenim</span> <span class='ocrx_word' id='word_1_62' title='bbox 1738 983 1915 1038; x_wconf 81' lang='lat' dir='ltr'>exterentes</span> 
     </span>
     <span class='ocr_line' id='line_1_7' title="bbox 323 1068 1997 1154; baseline -0.001 -21"><span class='ocrx_word' id='word_1_63' title='bbox 323 1073 464 1153; x_wconf 89' lang='lat' dir='ltr'>princeps</span> <span class='ocrx_word' id='word_1_64' title='bbox 480 1073 622 1154; x_wconf 76' lang='lat' dir='ltr'>quadam</span> <span class='ocrx_word' id='word_1_65' title='bbox 638 1092 729 1134; x_wconf 89' lang='lat' dir='ltr'>eausa</span> <span class='ocrx_word' id='word_1_66' title='bbox 748 1092 818 1153; x_wconf 77' lang='grc' dir='ltr'>ηοω</span> <span class='ocrx_word' id='word_1_67' title='bbox 836 1091 885 1133; x_wconf 89' lang='lat' dir='ltr'>res</span> <span class='ocrx_word' id='word_1_68' title='bbox 901 1090 1007 1133; x_wconf 89' lang='lat' dir='ltr'>omnes</span> <span class='ocrx_word' id='word_1_69' title='bbox 1029 1092 1098 1153; x_wconf 83' lang='lat' dir='ltr'>pro</span> <span class='ocrx_word' id='word_1_70' title='bbox 1150 1090 1220 1151; x_wconf 82' lang='lat' dir='ltr'>quae</span> <span class='ocrx_word' id='word_1_71' title='bbox 1234 1076 1349 1146; x_wconf 78' lang='lat' dir='ltr'>extant,</span> <span class='ocrx_word' id='word_1_72' title='bbox 1369 1070 1427 1130; x_wconf 85' lang='lat' dir='ltr'>nisi</span> <span class='ocrx_word' id='word_1_73' title='bbox 1442 1075 1513 1131; x_wconf 86' lang='lat' dir='ltr'>aute</span> <span class='ocrx_word' id='word_1_74' title='bbox 1528 1071 1594 1131; x_wconf 73' lang='lat' dir='ltr'>heac</span> <span class='ocrx_word' id='word_1_75' title='bbox 1608 1071 1688 1131; x_wconf 84' lang='lat' dir='ltr'>Deus</span> <span class='ocrx_word' id='word_1_76' title='bbox 1703 1071 1858 1147; x_wconf 84' lang='lat' dir='ltr'>extitisset,</span> <span class='ocrx_word' id='word_1_77' title='bbox 1868 1068 1915 1150; x_wconf 90' lang='lat' dir='ltr'>qui</span> <span class='ocrx_word' id='word_1_78' title='bbox 1996 1086 1997 1091; x_wconf 72' lang='grc'>’</span> 
     </span>
     <span class='ocr_line' id='line_1_8' title="bbox 324 1156 1997 1248; baseline -0.001 -21"><span class='ocrx_word' id='word_1_79' title='bbox 324 1168 435 1227; x_wconf 65' lang='lat' dir='ltr'>arcura</span> <span class='ocrx_word' id='word_1_80' title='bbox 448 1173 541 1246; x_wconf 86' lang='lat' dir='ltr'>atquc</span> <span class='ocrx_word' id='word_1_81' title='bbox 559 1172 726 1243; x_wconf 86' lang='lat' dir='ltr'>conservet,</span> <span class='ocrx_word' id='word_1_82' title='bbox 745 1184 817 1227; x_wconf 89' lang='lat' dir='ltr'>cum</span> <span class='ocrx_word' id='word_1_83' title='bbox 837 1165 919 1226; x_wconf 86' lang='lat' dir='ltr'>oculi</span> <span class='ocrx_word' id='word_1_84' title='bbox 938 1166 1006 1245; x_wconf 88' lang='lat' dir='ltr'>ipsi,</span> <span class='ocrx_word' id='word_1_85' title='bbox 1030 1171 1096 1227; x_wconf 90' lang='lat' dir='ltr'>tum</span> <span class='ocrx_word' id='word_1_86' title='bbox 1151 1174 1252 1248; x_wconf 81' lang='lat' dir='ltr'>partes</span> <span class='ocrx_word' id='word_1_87' title='bbox 1262 1172 1410 1227; x_wconf 85' lang='lat' dir='ltr'>creaturae</span> <span class='ocrx_word' id='word_1_88' title='bbox 1428 1184 1534 1226; x_wconf 89' lang='lat' dir='ltr'>omnes</span> <span class='ocrx_word' id='word_1_89' title='bbox 1544 1166 1661 1226; x_wconf 86' lang='lat' dir='ltr'>utiliter</span> <span class='ocrx_word' id='word_1_90' title='bbox 1670 1185 1707 1227; x_wconf 81' lang='lat' dir='ltr'>ax</span> <span class='ocrx_word' id='word_1_91' title='bbox 1725 1185 1785 1227; x_wconf 85' lang='grc' dir='ltr'>ιιειι</span> <span class='ocrx_word' id='word_1_92' title='bbox 1802 1171 1916 1227; x_wconf 85' lang='lat' dir='ltr'>eteoru-</span> <span class='ocrx_word' id='word_1_93' title='bbox 1996 1156 1997 1183; x_wconf 73' lang='lat'>³</span> 
     </span>
     <span class='ocr_line' id='line_1_9' title="bbox 324 1250 1997 1338; baseline 0 -19"><span class='ocrx_word' id='word_1_94' title='bbox 324 1259 375 1320; x_wconf 82' lang='lat' dir='ltr'>lex</span> <span class='ocrx_word' id='word_1_95' title='bbox 383 1259 827 1335; x_wconf 70' lang='lat' dir='ltr'>muualudocet,illidumin</span> <span class='ocrx_word' id='word_1_96' title='bbox 841 1259 1097 1338; x_wconf 88' lang='lat' dir='ltr'>resaspactabiles</span> <span class='ocrx_word' id='word_1_97' title='bbox 1150 1260 1402 1322; x_wconf 78' lang='lat' dir='ltr'>modounirersee</span> <span class='ocrx_word' id='word_1_98' title='bbox 1416 1250 1791 1320; x_wconf 74' lang='lat' dir='ltr'>creaturoeordinavit⁶.o</span> <span class='ocrx_word' id='word_1_99' title='bbox 1850 1270 1854 1280; x_wconf 83' lang='lat'><strong>·</strong></span> <span class='ocrx_word' id='word_1_100' title='bbox 1996 1262 1997 1319; x_wconf 83' lang='grc' dir='ltr'>ἶ</span> 
     </span>
     <span class='ocr_line' id='line_1_10' title="bbox 323 1342 1997 1434; baseline 0 -21"><span class='ocrx_word' id='word_1_101' title='bbox 323 1352 498 1429; x_wconf 88' lang='lat' dir='ltr'>intendunt,</span> <span class='ocrx_word' id='word_1_102' title='bbox 520 1371 632 1433; x_wconf 86' lang='lat' dir='ltr'>easque</span> <span class='ocrx_word' id='word_1_103' title='bbox 647 1359 679 1414; x_wconf 90' lang='lat' dir='ltr'>et</span> <span class='ocrx_word' id='word_1_104' title='bbox 692 1353 821 1434; x_wconf 87' lang='lat' dir='ltr'>pulchre</span> <span class='ocrx_word' id='word_1_105' title='bbox 835 1353 911 1413; x_wconf 82' lang='lat' dir='ltr'>fixus</span> <span class='ocrx_word' id='word_1_106' title='bbox 927 1359 958 1413; x_wconf 91' lang='lat' dir='ltr'>et</span> <span class='ocrx_word' id='word_1_107' title='bbox 975 1352 1098 1414; x_wconf 83' lang='lat' dir='ltr'>stabiles</span> <span class='ocrx_word' id='word_1_108' title='bbox 1191 1355 1265 1427; x_wconf 83' lang='lat' dir='ltr'>Quae</span> <span class='ocrx_word' id='word_1_109' title='bbox 1276 1352 1370 1433; x_wconf 91' lang='lat' dir='ltr'>paulo</span> <span class='ocrx_word' id='word_1_110' title='bbox 1383 1352 1479 1413; x_wconf 72' lang='lat' dir='ltr'>usiae</span> <span class='ocrx_word' id='word_1_111' title='bbox 1501 1353 1634 1433; x_wconf 87' lang='lat' dir='ltr'>explicat</span> <span class='ocrx_word' id='word_1_112' title='bbox 1644 1354 1777 1414; x_wconf 83' lang='lat' dir='ltr'>loannes</span> <span class='ocrx_word' id='word_1_113' title='bbox 1796 1354 1915 1413; x_wconf 83' lang='lat' dir='ltr'>Damas·</span> <span class='ocrx_word' id='word_1_114' title='bbox 1996 1342 1997 1425; x_wconf 66' lang='grc' dir='ltr'>ί</span> 
     </span>
     <span class='ocr_line' id='line_1_11' title="bbox 286 1443 1997 1527; baseline 0.001 -23"><span class='ocrx_word' id='word_1_115' title='bbox 286 1466 292 1475; x_wconf 85' lang='lat'><em>·</em></span> <span class='ocrx_word' id='word_1_116' title='bbox 324 1462 398 1521; x_wconf 88' lang='lat' dir='ltr'>esse,</span> <span class='ocrx_word' id='word_1_117' title='bbox 411 1452 442 1506; x_wconf 91' lang='lat' dir='ltr'>et</span> <span class='ocrx_word' id='word_1_118' title='bbox 461 1446 605 1526; x_wconf 85' lang='lat' dir='ltr'>progredi</span> <span class='ocrx_word' id='word_1_119' title='bbox 619 1447 859 1525; x_wconf 86' lang='lat' dir='ltr'>atquaimmote,</span> <span class='ocrx_word' id='word_1_120' title='bbox 872 1446 965 1506; x_wconf 86' lang='lat' dir='ltr'>atita</span> <span class='ocrx_word' id='word_1_121' title='bbox 983 1445 1094 1522; x_wconf 88' lang='lat' dir='ltr'>dicam,</span> <span class='ocrx_word' id='word_1_122' title='bbox 1150 1446 1285 1508; x_wconf 88' lang='lat' dir='ltr'>cenusin</span> <span class='ocrx_word' id='word_1_123' title='bbox 1299 1443 1445 1527; x_wconf 75' lang='lat' dir='ltr'>primorie</span> <span class='ocrx_word' id='word_1_124' title='bbox 1455 1443 1530 1506; x_wconf 71' lang='lat' dir='ltr'>ttae</span> <span class='ocrx_word' id='word_1_125' title='bbox 1543 1444 1915 1523; x_wconf 76' lang='lat' dir='ltr'>orttodorc1,ubieadem</span> <span class='ocrx_word' id='word_1_126' title='bbox 1996 1452 1997 1489; x_wconf 65' lang='grc' dir='ltr'>ἐ</span> 
     </span>
     <span class='ocr_line' id='line_1_12' title="bbox 323 1536 1997 1620; baseline -0.001 -21"><span class='ocrx_word' id='word_1_127' title='bbox 323 1540 441 1599; x_wconf 87' lang='lat' dir='ltr'>moveri</span> <span class='ocrx_word' id='word_1_128' title='bbox 451 1539 593 1618; x_wconf 82' lang='lat' dir='ltr'>volvique</span> <span class='ocrx_word' id='word_1_129' title='bbox 604 1539 802 1618; x_wconf 82' lang='lat' dir='ltr'>perspiciunt.</span> <span class='ocrx_word' id='word_1_130' title='bbox 814 1539 887 1599; x_wconf 82' lang='lat' dir='ltr'>llaec</span> <span class='ocrx_word' id='word_1_131' title='bbox 905 1543 1010 1599; x_wconf 83' lang='lat' dir='ltr'>autem</span> <span class='ocrx_word' id='word_1_132' title='bbox 1021 1538 1097 1600; x_wconf 89' lang='lat' dir='ltr'>dum</span> <span class='ocrx_word' id='word_1_133' title='bbox 1150 1539 1327 1620; x_wconf 77' lang='lat' dir='ltr'>perstringit</span> <span class='ocrx_word' id='word_1_134' title='bbox 1337 1554 1408 1618; x_wconf 75' lang='lat' dir='ltr'>qua</span> <span class='ocrx_word' id='word_1_135' title='bbox 1419 1537 1459 1598; x_wconf 88' lang='lat' dir='ltr'>ab</span> <span class='ocrx_word' id='word_1_136' title='bbox 1468 1538 1634 1599; x_wconf 86' lang='lat' dir='ltr'>Athanasio</span> <span class='ocrx_word' id='word_1_137' title='bbox 1644 1544 1675 1599; x_wconf 85' lang='lat' dir='ltr'>et</span> <span class='ocrx_word' id='word_1_138' title='bbox 1689 1536 1836 1619; x_wconf 79' lang='lat' dir='ltr'>Gregorio</span> <span class='ocrx_word' id='word_1_139' title='bbox 1855 1556 1915 1618; x_wconf 84' lang='lat' dir='ltr'>pro</span> <span class='ocrx_word' id='word_1_140' title='bbox 1996 1570 1997 1585; x_wconf 62' lang='grc' dir='ltr'>ι</span> 
     </span>
     <span class='ocr_line' id='line_1_13' title="bbox 324 1628 1997 1711; baseline 0.002 -19"><span class='ocrx_word' id='word_1_141' title='bbox 324 1649 380 1710; x_wconf 89' lang='lat' dir='ltr'>per</span> <span class='ocrx_word' id='word_1_142' title='bbox 390 1651 439 1693; x_wconf 89' lang='lat' dir='ltr'>res</span> <span class='ocrx_word' id='word_1_143' title='bbox 452 1633 549 1693; x_wconf 85' lang='lat' dir='ltr'>oeulis</span> <span class='ocrx_word' id='word_1_144' title='bbox 559 1632 719 1710; x_wconf 83' lang='lat' dir='ltr'>subjectas,</span> <span class='ocrx_word' id='word_1_145' title='bbox 733 1652 768 1693; x_wconf 91' lang='lat' dir='ltr'>ac</span> <span class='ocrx_word' id='word_1_146' title='bbox 785 1638 869 1693; x_wconf 89' lang='lat' dir='ltr'>recto</span> <span class='ocrx_word' id='word_1_147' title='bbox 880 1632 986 1694; x_wconf 88' lang='lat' dir='ltr'>ordine</span> <span class='ocrx_word' id='word_1_148' title='bbox 1005 1632 1098 1694; x_wconf 88' lang='lat' dir='ltr'>collo-</span> <span class='ocrx_word' id='word_1_149' title='bbox 1151 1632 1216 1693; x_wconf 87' lang='lat' dir='ltr'>dita</span> <span class='ocrx_word' id='word_1_150' title='bbox 1236 1639 1307 1692; x_wconf 89' lang='lat' dir='ltr'>sunt</span> <span class='ocrx_word' id='word_1_151' title='bbox 1325 1632 1364 1693; x_wconf 87' lang='lat' dir='ltr'>de</span> <span class='ocrx_word' id='word_1_152' title='bbox 1381 1631 1539 1692; x_wconf 76' lang='lat' dir='ltr'>contrariis</span> <span class='ocrx_word' id='word_1_153' title='bbox 1554 1632 1662 1692; x_wconf 88' lang='lat' dir='ltr'>mundi</span> <span class='ocrx_word' id='word_1_154' title='bbox 1682 1631 1823 1711; x_wconf 84' lang='lat' dir='ltr'>partibus</span> <span class='ocrx_word' id='word_1_155' title='bbox 1843 1633 1915 1691; x_wconf 86' lang='lat' dir='ltr'>miro</span> <span class='ocrx_word' id='word_1_156' title='bbox 1996 1628 1997 1695; x_wconf 64' lang='lat' dir='ltr'>i</span> 
     </span>
     <span class='ocr_line' id='line_1_14' title="bbox 323 1725 1997 1806; baseline 0.002 -22"><span class='ocrx_word' id='word_1_157' title='bbox 323 1730 594 1799; x_wconf 78' lang='lat' dir='ltr'>eatas,auct01em</span> <span class='ocrx_word' id='word_1_158' title='bbox 626 1743 734 1785; x_wconf 89' lang='lat' dir='ltr'>earnm</span> <span class='ocrx_word' id='word_1_159' title='bbox 761 1726 936 1804; x_wconf 84' lang='lat' dir='ltr'>conjectura</span> <span class='ocrx_word' id='word_1_160' title='bbox 962 1726 1097 1806; x_wconf 88' lang='lat' dir='ltr'>quadam</span> <span class='ocrx_word' id='word_1_161' title='bbox 1149 1726 1408 1788; x_wconf 86' lang='lat' dir='ltr'>interseartificio</span> <span class='ocrx_word' id='word_1_162' title='bbox 1419 1727 1584 1786; x_wconf 87' lang='lat' dir='ltr'>commistis</span> <span class='ocrx_word' id='word_1_163' title='bbox 1596 1727 1817 1806; x_wconf 84' lang='lat' dir='ltr'>attemperatis</span> <span class='ocrx_word' id='word_1_164' title='bbox 1834 1732 1863 1786; x_wconf 89' lang='lat' dir='ltr'>et</span> <span class='ocrx_word' id='word_1_165' title='bbox 1880 1725 1914 1786; x_wconf 89' lang='lat' dir='ltr'>ad</span> <span class='ocrx_word' id='word_1_166' title='bbox 1996 1764 1997 1801; x_wconf 43' lang='grc' dir='ltr'>ι</span> 
     </span>
     <span class='ocr_line' id='line_1_15' title="bbox 325 1816 1997 1901; baseline 0.002 -25"><span class='ocrx_word' id='word_1_167' title='bbox 325 1816 441 1896; x_wconf 77' lang='lat' dir='ltr'>colligit</span> <span class='ocrx_word' id='word_1_168' title='bbox 468 1823 499 1879; x_wconf 89' lang='lat' dir='ltr'>et</span> <span class='ocrx_word' id='word_1_169' title='bbox 517 1817 698 1897; x_wconf 78' lang='lat' dir='ltr'>assequitur.</span> <span class='ocrx_word' id='word_1_170' title='bbox 724 1820 864 1892; x_wconf 83' lang='lat' dir='ltr'>Quonam</span> <span class='ocrx_word' id='word_1_171' title='bbox 894 1820 977 1880; x_wconf 90' lang='lat' dir='ltr'>enim</span> <span class='ocrx_word' id='word_1_172' title='bbox 1003 1821 1096 1880; x_wconf 88' lang='lat' dir='ltr'>modo</span> <span class='ocrx_word' id='word_1_173' title='bbox 1150 1821 1388 1901; x_wconf 75' lang='lat' dir='ltr'>perpetuitatem</span> <span class='ocrx_word' id='word_1_174' title='bbox 1421 1819 1604 1881; x_wconf 84' lang='lat' dir='ltr'>conservatis</span> <span class='ocrx_word' id='word_1_175' title='bbox 1635 1820 1670 1880; x_wconf 90' lang='lat' dir='ltr'>in</span> <span class='ocrx_word' id='word_1_176' title='bbox 1699 1824 1788 1880; x_wconf 87' lang='lat' dir='ltr'>tanto</span> <span class='ocrx_word' id='word_1_177' title='bbox 1816 1834 1914 1879; x_wconf 84' lang='lat' dir='ltr'>aarum</span> <span class='ocrx_word' id='word_1_178' title='bbox 1996 1828 1997 1887; x_wconf 84' lang='lat' dir='ltr'>j</span> 
     </span>
     <span class='ocr_line' id='line_1_16' title="bbox 324 1911 1997 1993; baseline 0 -22"><span class='ocrx_word' id='word_1_179' title='bbox 324 1911 467 1973; x_wconf 79' lang='lat' dir='ltr'>universa</span> <span class='ocrx_word' id='word_1_180' title='bbox 487 1929 592 1972; x_wconf 89' lang='lat' dir='ltr'>rerum</span> <span class='ocrx_word' id='word_1_181' title='bbox 611 1911 678 1972; x_wconf 79' lang='lat' dir='ltr'>hac</span> <span class='ocrx_word' id='word_1_182' title='bbox 692 1914 789 1974; x_wconf 88' lang='lat' dir='ltr'>moles</span> <span class='ocrx_word' id='word_1_183' title='bbox 809 1913 859 1973; x_wconf 80' lang='lat' dir='ltr'>uel</span> <span class='ocrx_word' id='word_1_184' title='bbox 876 1913 1027 1993; x_wconf 86' lang='lat' dir='ltr'>producta</span> <span class='ocrx_word' id='word_1_185' title='bbox 1042 1932 1098 1974; x_wconf 88' lang='lat' dir='ltr'>un-</span> <span class='ocrx_word' id='word_1_186' title='bbox 1150 1913 1294 1974; x_wconf 88' lang='lat' dir='ltr'>coniliotu</span> <span class='ocrx_word' id='word_1_187' title='bbox 1307 1932 1343 1974; x_wconf 86' lang='lat' dir='ltr'>aa</span> <span class='ocrx_word' id='word_1_188' title='bbox 1361 1912 1578 1989; x_wconf 88' lang='lat' dir='ltr'>vicissitudine,</span> <span class='ocrx_word' id='word_1_189' title='bbox 1602 1930 1673 1992; x_wconf 80' lang='lat' dir='ltr'>que</span> <span class='ocrx_word' id='word_1_190' title='bbox 1692 1929 1750 1972; x_wconf 89' lang='lat' dir='ltr'>nec</span> <span class='ocrx_word' id='word_1_191' title='bbox 1768 1929 1789 1972; x_wconf 89' lang='lat' dir='ltr'>a</span> <span class='ocrx_word' id='word_1_192' title='bbox 1807 1929 1839 1972; x_wconf 92' lang='lat' dir='ltr'>sa</span> <span class='ocrx_word' id='word_1_193' title='bbox 1855 1912 1915 1991; x_wconf 87' lang='lat' dir='ltr'>ipsa</span> <span class='ocrx_word' id='word_1_194' title='bbox 1996 1936 1997 1939; x_wconf 40' lang='lat'>¹</span> 
     </span>
     <span class='ocr_line' id='line_1_17' title="bbox 322 2004 1997 2087; baseline 0.001 -23"><span class='ocrx_word' id='word_1_195' title='bbox 322 2022 417 2084; x_wconf 90' lang='lat' dir='ltr'>quam</span> <span class='ocrx_word' id='word_1_196' title='bbox 427 2004 541 2082; x_wconf 74' lang='lat' dir='ltr'>auset,</span> <span class='ocrx_word' id='word_1_197' title='bbox 556 2005 607 2066; x_wconf 83' lang='lat' dir='ltr'>vel</span> <span class='ocrx_word' id='word_1_198' title='bbox 618 2007 804 2082; x_wconf 75' lang='lat' dir='ltr'>consisteret,</span> <span class='ocrx_word' id='word_1_199' title='bbox 820 2007 878 2067; x_wconf 90' lang='lat' dir='ltr'>nisi</span> <span class='ocrx_word' id='word_1_200' title='bbox 893 2009 974 2068; x_wconf 89' lang='lat' dir='ltr'>Dens</span> <span class='ocrx_word' id='word_1_201' title='bbox 993 2009 1097 2069; x_wconf 90' lang='lat' dir='ltr'>omnia</span> <span class='ocrx_word' id='word_1_202' title='bbox 1149 2008 1228 2085; x_wconf 84' lang='lat' dir='ltr'>fieri,</span> <span class='ocrx_word' id='word_1_203' title='bbox 1245 2026 1346 2087; x_wconf 89' lang='lat' dir='ltr'>nequa</span> <span class='ocrx_word' id='word_1_204' title='bbox 1368 2024 1440 2069; x_wconf 89' lang='lat' dir='ltr'>casu</span> <span class='ocrx_word' id='word_1_205' title='bbox 1458 2026 1494 2068; x_wconf 90' lang='lat' dir='ltr'>ac</span> <span class='ocrx_word' id='word_1_206' title='bbox 1506 2007 1632 2067; x_wconf 73' lang='lat' dir='ltr'>fumante</span> <span class='ocrx_word' id='word_1_207' title='bbox 1654 2006 1846 2085; x_wconf 88' lang='lat' dir='ltr'>congregari,</span> <span class='ocrx_word' id='word_1_208' title='bbox 1865 2022 1915 2065; x_wconf 86' lang='lat' dir='ltr'>nec</span> <span class='ocrx_word' id='word_1_209' title='bbox 1996 2032 1997 2051; x_wconf 74' lang='lat'><em>2</em></span> 
     </span>
     <span class='ocr_line' id='line_1_18' title="bbox 322 2098 1997 2182; baseline 0.001 -24"><span class='ocrx_word' id='word_1_210' title='bbox 322 2098 470 2159; x_wconf 88' lang='lat' dir='ltr'>inrerum</span> <span class='ocrx_word' id='word_1_211' title='bbox 485 2105 630 2160; x_wconf 89' lang='lat' dir='ltr'>naturam</span> <span class='ocrx_word' id='word_1_212' title='bbox 649 2100 825 2180; x_wconf 72' lang='lat' dir='ltr'>prandisset</span> <span class='ocrx_word' id='word_1_213' title='bbox 833 2106 925 2180; x_wconf 88' lang='lat' dir='ltr'>atque</span> <span class='ocrx_word' id='word_1_214' title='bbox 941 2120 1098 2164; x_wconf 83' lang='lat' dir='ltr'>conserva-</span> <span class='ocrx_word' id='word_1_215' title='bbox 1149 2103 1213 2163; x_wconf 90' lang='lat' dir='ltr'>sine</span> <span class='ocrx_word' id='word_1_216' title='bbox 1223 2100 1813 2182; x_wconf 78' lang='lat' dir='ltr'>presidentemoderantequesupeuore</span> <span class='ocrx_word' id='word_1_217' title='bbox 1820 2099 1916 2178; x_wconf 81' lang='lat' dir='ltr'>aliqiu</span> <span class='ocrx_word' id='word_1_218' title='bbox 1996 2116 1997 2119; x_wconf 71' lang='grc'>’</span> 
     </span>
     <span class='ocr_line' id='line_1_19' title="bbox 322 2192 1914 2275; baseline -0.001 -22"><span class='ocrx_word' id='word_1_219' title='bbox 322 2192 393 2253; x_wconf 82' lang='lat' dir='ltr'>ret?</span> <span class='ocrx_word' id='word_1_220' title='bbox 411 2193 677 2266; x_wconf 83' lang='lat' dir='ltr'>Quemadmodum</span> <span class='ocrx_word' id='word_1_221' title='bbox 687 2195 770 2254; x_wconf 89' lang='lat' dir='ltr'>enim</span> <span class='ocrx_word' id='word_1_222' title='bbox 780 2196 932 2274; x_wconf 84' lang='lat' dir='ltr'>quispiam</span> <span class='ocrx_word' id='word_1_223' title='bbox 947 2197 1096 2257; x_wconf 86' lang='lat' dir='ltr'>citharam</span> <span class='ocrx_word' id='word_1_224' title='bbox 1149 2197 1180 2256; x_wconf 85' lang='lat' dir='ltr'>vi</span> <span class='ocrx_word' id='word_1_225' title='bbox 1193 2213 1388 2275; x_wconf 82' lang='lat' dir='ltr'>perseverare</span> <span class='ocrx_word' id='word_1_226' title='bbox 1396 2199 1549 2274; x_wconf 89' lang='lat' dir='ltr'>poterant.</span> <span class='ocrx_word' id='word_1_227' title='bbox 1561 2193 1792 2272; x_wconf 75' lang='lat' dir='ltr'>Ejusdemmodi</span> <span class='ocrx_word' id='word_1_228' title='bbox 1802 2192 1914 2271; x_wconf 89' lang='lat' dir='ltr'>ctapud</span> 
     </span>
     <span class='ocr_line' id='line_1_20' title="bbox 323 2285 1915 2369; baseline -0.001 -22"><span class='ocrx_word' id='word_1_229' title='bbox 323 2286 530 2366; x_wconf 84' lang='lat' dir='ltr'>pulcherrime</span> <span class='ocrx_word' id='word_1_230' title='bbox 548 2287 654 2348; x_wconf 89' lang='lat' dir='ltr'>videns</span> <span class='ocrx_word' id='word_1_231' title='bbox 674 2288 861 2348; x_wconf 79' lang='lat' dir='ltr'>elaboratam</span> <span class='ocrx_word' id='word_1_232' title='bbox 881 2288 1007 2368; x_wconf 87' lang='lat' dir='ltr'>ejusque</span> <span class='ocrx_word' id='word_1_233' title='bbox 1028 2307 1097 2350; x_wconf 84' lang='lat' dir='ltr'>eon·</span> <span class='ocrx_word' id='word_1_234' title='bbox 1150 2289 1356 2369; x_wconf 75' lang='lat' dir='ltr'>Augiudnum</span> <span class='ocrx_word' id='word_1_235' title='bbox 1384 2288 1543 2368; x_wconf 89' lang='lat' dir='ltr'>leguntur,</span> <span class='ocrx_word' id='word_1_236' title='bbox 1576 2287 1711 2347; x_wconf 72' lang='lat' dir='ltr'>mamma</span> <span class='ocrx_word' id='word_1_237' title='bbox 1740 2286 1774 2346; x_wconf 92' lang='lat' dir='ltr'>in</span> <span class='ocrx_word' id='word_1_238' title='bbox 1806 2285 1915 2347; x_wconf 86' lang='lat' dir='ltr'>decimo</span> 
     </span>
     <span class='ocr_line' id='line_1_21' title="bbox 324 2379 1914 2462; baseline 0.001 -23"><span class='ocrx_word' id='word_1_239' title='bbox 324 2380 502 2440; x_wconf 88' lang='lat' dir='ltr'>cinnitatem</span> <span class='ocrx_word' id='word_1_240' title='bbox 527 2386 558 2440; x_wconf 91' lang='lat' dir='ltr'>ct</span> <span class='ocrx_word' id='word_1_241' title='bbox 579 2380 751 2441; x_wconf 86' lang='lat' dir='ltr'>ordinatam</span> <span class='ocrx_word' id='word_1_242' title='bbox 782 2380 1011 2460; x_wconf 86' lang='lat' dir='ltr'>dispositionem</span> <span class='ocrx_word' id='word_1_243' title='bbox 1043 2388 1097 2443; x_wconf 86' lang='lat' dir='ltr'>aut</span> <span class='ocrx_word' id='word_1_244' title='bbox 1152 2381 1396 2462; x_wconf 65' lang='lat' dir='ltr'>Conseruarum</span> <span class='ocrx_word' id='word_1_245' title='bbox 1414 2388 1445 2442; x_wconf 92' lang='lat' dir='ltr'>et</span> <span class='ocrx_word' id='word_1_246' title='bbox 1458 2382 1491 2442; x_wconf 91' lang='lat' dir='ltr'>in</span> <span class='ocrx_word' id='word_1_247' title='bbox 1509 2387 1617 2442; x_wconf 87' lang='lat' dir='ltr'>octavo</span> <span class='ocrx_word' id='word_1_248' title='bbox 1633 2379 1668 2443; x_wconf 78' lang='lat' dir='ltr'>de</span> <span class='ocrx_word' id='word_1_249' title='bbox 1681 2379 1813 2443; x_wconf 80' lang='lat' dir='ltr'>Ciuitate</span> <span class='ocrx_word' id='word_1_250' title='bbox 1830 2379 1881 2440; x_wconf 75' lang='lat' dir='ltr'>cet</span> <span class='ocrx_word' id='word_1_251' title='bbox 1892 2386 1914 2455; x_wconf 77' lang='lat'>³,</span> 
     </span>
     <span class='ocr_line' id='line_1_22' title="bbox 323 2471 1997 2554; baseline -0.001 -22"><span class='ocrx_word' id='word_1_252' title='bbox 323 2473 417 2533; x_wconf 85' lang='lat' dir='ltr'>etiam</span> <span class='ocrx_word' id='word_1_253' title='bbox 448 2472 573 2533; x_wconf 80' lang='lat' dir='ltr'>citherae</span> <span class='ocrx_word' id='word_1_254' title='bbox 595 2479 719 2534; x_wconf 85' lang='lat' dir='ltr'>cantum</span> <span class='ocrx_word' id='word_1_255' title='bbox 741 2474 837 2552; x_wconf 86' lang='lat' dir='ltr'>ipsius</span> <span class='ocrx_word' id='word_1_256' title='bbox 855 2474 992 2551; x_wconf 89' lang='lat' dir='ltr'>audiens,</span> <span class='ocrx_word' id='word_1_257' title='bbox 1017 2475 1096 2536; x_wconf 90' lang='lat' dir='ltr'>nihil</span> <span class='ocrx_word' id='word_1_258' title='bbox 1150 2494 1269 2537; x_wconf 87' lang='lat' dir='ltr'>necnon</span> <span class='ocrx_word' id='word_1_259' title='bbox 1287 2476 1321 2536; x_wconf 91' lang='lat' dir='ltr'>in</span> <span class='ocrx_word' id='word_1_260' title='bbox 1342 2475 1383 2536; x_wconf 92' lang='lat' dir='ltr'>Xi</span> <span class='ocrx_word' id='word_1_261' title='bbox 1395 2475 1495 2554; x_wconf 88' lang='lat' dir='ltr'>capite</span> <span class='ocrx_word' id='word_1_262' title='bbox 1516 2479 1641 2552; x_wconf 85' lang='lat' dir='ltr'>quartu.</span> <span class='ocrx_word' id='word_1_263' title='bbox 1664 2472 1830 2550; x_wconf 86' lang='lat' dir='ltr'>Gregorius</span> <span class='ocrx_word' id='word_1_264' title='bbox 1848 2471 1915 2532; x_wconf 84' lang='lat' dir='ltr'>item</span> <span class='ocrx_word' id='word_1_265' title='bbox 1996 2512 1997 2515; x_wconf 63' lang='lat'>,</span> 
     </span>
     <span class='ocr_line' id='line_1_23' title="bbox 324 2562 1917 2647; baseline -0.002 -22"><span class='ocrx_word' id='word_1_266' title='bbox 324 2564 529 2645; x_wconf 80' lang='lat' dir='ltr'>aliud‘quam</span> <span class='ocrx_word' id='word_1_267' title='bbox 549 2567 651 2646; x_wconf 91' lang='lat' dir='ltr'>ipsum</span> <span class='ocrx_word' id='word_1_268' title='bbox 671 2566 797 2628; x_wconf 79' lang='lat' dir='ltr'>citharae</span> <span class='ocrx_word' id='word_1_269' title='bbox 825 2568 1039 2630; x_wconf 74' lang='lat' dir='ltr'>ialrmcmorem</span> <span class='ocrx_word' id='word_1_270' title='bbox 1059 2589 1095 2631; x_wconf 89' lang='lat' dir='ltr'>ac</span> <span class='ocrx_word' id='word_1_271' title='bbox 1152 2569 1305 2647; x_wconf 84' lang='lat' dir='ltr'>Nyssenus</span> <span class='ocrx_word' id='word_1_272' title='bbox 1325 2584 1398 2627; x_wconf 90' lang='lat' dir='ltr'>eum</span> <span class='ocrx_word' id='word_1_273' title='bbox 1421 2567 1475 2646; x_wconf 90' lang='lat' dir='ltr'>qui</span> <span class='ocrx_word' id='word_1_274' title='bbox 1496 2566 1687 2626; x_wconf 86' lang='lat' dir='ltr'>divinitatem</span> <span class='ocrx_word' id='word_1_275' title='bbox 1705 2568 1810 2642; x_wconf 87' lang='lat' dir='ltr'>negat,</span> <span class='ocrx_word' id='word_1_276' title='bbox 1831 2580 1869 2623; x_wconf 79' lang='lat' dir='ltr'>cs</span> <span class='ocrx_word' id='word_1_277' title='bbox 1884 2562 1917 2622; x_wconf 85' lang='lat' dir='ltr'>iis</span> 
     </span>
     <span class='ocr_line' id='line_1_24' title="bbox 323 2650 1997 2741; baseline -0.001 -22"><span class='ocrx_word' id='word_1_278' title='bbox 323 2660 528 2721; x_wconf 87' lang='lat' dir='ltr'>citharoedum</span> <span class='ocrx_word' id='word_1_279' title='bbox 546 2658 701 2740; x_wconf 85' lang='lat' dir='ltr'>cogitabit,</span> <span class='ocrx_word' id='word_1_280' title='bbox 729 2666 760 2720; x_wconf 84' lang='lat' dir='ltr'>et</span> <span class='ocrx_word' id='word_1_281' title='bbox 777 2661 936 2741; x_wconf 86' lang='lat' dir='ltr'>adipsum</span> <span class='ocrx_word' id='word_1_282' title='bbox 959 2669 1097 2724; x_wconf 89' lang='lat' dir='ltr'>recurret</span> <span class='ocrx_word' id='word_1_283' title='bbox 1151 2661 1394 2723; x_wconf 83' lang='lat' dir='ltr'>convincendum</span> <span class='ocrx_word' id='word_1_284' title='bbox 1407 2660 1690 2738; x_wconf 88' lang='lat' dir='ltr'>instituendumqua</span> <span class='ocrx_word' id='word_1_285' title='bbox 1710 2658 1831 2718; x_wconf 85' lang='lat' dir='ltr'>doceto</span> <span class='ocrx_word' id='word_1_286' title='bbox 1850 2657 1916 2730; x_wconf 83' lang='lat' dir='ltr'>Qua</span> <span class='ocrx_word' id='word_1_287' title='bbox 1996 2650 1997 2655; x_wconf 64' lang='grc'>’</span> 
     </span>
     <span class='ocr_line' id='line_1_25' title="bbox 322 2748 1916 2834; baseline -0.003 -21"><span class='ocrx_word' id='word_1_288' title='bbox 322 2754 436 2830; x_wconf 85' lang='lat' dir='ltr'>animo,</span> <span class='ocrx_word' id='word_1_289' title='bbox 449 2755 568 2815; x_wconf 89' lang='lat' dir='ltr'>etiamsi</span> <span class='ocrx_word' id='word_1_290' title='bbox 577 2753 615 2814; x_wconf 88' lang='lat' dir='ltr'>da</span> <span class='ocrx_word' id='word_1_291' title='bbox 625 2752 700 2814; x_wconf 82' lang='lat' dir='ltr'>facie</span> <span class='ocrx_word' id='word_1_292' title='bbox 716 2754 842 2813; x_wconf 89' lang='lat' dir='ltr'>minime</span> <span class='ocrx_word' id='word_1_293' title='bbox 861 2761 1022 2834; x_wconf 89' lang='lat' dir='ltr'>cognoscat</span> <span class='ocrx_word' id='word_1_294' title='bbox 1029 2770 1037 2831; x_wconf 79' lang='lat'><em>3</em></span> <span class='ocrx_word' id='word_1_295' title='bbox 1056 2757 1098 2816; x_wconf 88' lang='lat' dir='ltr'>sio</span> <span class='ocrx_word' id='word_1_296' title='bbox 1152 2754 1312 2815; x_wconf 82' lang='lat' dir='ltr'>artificiosa</span> <span class='ocrx_word' id='word_1_297' title='bbox 1351 2770 1387 2814; x_wconf 90' lang='lat' dir='ltr'>ac</span> <span class='ocrx_word' id='word_1_298' title='bbox 1423 2754 1575 2832; x_wconf 87' lang='lat' dir='ltr'>sapienter</span> <span class='ocrx_word' id='word_1_299' title='bbox 1609 2750 1861 2812; x_wconf 71' lang='lat' dir='ltr'>adminisuantur</span> <span class='ocrx_word' id='word_1_300' title='bbox 1887 2748 1916 2808; x_wconf 92' lang='lat' dir='ltr'>in</span> 
     </span>
     <span class='ocr_line' id='line_1_26' title="bbox 323 2843 1915 2928; baseline -0.003 -20"><span class='ocrx_word' id='word_1_301' title='bbox 323 2848 415 2909; x_wconf 83' lang='lat' dir='ltr'>aliam</span> <span class='ocrx_word' id='word_1_302' title='bbox 438 2848 527 2909; x_wconf 89' lang='lat' dir='ltr'>nobis</span> <span class='ocrx_word' id='word_1_303' title='bbox 546 2865 655 2910; x_wconf 84' lang='lat' dir='ltr'>eorum</span> <span class='ocrx_word' id='word_1_304' title='bbox 677 2867 747 2928; x_wconf 81' lang='lat' dir='ltr'>quae</span> <span class='ocrx_word' id='word_1_305' title='bbox 761 2848 883 2909; x_wconf 86' lang='lat' dir='ltr'>condita</span> <span class='ocrx_word' id='word_1_306' title='bbox 897 2855 969 2909; x_wconf 88' lang='lat' dir='ltr'>sunt</span> <span class='ocrx_word' id='word_1_307' title='bbox 989 2851 1098 2911; x_wconf 84' lang='lat' dir='ltr'>artifex</span> <span class='ocrx_word' id='word_1_308' title='bbox 1151 2848 1279 2923; x_wconf 79' lang='lat' dir='ltr'>mimda,</span> <span class='ocrx_word' id='word_1_309' title='bbox 1291 2846 1478 2908; x_wconf 85' lang='lat' dir='ltr'>utindevim</span> <span class='ocrx_word' id='word_1_310' title='bbox 1494 2863 1558 2907; x_wconf 89' lang='lat' dir='ltr'>ease</span> <span class='ocrx_word' id='word_1_311' title='bbox 1572 2846 1709 2924; x_wconf 82' lang='lat' dir='ltr'>aliquam</span> <span class='ocrx_word' id='word_1_312' title='bbox 1726 2848 1872 2922; x_wconf 87' lang='lat' dir='ltr'>agnoscat</span> <span class='ocrx_word' id='word_1_313' title='bbox 1887 2843 1915 2903; x_wconf 88' lang='lat' dir='ltr'>in</span> 
     </span>
    </p>
   </div>
   <div class='ocr_carea' id='block_1_5' title="bbox 324 2936 1997 3121">
    <p class='ocr_par' dir='ltr' id='par_1_5' title="bbox 324 2936 1997 3121">
     <span class='ocr_line' id='line_1_27' title="bbox 324 2936 1997 3029; baseline -0.001 -29"><span class='ocrx_word' id='word_1_314' title='bbox 324 2958 420 3020; x_wconf 87' lang='lat' dir='ltr'>eaque</span> <span class='ocrx_word' id='word_1_315' title='bbox 435 2959 561 3003; x_wconf 85' lang='lat' dir='ltr'>movens</span> <span class='ocrx_word' id='word_1_316' title='bbox 579 2947 610 3002; x_wconf 92' lang='lat' dir='ltr'>et</span> <span class='ocrx_word' id='word_1_317' title='bbox 628 2960 809 3002; x_wconf 88' lang='lat' dir='ltr'>conservans</span> <span class='ocrx_word' id='word_1_318' title='bbox 827 2960 919 3003; x_wconf 89' lang='lat' dir='ltr'>causa</span> <span class='ocrx_word' id='word_1_319' title='bbox 938 2945 1099 3006; x_wconf 88' lang='lat' dir='ltr'>manifesta</span> <span class='ocrx_word' id='word_1_320' title='bbox 1153 2940 1215 3001; x_wconf 84' lang='lat' dir='ltr'>illis</span> <span class='ocrx_word' id='word_1_321' title='bbox 1231 2944 1432 3020; x_wconf 89' lang='lat' dir='ltr'>apparentem</span> <span class='ocrx_word' id='word_1_322' title='bbox 1458 2939 1659 3018; x_wconf 90' lang='lat' dir='ltr'>omniumque</span> <span class='ocrx_word' id='word_1_323' title='bbox 1680 2936 1881 3016; x_wconf 59' lang='lat' dir='ltr'>supremam</span> <span class='ocrx_word' id='word_1_324' title='bbox 1901 2956 1913 2991; x_wconf 79' lang='grc' dir='ltr'>ι</span> <span class='ocrx_word' id='word_1_325' title='bbox 1996 2976 1997 3029; x_wconf 66' lang='lat'><em>3</em></span> 
     </span>
     <span class='ocr_line' id='line_1_28' title="bbox 324 3032 1997 3121; baseline 0.001 -27"><span class='ocrx_word' id='word_1_326' title='bbox 324 3040 379 3110; x_wconf 84' lang='lat' dir='ltr'>est,</span> <span class='ocrx_word' id='word_1_327' title='bbox 397 3037 518 3097; x_wconf 88' lang='lat' dir='ltr'>tametsi</span> <span class='ocrx_word' id='word_1_328' title='bbox 538 3042 642 3096; x_wconf 87' lang='lat' dir='ltr'>mente</span> <span class='ocrx_word' id='word_1_329' title='bbox 659 3054 723 3096; x_wconf 89' lang='lat' dir='ltr'>non</span> <span class='ocrx_word' id='word_1_330' title='bbox 743 3036 1031 3116; x_wconf 86' lang='lat' dir='ltr'>comprehendatur.</span> <span class='ocrx_word' id='word_1_331' title='bbox 1055 3037 1098 3098; x_wconf 81' lang='lat' dir='ltr'>Ac</span> <span class='ocrx_word' id='word_1_332' title='bbox 1152 3034 1315 3113; x_wconf 82' lang='lat' dir='ltr'>Eleganter</span> <span class='ocrx_word' id='word_1_333' title='bbox 1329 3034 1539 3113; x_wconf 67' lang='lat' dir='ltr'>lapsania*</span> <span class='ocrx_word' id='word_1_334' title='bbox 1558 3033 1699 3094; x_wconf 89' lang='lat' dir='ltr'>homines</span> <span class='ocrx_word' id='word_1_335' title='bbox 1711 3049 1763 3092; x_wconf 88' lang='lat' dir='ltr'>cos</span> <span class='ocrx_word' id='word_1_336' title='bbox 1786 3032 1840 3111; x_wconf 91' lang='lat' dir='ltr'>qui</span> <span class='ocrx_word' id='word_1_337' title='bbox 1855 3048 1916 3110; x_wconf 77' lang='lat' dir='ltr'>que</span> <span class='ocrx_word' id='word_1_338' title='bbox 1996 3118 1997 3121; x_wconf 8' lang='grc' dir='ltr'><strong>Ἴ</strong></span> 
     </span>
    </p>
   </div>
   <div class='ocr_carea' id='block_1_6' title="bbox 323 3126 1918 3396">
    <p class='ocr_par' dir='ltr' id='par_1_6' title="bbox 323 3126 1918 3396">
     <span class='ocr_line' id='line_1_29' title="bbox 323 3126 1913 3210; baseline -0.003 -21"><span class='ocrx_word' id='word_1_339' title='bbox 323 3130 564 3210; x_wconf 86' lang='lat' dir='ltr'>nimisproieclo</span> <span class='ocrx_word' id='word_1_340' title='bbox 581 3130 676 3191; x_wconf 87' lang='lat' dir='ltr'>hebes</span> <span class='ocrx_word' id='word_1_341' title='bbox 694 3136 725 3191; x_wconf 92' lang='lat' dir='ltr'>et</span> <span class='ocrx_word' id='word_1_342' title='bbox 745 3131 873 3191; x_wconf 87' lang='lat' dir='ltr'>stolidus</span> <span class='ocrx_word' id='word_1_343' title='bbox 894 3136 940 3192; x_wconf 87' lang='lat' dir='ltr'>est</span> <span class='ocrx_word' id='word_1_344' title='bbox 961 3132 1016 3210; x_wconf 91' lang='lat' dir='ltr'>qui</span> <span class='ocrx_word' id='word_1_345' title='bbox 1035 3146 1098 3192; x_wconf 90' lang='lat' dir='ltr'>non</span> <span class='ocrx_word' id='word_1_346' title='bbox 1152 3126 1290 3189; x_wconf 87' lang='lat' dir='ltr'>sensibus</span> <span class='ocrx_word' id='word_1_347' title='bbox 1315 3145 1379 3186; x_wconf 89' lang='lat' dir='ltr'>non</span> <span class='ocrx_word' id='word_1_348' title='bbox 1399 3131 1582 3203; x_wconf 86' lang='lat' dir='ltr'>attractant,</span> <span class='ocrx_word' id='word_1_349' title='bbox 1606 3144 1644 3186; x_wconf 90' lang='lat' dir='ltr'>ea</span> <span class='ocrx_word' id='word_1_350' title='bbox 1660 3126 1771 3186; x_wconf 86' lang='lat' dir='ltr'>nolunt</span> <span class='ocrx_word' id='word_1_351' title='bbox 1787 3126 1913 3199; x_wconf 89' lang='lat' dir='ltr'>credere,</span> 
     </span>
     <span class='ocr_line' id='line_1_30' title="bbox 324 3218 1918 3306; baseline -0.002 -25"><span class='ocrx_word' id='word_1_352' title='bbox 324 3220 483 3303; x_wconf 84' lang='lat' dir='ltr'>hueusque</span> <span class='ocrx_word' id='word_1_353' title='bbox 500 3229 608 3303; x_wconf 90' lang='lat' dir='ltr'>sponte</span> <span class='ocrx_word' id='word_1_354' title='bbox 623 3224 830 3303; x_wconf 82' lang='lat' dir='ltr'>progreditur,</span> <span class='ocrx_word' id='word_1_355' title='bbox 847 3226 1098 3306; x_wconf 88' lang='lat' dir='ltr'>naturaliumque</span> <span class='ocrx_word' id='word_1_356' title='bbox 1151 3220 1322 3300; x_wconf 81' lang='lat' dir='ltr'>presertim</span> <span class='ocrx_word' id='word_1_357' title='bbox 1335 3221 1434 3279; x_wconf 89' lang='lat' dir='ltr'>Deum</span> <span class='ocrx_word' id='word_1_358' title='bbox 1446 3220 1500 3298; x_wconf 92' lang='lat' dir='ltr'>qui</span> <span class='ocrx_word' id='word_1_359' title='bbox 1512 3236 1576 3279; x_wconf 89' lang='lat' dir='ltr'>non</span> <span class='ocrx_word' id='word_1_360' title='bbox 1589 3218 1695 3295; x_wconf 88' lang='lat' dir='ltr'>oculis,</span> <span class='ocrx_word' id='word_1_361' title='bbox 1710 3218 1763 3279; x_wconf 90' lang='lat' dir='ltr'>sed</span> <span class='ocrx_word' id='word_1_362' title='bbox 1781 3236 1819 3279; x_wconf 85' lang='lat' dir='ltr'>ex</span> <span class='ocrx_word' id='word_1_363' title='bbox 1829 3218 1918 3298; x_wconf 89' lang='lat' dir='ltr'>operi-</span> 
     </span>
     <span class='ocr_line' id='line_1_31' title="bbox 324 3311 1915 3396; baseline -0.003 -22"><span class='ocrx_word' id='word_1_364' title='bbox 324 3314 619 3376; x_wconf 84' lang='lat' dir='ltr'>damoastrationum</span> <span class='ocrx_word' id='word_1_365' title='bbox 638 3316 766 3395; x_wconf 83' lang='lat' dir='ltr'>vestigia</span> <span class='ocrx_word' id='word_1_366' title='bbox 777 3315 944 3396; x_wconf 67' lang='lat' dir='ltr'>sequstur‘.</span> <span class='ocrx_word' id='word_1_367' title='bbox 957 3339 973 3376; x_wconf 87' lang='lat' dir='ltr'>u</span> <span class='ocrx_word' id='word_1_368' title='bbox 1152 3312 1211 3373; x_wconf 90' lang='lat' dir='ltr'>hus</span> <span class='ocrx_word' id='word_1_369' title='bbox 1221 3314 1353 3389; x_wconf 80' lang='lat' dir='ltr'>ridetur,</span> <span class='ocrx_word' id='word_1_370' title='bbox 1368 3312 1475 3373; x_wconf 82' lang='lat' dir='ltr'>irridet</span> <span class='ocrx_word' id='word_1_371' title='bbox 1486 3312 1528 3373; x_wconf 89' lang='lat' dir='ltr'>sic</span> <span class='ocrx_word' id='word_1_372' title='bbox 1543 3331 1582 3372; x_wconf 81' lang='lat' dir='ltr'>:a</span> <span class='ocrx_word' id='word_1_373' title='bbox 1604 3314 1672 3374; x_wconf 89' lang='lat' dir='ltr'>Non</span> <span class='ocrx_word' id='word_1_374' title='bbox 1691 3311 1793 3388; x_wconf 83' lang='lat' dir='ltr'>video,</span> <span class='ocrx_word' id='word_1_375' title='bbox 1814 3312 1915 3391; x_wconf 88' lang='lat' dir='ltr'>inquit.</span> 
     </span>
    </p>
   </div>
   <div class='ocr_carea' id='block_1_7' title="bbox 320 3500 1997 5190">
    <p class='ocr_par' dir='ltr' id='par_1_7' title="bbox 320 3500 1997 5190">
     <span class='ocr_line' id='line_1_32' title="bbox 321 3500 1918 3590; baseline 0.007 -24"><span class='ocrx_word' id='word_1_376' title='bbox 321 3500 371 3566; x_wconf 66' lang='lat' dir='ltr'>ritu</span> <span class='ocrx_word' id='word_1_377' title='bbox 393 3514 512 3583; x_wconf 74' lang='grc' dir='ltr'>πενήτων,</span> <span class='ocrx_word' id='word_1_378' title='bbox 537 3516 598 3586; x_wconf 72' lang='grc' dir='ltr'>μήτε</span> <span class='ocrx_word' id='word_1_379' title='bbox 619 3515 675 3578; x_wconf 69' lang='lat' dir='ltr'>rote</span> <span class='ocrx_word' id='word_1_380' title='bbox 696 3517 815 3589; x_wconf 77' lang='grc' dir='ltr'>μεγάλους</span> <span class='ocrx_word' id='word_1_381' title='bbox 837 3515 898 3570; x_wconf 77' lang='grc' dir='ltr'>κατὰ</span> <span class='ocrx_word' id='word_1_382' title='bbox 921 3522 970 3570; x_wconf 84' lang='grc' dir='ltr'>τῶν</span> <span class='ocrx_word' id='word_1_383' title='bbox 994 3517 1096 3590; x_wconf 76' lang='grc' dir='ltr'>μίκρων,</span> <span class='ocrx_word' id='word_1_384' title='bbox 1152 3516 1211 3580; x_wconf 80' lang='grc' dir='ltr'>πᾶν,</span> <span class='ocrx_word' id='word_1_385' title='bbox 1225 3514 1241 3582; x_wconf 76' lang='grc' dir='ltr'>η</span> <span class='ocrx_word' id='word_1_386' title='bbox 1255 3512 1367 3581; x_wconf 87' lang='grc' dir='ltr'>συνέστη,</span> <span class='ocrx_word' id='word_1_387' title='bbox 1383 3511 1414 3584; x_wconf 75' lang='grc' dir='ltr'>μὴ</span> <span class='ocrx_word' id='word_1_388' title='bbox 1429 3511 1492 3565; x_wconf 78' lang='grc' dir='ltr'>Θεοῦ</span> <span class='ocrx_word' id='word_1_389' title='bbox 1503 3511 1534 3566; x_wconf 75' lang='grc' dir='ltr'>τὰ</span> <span class='ocrx_word' id='word_1_390' title='bbox 1545 3511 1623 3565; x_wconf 75' lang='grc' dir='ltr'>πάντα</span> <span class='ocrx_word' id='word_1_391' title='bbox 1642 3513 1682 3565; x_wconf 72' lang='grc' dir='ltr'>καὶ</span> <span class='ocrx_word' id='word_1_392' title='bbox 1696 3512 1869 3579; x_wconf 59' lang='lat' dir='ltr'>sumimur,</span> <span class='ocrx_word' id='word_1_393' title='bbox 1884 3510 1918 3564; x_wconf 57' lang='grc' dir='ltr'>’Δί</span> 
     </span>
     <span class='ocr_line' id='line_1_33' title="bbox 322 3595 1918 3674; baseline 0.007 -24"><span class='ocrx_word' id='word_1_394' title='bbox 322 3599 384 3669; x_wconf 77' lang='grc' dir='ltr'>μήτε</span> <span class='ocrx_word' id='word_1_395' title='bbox 401 3598 457 3660; x_wconf 73' lang='grc' dir='ltr'>τοίας</span> <span class='ocrx_word' id='word_1_396' title='bbox 484 3598 551 3661; x_wconf 88' lang='grc' dir='ltr'>νέους</span> <span class='ocrx_word' id='word_1_397' title='bbox 570 3599 631 3653; x_wconf 75' lang='grc' dir='ltr'>κατὰ</span> <span class='ocrx_word' id='word_1_398' title='bbox 645 3605 694 3654; x_wconf 78' lang='grc' dir='ltr'>τῶν</span> <span class='ocrx_word' id='word_1_399' title='bbox 722 3602 843 3674; x_wconf 76' lang='grc' dir='ltr'>γερόντων</span> <span class='ocrx_word' id='word_1_400' title='bbox 862 3602 1011 3674; x_wconf 76' lang='grc' dir='ltr'>γινομένους·</span> <span class='ocrx_word' id='word_1_401' title='bbox 1034 3602 1098 3656; x_wconf 76' lang='grc' dir='ltr'>ἀλλὰ</span> <span class='ocrx_word' id='word_1_402' title='bbox 1153 3595 1383 3670; x_wconf 66' lang='grc' dir='ltr'>σννέχῠίτῠςὶῡνῧέ</span> <span class='ocrx_word' id='word_1_403' title='bbox 1398 3595 1553 3668; x_wconf 61' lang='grc' dir='ltr'>Υέρέῑθέρᾱί</span> <span class='ocrx_word' id='word_1_404' title='bbox 1573 3613 1609 3658; x_wconf 67' lang='grc' dir='ltr'>τίς</span> <span class='ocrx_word' id='word_1_405' title='bbox 1631 3595 1695 3668; x_wconf 68' lang='grc' dir='ltr'>δρῶν</span> <span class='ocrx_word' id='word_1_406' title='bbox 1714 3598 1834 3652; x_wconf 59' lang='lat' dir='ltr'>timim</span> <span class='ocrx_word' id='word_1_407' title='bbox 1852 3597 1918 3665; x_wconf 61' lang='lat' dir='ltr'>im·</span> 
     </span>
     <span class='ocr_line' id='line_1_34' title="bbox 321 3679 1997 3760; baseline 0.008 -26"><span class='ocrx_word' id='word_1_408' title='bbox 321 3682 412 3743; x_wconf 80' lang='grc' dir='ltr'>πάντας</span> <span class='ocrx_word' id='word_1_409' title='bbox 422 3681 484 3736; x_wconf 86' lang='grc' dir='ltr'>κατίι</span> <span class='ocrx_word' id='word_1_410' title='bbox 502 3683 546 3752; x_wconf 75' lang='grc' dir='ltr'>τὴν</span> <span class='ocrx_word' id='word_1_411' title='bbox 561 3681 698 3757; x_wconf 73' lang='grc' dir='ltr'>ἰσομοιρίαν</span> <span class='ocrx_word' id='word_1_412' title='bbox 719 3683 892 3757; x_wconf 78' lang='grc' dir='ltr'>εἰρηνεύοντες·</span> <span class='ocrx_word' id='word_1_413' title='bbox 909 3684 930 3739; x_wconf 87' lang='grc' dir='ltr'>εἰ</span> <span class='ocrx_word' id='word_1_414' title='bbox 944 3689 1019 3740; x_wconf 72' lang='lat' dir='ltr'>rovira</span> <span class='ocrx_word' id='word_1_415' title='bbox 1040 3687 1097 3760; x_wconf 86' lang='grc' dir='ltr'>βλί-</span> <span class='ocrx_word' id='word_1_416' title='bbox 1154 3682 1237 3753; x_wconf 69' lang='grc' dir='ltr'>μένην,</span> <span class='ocrx_word' id='word_1_417' title='bbox 1257 3680 1450 3748; x_wconf 58' lang='grc' dir='ltr'>καίῒίίῒνῦπίέ</span> <span class='ocrx_word' id='word_1_418' title='bbox 1470 3679 1641 3753; x_wconf 48' lang='lat' dir='ltr'>&amp;till-wilm,</span> <span class='ocrx_word' id='word_1_419' title='bbox 1658 3683 1699 3733; x_wconf 60' lang='grc' dir='ltr'>καί</span> <span class='ocrx_word' id='word_1_420' title='bbox 1718 3680 1839 3749; x_wconf 46' lang='lat' dir='ltr'>timisti»</span> <span class='ocrx_word' id='word_1_421' title='bbox 1858 3682 1921 3748; x_wconf 56' lang='grc' dir='ltr'>ἦέίί</span> <span class='ocrx_word' id='word_1_422' title='bbox 1996 3720 1997 3731; x_wconf 49' lang='lat'>¹</span> 
     </span>
     <span class='ocr_line' id='line_1_35' title="bbox 320 3763 1919 3843; baseline 0.008 -25"><span class='ocrx_word' id='word_1_423' title='bbox 320 3784 408 3838; x_wconf 88' lang='grc' dir='ltr'>ποιμεν</span> <span class='ocrx_word' id='word_1_424' title='bbox 429 3768 524 3830; x_wconf 81' lang='grc' dir='ltr'>πάντως</span> <span class='ocrx_word' id='word_1_425' title='bbox 546 3765 682 3840; x_wconf 72' lang='grc' dir='ltr'>ἐννοοῦμεν,</span> <span class='ocrx_word' id='word_1_426' title='bbox 703 3771 741 3824; x_wconf 88' lang='grc' dir='ltr'>ίίτι</span> <span class='ocrx_word' id='word_1_427' title='bbox 762 3770 881 3843; x_wconf 86' lang='grc' dir='ltr'>ίίρχοντος</span> <span class='ocrx_word' id='word_1_428' title='bbox 908 3771 1028 3843; x_wconf 78' lang='grc' dir='ltr'>παρουσία</span> <span class='ocrx_word' id='word_1_429' title='bbox 1053 3771 1098 3840; x_wconf 70' lang='grc' dir='ltr'>την</span> <span class='ocrx_word' id='word_1_430' title='bbox 1152 3765 1380 3839; x_wconf 61' lang='grc' dir='ltr'>κίθαρῳδίαςῑέῖῇς</span> <span class='ocrx_word' id='word_1_431' title='bbox 1394 3763 1498 3830; x_wconf 52' lang='lat' dir='ltr'>&amp;illimis</span> <span class='ocrx_word' id='word_1_432' title='bbox 1512 3764 1576 3817; x_wconf 63' lang='grc' dir='ltr'>ἄλλο</span> <span class='ocrx_word' id='word_1_433' title='bbox 1589 3783 1613 3818; x_wconf 66' lang='grc' dir='ltr'>τί</span> <span class='ocrx_word' id='word_1_434' title='bbox 1626 3766 1640 3833; x_wconf 78' lang='grc' dir='ltr'>ἢ</span> <span class='ocrx_word' id='word_1_435' title='bbox 1654 3764 1697 3819; x_wconf 63' lang='lat' dir='ltr'>ibt</span> <span class='ocrx_word' id='word_1_436' title='bbox 1719 3770 1762 3834; x_wconf 72' lang='grc' dir='ltr'>τῆς</span> <span class='ocrx_word' id='word_1_437' title='bbox 1775 3767 1871 3838; x_wconf 59' lang='grc' dir='ltr'>κιθάραν</span> <span class='ocrx_word' id='word_1_438' title='bbox 1882 3766 1919 3831; x_wconf 69' lang='grc' dir='ltr'>ἰν·</span> 
     </span>
     <span class='ocr_line' id='line_1_36' title="bbox 321 3848 1997 3929; baseline -0.001 -25"><span class='ocrx_word' id='word_1_439' title='bbox 321 3850 437 3922; x_wconf 84' lang='grc' dir='ltr'>όμονοίαν</span> <span class='ocrx_word' id='word_1_440' title='bbox 450 3852 598 3924; x_wconf 80' lang='grc' dir='ltr'>προτανεόει,</span> <span class='ocrx_word' id='word_1_441' title='bbox 614 3855 657 3906; x_wconf 78' lang='grc' dir='ltr'>κᾶν</span> <span class='ocrx_word' id='word_1_442' title='bbox 678 3854 710 3926; x_wconf 69' lang='grc' dir='ltr'>μη</span> <span class='ocrx_word' id='word_1_443' title='bbox 731 3853 827 3927; x_wconf 75' lang='grc' dir='ltr'>ὁρῶμεν</span> <span class='ocrx_word' id='word_1_444' title='bbox 847 3854 929 3909; x_wconf 77' lang='grc' dir='ltr'>αἰετόν·</span> <span class='ocrx_word' id='word_1_445' title='bbox 951 3856 966 3924; x_wconf 77' lang='grc' dir='ltr'>η</span> <span class='ocrx_word' id='word_1_446' title='bbox 987 3853 1030 3927; x_wconf 73' lang='grc' dir='ltr'>μέν</span> <span class='ocrx_word' id='word_1_447' title='bbox 1051 3856 1098 3929; x_wconf 74' lang='grc' dir='ltr'>γὰρ</span> <span class='ocrx_word' id='word_1_448' title='bbox 1153 3850 1380 3925; x_wconf 55' lang='lat' dir='ltr'>praerequisita</span> <span class='ocrx_word' id='word_1_449' title='bbox 1393 3848 1704 3923; x_wconf 74' lang='grc' dir='ltr'>κιθαρῳὸονέννοησει,ααλ</span> <span class='ocrx_word' id='word_1_450' title='bbox 1717 3849 1921 3923; x_wconf 76' lang='grc' dir='ltr'>πρόςαυτόνίνα·</span> <span class='ocrx_word' id='word_1_451' title='bbox 1996 3870 1997 3875; x_wconf 65' lang='grc'>’</span> 
     </span>
     <span class='ocr_line' id='line_1_37' title="bbox 322 3932 1997 4011; baseline 0.008 -25"><span class='ocrx_word' id='word_1_452' title='bbox 322 3932 407 3997; x_wconf 74' lang='grc' dir='ltr'>ἀταξία</span> <span class='ocrx_word' id='word_1_453' title='bbox 419 3932 535 4008; x_wconf 76' lang='grc' dir='ltr'>ἀναρχίας</span> <span class='ocrx_word' id='word_1_454' title='bbox 546 3934 597 3991; x_wconf 72' lang='grc' dir='ltr'>ἐστι</span> <span class='ocrx_word' id='word_1_455' title='bbox 608 3937 769 4009; x_wconf 77' lang='grc' dir='ltr'>γνωρίσμα·η</span> <span class='ocrx_word' id='word_1_456' title='bbox 780 3936 807 3991; x_wconf 77' lang='grc' dir='ltr'>δὲ</span> <span class='ocrx_word' id='word_1_457' title='bbox 819 3937 885 4001; x_wconf 82' lang='grc' dir='ltr'>τάξις</span> <span class='ocrx_word' id='word_1_458' title='bbox 905 3938 947 3993; x_wconf 75' lang='grc' dir='ltr'>τόν</span> <span class='ocrx_word' id='word_1_459' title='bbox 965 3939 1095 4011; x_wconf 68' lang='grc' dir='ltr'>ἡγεμονεύὲ</span> <span class='ocrx_word' id='word_1_460' title='bbox 1152 3937 1280 4008; x_wconf 78' lang='grc' dir='ltr'>δραμεῖται</span> <span class='ocrx_word' id='word_1_461' title='bbox 1292 3938 1323 4008; x_wconf 76' lang='grc' dir='ltr'>τῇ</span> <span class='ocrx_word' id='word_1_462' title='bbox 1334 3933 1439 4006; x_wconf 72' lang='grc' dir='ltr'>διανοίᾳ,</span> <span class='ocrx_word' id='word_1_463' title='bbox 1452 3935 1496 3987; x_wconf 77' lang='grc' dir='ltr'>κᾶν</span> <span class='ocrx_word' id='word_1_464' title='bbox 1504 3932 1598 4007; x_wconf 74' lang='grc' dir='ltr'>ἰγνυῶν</span> <span class='ocrx_word' id='word_1_465' title='bbox 1611 3934 1672 4008; x_wconf 65' lang='grc' dir='ltr'>τέκῃ</span> <span class='ocrx_word' id='word_1_466' title='bbox 1685 3937 1740 3997; x_wconf 68' lang='grc' dir='ltr'>ταῖς</span> <span class='ocrx_word' id='word_1_467' title='bbox 1752 3934 1846 4008; x_wconf 66' lang='grc' dir='ltr'>ὄψεσιν·</span> <span class='ocrx_word' id='word_1_468' title='bbox 1866 3932 1923 3988; x_wconf 62' lang='lat' dir='ltr'>⁰5³⁰j</span> <span class='ocrx_word' id='word_1_469' title='bbox 1996 4004 1997 4007; x_wconf 10' lang='grc' dir='ltr'>γ</span> 
     </span>
     <span class='ocr_line' id='line_1_38' title="bbox 322 4016 1922 4096; baseline -0.001 -24"><span class='ocrx_word' id='word_1_470' title='bbox 322 4037 382 4073; x_wconf 90' lang='grc' dir='ltr'>οντα</span> <span class='ocrx_word' id='word_1_471' title='bbox 394 4018 506 4073; x_wconf 85' lang='grc' dir='ltr'>δείκνυσι·</span> <span class='ocrx_word' id='word_1_472' title='bbox 522 4019 562 4073; x_wconf 80' lang='grc' dir='ltr'>καί</span> <span class='ocrx_word' id='word_1_473' title='bbox 585 4020 631 4093; x_wconf 85' lang='grc' dir='ltr'>γὰρ</span> <span class='ocrx_word' id='word_1_474' title='bbox 655 4021 699 4091; x_wconf 78' lang='grc' dir='ltr'>τὴν</span> <span class='ocrx_word' id='word_1_475' title='bbox 723 4021 747 4075; x_wconf 82' lang='grc' dir='ltr'>έν</span> <span class='ocrx_word' id='word_1_476' title='bbox 773 4028 809 4095; x_wconf 81' lang='grc' dir='ltr'>τῷ</span> <span class='ocrx_word' id='word_1_477' title='bbox 827 4024 923 4094; x_wconf 85' lang='grc' dir='ltr'>σώματι</span> <span class='ocrx_word' id='word_1_478' title='bbox 948 4028 997 4076; x_wconf 81' lang='grc' dir='ltr'>τῶν</span> <span class='ocrx_word' id='word_1_479' title='bbox 1015 4024 1097 4096; x_wconf 81' lang='grc' dir='ltr'>μελῶν</span> <span class='ocrx_word' id='word_1_480' title='bbox 1152 4021 1192 4072; x_wconf 85' lang='grc' dir='ltr'>καί</span> <span class='ocrx_word' id='word_1_481' title='bbox 1206 4019 1266 4092; x_wconf 68' lang='grc' dir='ltr'>ἡμῖν</span> <span class='ocrx_word' id='word_1_482' title='bbox 1280 4019 1309 4074; x_wconf 79' lang='grc' dir='ltr'>το</span> <span class='ocrx_word' id='word_1_483' title='bbox 1320 4018 1445 4087; x_wconf 74' lang='grc' dir='ltr'>ποιητικόν</span> <span class='ocrx_word' id='word_1_484' title='bbox 1457 4018 1543 4087; x_wconf 81' lang='grc' dir='ltr'>δῆλον,</span> <span class='ocrx_word' id='word_1_485' title='bbox 1564 4019 1604 4072; x_wconf 84' lang='grc' dir='ltr'>καί</span> <span class='ocrx_word' id='word_1_486' title='bbox 1615 4018 1742 4088; x_wconf 59' lang='lat' dir='ltr'>salival,</span> <span class='ocrx_word' id='word_1_487' title='bbox 1752 4022 1793 4073; x_wconf 83' lang='grc' dir='ltr'>καί</span> <span class='ocrx_word' id='word_1_488' title='bbox 1806 4023 1889 4092; x_wconf 79' lang='grc' dir='ltr'>τηροῦν</span> <span class='ocrx_word' id='word_1_489' title='bbox 1897 4016 1922 4071; x_wconf 78' lang='grc' dir='ltr'>τί</span> 
     </span>
     <span class='ocr_line' id='line_1_39' title="bbox 322 4101 1921 4181; baseline 0.002 -26"><span class='ocrx_word' id='word_1_490' title='bbox 322 4103 461 4175; x_wconf 76' lang='grc' dir='ltr'>συμφωνίαν</span> <span class='ocrx_word' id='word_1_491' title='bbox 473 4102 587 4176; x_wconf 78' lang='grc' dir='ltr'>ὁρῶντες,</span> <span class='ocrx_word' id='word_1_492' title='bbox 602 4105 640 4158; x_wconf 79' lang='grc' dir='ltr'>ότι</span> <span class='ocrx_word' id='word_1_493' title='bbox 657 4105 685 4157; x_wconf 71' lang='grc' dir='ltr'>οἰκ</span> <span class='ocrx_word' id='word_1_494' title='bbox 699 4105 827 4178; x_wconf 64' lang='grc' dir='ltr'>μέχεταιό</span> <span class='ocrx_word' id='word_1_495' title='bbox 841 4104 965 4179; x_wconf 77' lang='grc' dir='ltr'>ὀφθαλμός</span> <span class='ocrx_word' id='word_1_496' title='bbox 980 4111 1011 4181; x_wconf 74' lang='grc' dir='ltr'>τῇ</span> <span class='ocrx_word' id='word_1_497' title='bbox 1025 4106 1096 4181; x_wconf 73' lang='grc' dir='ltr'>ἀκοῇ,</span> <span class='ocrx_word' id='word_1_498' title='bbox 1153 4105 1364 4177; x_wconf 82' lang='grc' dir='ltr'>πεποιημένα,κίίν</span> <span class='ocrx_word' id='word_1_499' title='bbox 1375 4102 1408 4176; x_wconf 71' lang='grc' dir='ltr'>μὴ</span> <span class='ocrx_word' id='word_1_500' title='bbox 1418 4102 1512 4174; x_wconf 74' lang='grc' dir='ltr'>διανοίᾳ</span> <span class='ocrx_word' id='word_1_501' title='bbox 1520 4103 1731 4176; x_wconf 79' lang='grc' dir='ltr'>περιλαμόόνεται·</span> <span class='ocrx_word' id='word_1_502' title='bbox 1740 4104 1780 4157; x_wconf 87' lang='grc' dir='ltr'>καί</span> <span class='ocrx_word' id='word_1_503' title='bbox 1789 4101 1921 4174; x_wconf 61' lang='lat' dir='ltr'>itaqu»</span> 
     </span>
     <span class='ocr_line' id='line_1_40' title="bbox 322 4186 1923 4263; baseline 0.008 -24"><span class='ocrx_word' id='word_1_504' title='bbox 322 4186 520 4259; x_wconf 78' lang='grc' dir='ltr'>ουδέὴχείρτῷ</span> <span class='ocrx_word' id='word_1_505' title='bbox 535 4188 592 4242; x_wconf 84' lang='grc' dir='ltr'>ποδί</span> <span class='ocrx_word' id='word_1_506' title='bbox 614 4190 745 4252; x_wconf 79' lang='grc' dir='ltr'>στασιάζει·</span> <span class='ocrx_word' id='word_1_507' title='bbox 770 4189 826 4242; x_wconf 73' lang='grc' dir='ltr'>ἀλλ’</span> <span class='ocrx_word' id='word_1_508' title='bbox 851 4189 950 4245; x_wconf 80' lang='grc' dir='ltr'>ἕκαστον</span> <span class='ocrx_word' id='word_1_509' title='bbox 964 4192 1009 4261; x_wconf 77' lang='grc' dir='ltr'>τὴν</span> <span class='ocrx_word' id='word_1_510' title='bbox 1035 4192 1097 4247; x_wconf 83' lang='grc' dir='ltr'>ἰδίαν</span> <span class='ocrx_word' id='word_1_511' title='bbox 1155 4210 1207 4263; x_wconf 81' lang='grc' dir='ltr'>μων</span> <span class='ocrx_word' id='word_1_512' title='bbox 1221 4189 1235 4243; x_wconf 80' lang='grc' dir='ltr'>ό</span> <span class='ocrx_word' id='word_1_513' title='bbox 1250 4189 1282 4261; x_wconf 70' lang='grc' dir='ltr'>μὴ</span> <span class='ocrx_word' id='word_1_514' title='bbox 1299 4187 1474 4261; x_wconf 70' lang='grc' dir='ltr'>μέχρῑτοῦτωί</span> <span class='ocrx_word' id='word_1_515' title='bbox 1487 4189 1582 4259; x_wconf 76' lang='lat' dir='ltr'>upoi&#39;dou</span> <span class='ocrx_word' id='word_1_516' title='bbox 1595 4186 1719 4255; x_wconf 67' lang='grc' dir='ltr'>έκθνσίως,</span> <span class='ocrx_word' id='word_1_517' title='bbox 1732 4190 1771 4242; x_wconf 63' lang='grc' dir='ltr'>καί</span> <span class='ocrx_word' id='word_1_518' title='bbox 1788 4191 1841 4250; x_wconf 69' lang='grc' dir='ltr'>ταῖς</span> <span class='ocrx_word' id='word_1_519' title='bbox 1861 4204 1923 4258; x_wconf 66' lang='lat' dir='ltr'>imi·</span> 
     </span>
     <span class='ocr_line' id='line_1_41' title="bbox 322 4267 1508 4347; baseline 0.004 -26"><span class='ocrx_word' id='word_1_520' title='bbox 322 4267 441 4322; x_wconf 76' lang='grc' dir='ltr'>ἀποτελεῖ</span> <span class='ocrx_word' id='word_1_521' title='bbox 449 4271 534 4342; x_wconf 86' lang='grc' dir='ltr'>χρείαν</span> <span class='ocrx_word' id='word_1_522' title='bbox 545 4270 720 4344; x_wconf 74' lang='grc' dir='ltr'>ἀστασιάστως,</span> <span class='ocrx_word' id='word_1_523' title='bbox 734 4271 861 4347; x_wconf 78' lang='grc' dir='ltr'>ἐννοοῦμεν</span> <span class='ocrx_word' id='word_1_524' title='bbox 874 4271 899 4327; x_wconf 80' lang='grc' dir='ltr'>έν</span> <span class='ocrx_word' id='word_1_525' title='bbox 910 4275 996 4329; x_wconf 84' lang='grc' dir='ltr'>τούτου</span> <span class='ocrx_word' id='word_1_526' title='bbox 1002 4277 1098 4339; x_wconf 78' lang='grc' dir='ltr'>πάντως</span> <span class='ocrx_word' id='word_1_527' title='bbox 1153 4276 1207 4336; x_wconf 81' lang='grc' dir='ltr'>καῖς</span> <span class='ocrx_word' id='word_1_528' title='bbox 1222 4272 1338 4345; x_wconf 77' lang='grc' dir='ltr'>ἑπόμενος</span> <span class='ocrx_word' id='word_1_529' title='bbox 1349 4270 1508 4334; x_wconf 77' lang='grc' dir='ltr'>ἀποδείξεσιν.</span> 
     </span>
     <span class='ocr_line' id='line_1_42' title="bbox 323 4347 1920 4432; baseline 0.002 -27"><span class='ocrx_word' id='word_1_530' title='bbox 323 4347 385 4406; x_wconf 83' lang='grc' dir='ltr'>εἶναι</span> <span class='ocrx_word' id='word_1_531' title='bbox 399 4354 478 4427; x_wconf 75' lang='grc' dir='ltr'>ψυχὴν</span> <span class='ocrx_word' id='word_1_532' title='bbox 490 4353 514 4407; x_wconf 82' lang='grc' dir='ltr'>έν</span> <span class='ocrx_word' id='word_1_533' title='bbox 528 4360 564 4427; x_wconf 79' lang='grc' dir='ltr'>τῷ</span> <span class='ocrx_word' id='word_1_534' title='bbox 589 4357 694 4428; x_wconf 80' lang='grc' dir='ltr'>σώματι,</span> <span class='ocrx_word' id='word_1_535' title='bbox 723 4358 767 4426; x_wconf 75' lang='grc' dir='ltr'>τὴν</span> <span class='ocrx_word' id='word_1_536' title='bbox 788 4359 879 4413; x_wconf 81' lang='grc' dir='ltr'>τούτων</span> <span class='ocrx_word' id='word_1_537' title='bbox 905 4359 1097 4432; x_wconf 72' lang='grc' dir='ltr'>ἡγεμονεύουσαν</span> <span class='ocrx_word' id='word_1_538' title='bbox 1190 4358 1326 4414; x_wconf 76' lang='lat' dir='ltr'>bJUsrilt.</span> <span class='ocrx_word' id='word_1_539' title='bbox 1348 4358 1447 4424; x_wconf 77' lang='lat' dir='ltr'>Qttoest.</span> <span class='ocrx_word' id='word_1_540' title='bbox 1469 4359 1496 4411; x_wconf 82' lang='lat'>3.</span> <span class='ocrx_word' id='word_1_541' title='bbox 1521 4356 1599 4409; x_wconf 83' lang='grc' dir='ltr'>Πόθεν</span> <span class='ocrx_word' id='word_1_542' title='bbox 1622 4358 1697 4425; x_wconf 74' lang='grc' dir='ltr'>δῆλον</span> <span class='ocrx_word' id='word_1_543' title='bbox 1723 4354 1744 4410; x_wconf 87' lang='grc' dir='ltr'>εἶ</span> <span class='ocrx_word' id='word_1_544' title='bbox 1769 4358 1842 4426; x_wconf 77' lang='grc' dir='ltr'>,ὅλως</span> <span class='ocrx_word' id='word_1_545' title='bbox 1876 4354 1920 4410; x_wconf 80' lang='grc' dir='ltr'>ἐστὶ</span> 
     </span>
     <span class='ocr_line' id='line_1_43' title="bbox 322 4434 1920 4517; baseline 0.002 -28"><span class='ocrx_word' id='word_1_546' title='bbox 322 4436 366 4489; x_wconf 77' lang='grc' dir='ltr'>κᾶν</span> <span class='ocrx_word' id='word_1_547' title='bbox 381 4434 413 4509; x_wconf 76' lang='grc' dir='ltr'>μὴ</span> <span class='ocrx_word' id='word_1_548' title='bbox 428 4436 555 4512; x_wconf 77' lang='grc' dir='ltr'>βλέπωμεν</span> <span class='ocrx_word' id='word_1_549' title='bbox 569 4437 651 4509; x_wconf 77' lang='grc' dir='ltr'>αὔτην·</span> <span class='ocrx_word' id='word_1_550' title='bbox 674 4440 750 4504; x_wconf 80' lang='grc' dir='ltr'>οίίτιυς</span> <span class='ocrx_word' id='word_1_551' title='bbox 765 4441 789 4496; x_wconf 91' lang='grc' dir='ltr'>έν</span> <span class='ocrx_word' id='word_1_552' title='bbox 809 4447 840 4517; x_wconf 80' lang='grc' dir='ltr'>τῇ</span> <span class='ocrx_word' id='word_1_553' title='bbox 856 4445 900 4496; x_wconf 77' lang='grc' dir='ltr'>τοῦ</span> <span class='ocrx_word' id='word_1_554' title='bbox 920 4443 1009 4506; x_wconf 77' lang='grc' dir='ltr'>παντός</span> <span class='ocrx_word' id='word_1_555' title='bbox 1022 4443 1097 4512; x_wconf 77' lang='grc' dir='ltr'>τάξει,</span> <span class='ocrx_word' id='word_1_556' title='bbox 1153 4443 1231 4509; x_wconf 85' lang='grc' dir='ltr'>Θε6ς;</span> <span class='ocrx_word' id='word_1_557' title='bbox 1248 4440 1394 4515; x_wconf 87' lang='grc' dir='ltr'>Ἀπόκρισις.</span> <span class='ocrx_word' id='word_1_558' title='bbox 1416 4438 1459 4495; x_wconf 80' lang='grc' dir='ltr'>Ἐκ</span> <span class='ocrx_word' id='word_1_559' title='bbox 1472 4444 1516 4509; x_wconf 80' lang='grc' dir='ltr'>τῆς</span> <span class='ocrx_word' id='word_1_560' title='bbox 1530 4446 1580 4496; x_wconf 85' lang='grc' dir='ltr'>τῶν</span> <span class='ocrx_word' id='word_1_561' title='bbox 1591 4440 1669 4497; x_wconf 84' lang='grc' dir='ltr'>όντων</span> <span class='ocrx_word' id='word_1_562' title='bbox 1683 4441 1822 4504; x_wconf 84' lang='grc' dir='ltr'>ουστάσεώς</span> <span class='ocrx_word' id='word_1_563' title='bbox 1834 4460 1870 4511; x_wconf 88' lang='grc' dir='ltr'>τε,</span> <span class='ocrx_word' id='word_1_564' title='bbox 1884 4440 1920 4492; x_wconf 89' lang='grc' dir='ltr'>καί</span> 
     </span>
     <span class='ocr_line' id='line_1_44' title="bbox 323 4520 1918 4600; baseline 0.003 -28"><span class='ocrx_word' id='word_1_565' title='bbox 323 4521 363 4573; x_wconf 84' lang='grc' dir='ltr'>καί</span> <span class='ocrx_word' id='word_1_566' title='bbox 377 4521 482 4595; x_wconf 77' lang='grc' dir='ltr'>ἁρμονίᾳ</span> <span class='ocrx_word' id='word_1_567' title='bbox 499 4524 542 4578; x_wconf 79' lang='grc' dir='ltr'>τίεν</span> <span class='ocrx_word' id='word_1_568' title='bbox 562 4529 605 4578; x_wconf 79' lang='grc' dir='ltr'>τοῦ</span> <span class='ocrx_word' id='word_1_569' title='bbox 622 4526 711 4588; x_wconf 74' lang='grc' dir='ltr'>παντὸς</span> <span class='ocrx_word' id='word_1_570' title='bbox 730 4528 794 4580; x_wconf 78' lang='grc' dir='ltr'>νοεῖν</span> <span class='ocrx_word' id='word_1_571' title='bbox 818 4526 928 4599; x_wconf 78' lang='grc' dir='ltr'>ἡγεμόνα</span> <span class='ocrx_word' id='word_1_572' title='bbox 941 4524 1097 4600; x_wconf 76' lang='grc' dir='ltr'>ἄναγκηίίέον.</span> <span class='ocrx_word' id='word_1_573' title='bbox 1153 4530 1278 4600; x_wconf 67' lang='grc' dir='ltr'>διαμονῆς·</span> <span class='ocrx_word' id='word_1_574' title='bbox 1290 4526 1318 4581; x_wconf 73' lang='lat' dir='ltr'>ot</span> <span class='ocrx_word' id='word_1_575' title='bbox 1329 4525 1412 4600; x_wconf 74' lang='grc' dir='ltr'>γὰρᾶν</span> <span class='ocrx_word' id='word_1_576' title='bbox 1423 4520 1490 4595; x_wconf 73' lang='grc' dir='ltr'>ῆντί</span> <span class='ocrx_word' id='word_1_577' title='bbox 1502 4525 1575 4598; x_wconf 88' lang='grc' dir='ltr'>ίίντσι,</span> <span class='ocrx_word' id='word_1_578' title='bbox 1589 4522 1675 4599; x_wconf 71' lang='grc' dir='ltr'>μὴτοί</span> <span class='ocrx_word' id='word_1_579' title='bbox 1687 4526 1749 4580; x_wconf 77' lang='grc' dir='ltr'>Θεοῦ</span> <span class='ocrx_word' id='word_1_580' title='bbox 1757 4528 1918 4599; x_wconf 72' lang='grc' dir='ltr'>προϋπάρχον-</span> 
     </span>
     <span class='ocr_line' id='line_1_45' title="bbox 360 4605 1920 4684; baseline 0.001 -25"><span class='ocrx_word' id='word_1_581' title='bbox 360 4621 379 4659; x_wconf 84' lang='lat' dir='ltr'>a</span> <span class='ocrx_word' id='word_1_582' title='bbox 401 4612 465 4661; x_wconf 71' lang='lat' dir='ltr'>le.</span> <span class='ocrx_word' id='word_1_583' title='bbox 485 4613 555 4661; x_wconf 82' lang='lat' dir='ltr'>crui.</span> <span class='ocrx_word' id='word_1_584' title='bbox 575 4608 662 4664; x_wconf 66' lang='lat' dir='ltr'>illim.⁴</span> <span class='ocrx_word' id='word_1_585' title='bbox 681 4610 729 4663; x_wconf 84' lang='grc' dir='ltr'>Τοῦ</span> <span class='ocrx_word' id='word_1_586' title='bbox 754 4609 797 4683; x_wconf 80' lang='grc' dir='ltr'>μέν</span> <span class='ocrx_word' id='word_1_587' title='bbox 817 4611 865 4684; x_wconf 82' lang='grc' dir='ltr'>γὰρ</span> <span class='ocrx_word' id='word_1_588' title='bbox 881 4605 942 4664; x_wconf 81' lang='grc' dir='ltr'>εἶναι</span> <span class='ocrx_word' id='word_1_589' title='bbox 964 4612 1036 4679; x_wconf 89' lang='grc' dir='ltr'>Θέον,</span> <span class='ocrx_word' id='word_1_590' title='bbox 1058 4613 1097 4666; x_wconf 87' lang='grc' dir='ltr'>καί</span> <span class='ocrx_word' id='word_1_591' title='bbox 1153 4630 1196 4674; x_wconf 93' lang='grc' dir='ltr'>τος</span> <span class='ocrx_word' id='word_1_592' title='bbox 1215 4610 1303 4665; x_wconf 73' lang='grc' dir='ltr'>αἰτῶν·</span> <span class='ocrx_word' id='word_1_593' title='bbox 1326 4611 1365 4664; x_wconf 82' lang='grc' dir='ltr'>καί</span> <span class='ocrx_word' id='word_1_594' title='bbox 1384 4610 1463 4664; x_wconf 84' lang='grc' dir='ltr'>πάντα</span> <span class='ocrx_word' id='word_1_595' title='bbox 1486 4610 1595 4684; x_wconf 76' lang='grc' dir='ltr'>τὰμέρη</span> <span class='ocrx_word' id='word_1_596' title='bbox 1619 4613 1662 4679; x_wconf 71' lang='grc' dir='ltr'>τῆς</span> <span class='ocrx_word' id='word_1_597' title='bbox 1683 4610 1784 4673; x_wconf 83' lang='grc' dir='ltr'>κτίσεως</span> <span class='ocrx_word' id='word_1_598' title='bbox 1802 4608 1920 4683; x_wconf 79' lang='grc' dir='ltr'>χρειωδόις</span> 
     </span>
     <span class='ocr_line' id='line_1_46' title="bbox 324 4688 1838 4769; baseline 0.005 -26"><span class='ocrx_word' id='word_1_599' title='bbox 324 4688 369 4758; x_wconf 79' lang='grc' dir='ltr'>τὴν</span> <span class='ocrx_word' id='word_1_600' title='bbox 389 4690 485 4744; x_wconf 84' lang='grc' dir='ltr'>πάντων</span> <span class='ocrx_word' id='word_1_601' title='bbox 507 4691 645 4761; x_wconf 70' lang='grc' dir='ltr'>ποιητικὴν,</span> <span class='ocrx_word' id='word_1_602' title='bbox 670 4696 711 4747; x_wconf 85' lang='grc' dir='ltr'>καί</span> <span class='ocrx_word' id='word_1_603' title='bbox 733 4694 777 4763; x_wconf 81' lang='grc' dir='ltr'>τὴν</span> <span class='ocrx_word' id='word_1_604' title='bbox 791 4696 929 4764; x_wconf 77' lang='grc' dir='ltr'>συνεκτικὴν</span> <span class='ocrx_word' id='word_1_605' title='bbox 949 4694 1039 4765; x_wconf 89' lang='grc' dir='ltr'>αἰτίαν,</span> <span class='ocrx_word' id='word_1_606' title='bbox 1058 4698 1098 4751; x_wconf 85' lang='grc' dir='ltr'>καί</span> <span class='ocrx_word' id='word_1_607' title='bbox 1153 4696 1214 4769; x_wconf 71' lang='grc' dir='ltr'>πρὸς</span> <span class='ocrx_word' id='word_1_608' title='bbox 1223 4694 1373 4750; x_wconf 78' lang='grc' dir='ltr'>λυσιτέλειαν</span> <span class='ocrx_word' id='word_1_609' title='bbox 1390 4697 1434 4762; x_wconf 75' lang='grc' dir='ltr'>τῆς</span> <span class='ocrx_word' id='word_1_610' title='bbox 1445 4694 1505 4763; x_wconf 78' lang='grc' dir='ltr'>ὅλης</span> <span class='ocrx_word' id='word_1_611' title='bbox 1518 4695 1619 4758; x_wconf 89' lang='grc' dir='ltr'>κτίσεως</span> <span class='ocrx_word' id='word_1_612' title='bbox 1629 4694 1838 4768; x_wconf 77' lang='grc' dir='ltr'>ίιποστησαμένοο.</span> 
     </span>
     <span class='ocr_line' id='line_1_47' title="bbox 324 4771 1920 4854; baseline 0.002 -28"><span class='ocrx_word' id='word_1_613' title='bbox 324 4773 379 4846; x_wconf 77' lang='grc' dir='ltr'>όψις</span> <span class='ocrx_word' id='word_1_614' title='bbox 389 4774 542 4841; x_wconf 77' lang='grc' dir='ltr'>διδάσκαλος,</span> <span class='ocrx_word' id='word_1_615' title='bbox 554 4776 728 4848; x_wconf 79' lang='grc' dir='ltr'>καίόρυσικος</span> <span class='ocrx_word' id='word_1_616' title='bbox 745 4779 853 4851; x_wconf 71' lang='grc' dir='ltr'>νόμοςη</span> <span class='ocrx_word' id='word_1_617' title='bbox 874 4779 917 4852; x_wconf 82' lang='grc' dir='ltr'>μέν</span> <span class='ocrx_word' id='word_1_618' title='bbox 936 4776 1098 4854; x_wconf 79' lang='grc' dir='ltr'>τοῖςόρωμέ·</span> <span class='ocrx_word' id='word_1_619' title='bbox 1189 4780 1307 4836; x_wconf 77' lang='lat' dir='ltr'>cGttEG.</span> <span class='ocrx_word' id='word_1_620' title='bbox 1329 4780 1411 4849; x_wconf 74' lang='lat' dir='ltr'>Nyct.</span> <span class='ocrx_word' id='word_1_621' title='bbox 1428 4779 1459 4835; x_wconf 86' lang='lat' dir='ltr'>in</span> <span class='ocrx_word' id='word_1_622' title='bbox 1477 4780 1586 4853; x_wconf 81' lang='lat' dir='ltr'>praesal.</span> <span class='ocrx_word' id='word_1_623' title='bbox 1606 4785 1676 4836; x_wconf 79' lang='lat' dir='ltr'>oliti.</span> <span class='ocrx_word' id='word_1_624' title='bbox 1693 4786 1747 4835; x_wconf 78' lang='lat' dir='ltr'>cal.</span> <span class='ocrx_word' id='word_1_625' title='bbox 1763 4777 1793 4832; x_wconf 81' lang='grc' dir='ltr'>Εἰ</span> <span class='ocrx_word' id='word_1_626' title='bbox 1819 4777 1861 4851; x_wconf 75' lang='grc' dir='ltr'>μέν</span> <span class='ocrx_word' id='word_1_627' title='bbox 1882 4771 1920 4829; x_wconf 67' lang='grc' dir='ltr'>οὖν</span> 
     </span>
     <span class='ocr_line' id='line_1_48' title="bbox 324 4856 1920 4938; baseline -0.004 -18"><span class='ocrx_word' id='word_1_628' title='bbox 324 4857 582 4930; x_wconf 62' lang='grc' dir='ltr'>νῠῑνπροοὸίλλουοα,</span> <span class='ocrx_word' id='word_1_629' title='bbox 602 4860 642 4913; x_wconf 87' lang='grc' dir='ltr'>καί</span> <span class='ocrx_word' id='word_1_630' title='bbox 663 4863 783 4934; x_wconf 85' lang='grc' dir='ltr'>πεπηγόσι</span> <span class='ocrx_word' id='word_1_631' title='bbox 805 4864 897 4931; x_wconf 82' lang='grc' dir='ltr'>καλῶς,</span> <span class='ocrx_word' id='word_1_632' title='bbox 917 4866 957 4918; x_wconf 85' lang='grc' dir='ltr'>καί</span> <span class='ocrx_word' id='word_1_633' title='bbox 979 4865 1098 4935; x_wconf 75' lang='grc' dir='ltr'>ὁδεύουσι,</span> <span class='ocrx_word' id='word_1_634' title='bbox 1155 4864 1187 4937; x_wconf 72' lang='grc' dir='ltr'>μὴ</span> <span class='ocrx_word' id='word_1_635' title='bbox 1210 4857 1272 4917; x_wconf 79' lang='grc' dir='ltr'>εἰναι</span> <span class='ocrx_word' id='word_1_636' title='bbox 1293 4863 1368 4936; x_wconf 91' lang='grc' dir='ltr'>λέγει,</span> <span class='ocrx_word' id='word_1_637' title='bbox 1393 4861 1419 4917; x_wconf 81' lang='grc' dir='ltr'>έν</span> <span class='ocrx_word' id='word_1_638' title='bbox 1437 4869 1486 4918; x_wconf 84' lang='grc' dir='ltr'>τῶν</span> <span class='ocrx_word' id='word_1_639' title='bbox 1504 4870 1630 4938; x_wconf 84' lang='grc' dir='ltr'>τεχνικῶς,</span> <span class='ocrx_word' id='word_1_640' title='bbox 1645 4866 1685 4917; x_wconf 88' lang='grc' dir='ltr'>καί</span> <span class='ocrx_word' id='word_1_641' title='bbox 1704 4868 1785 4935; x_wconf 81' lang='grc' dir='ltr'>σορῶς</span> <span class='ocrx_word' id='word_1_642' title='bbox 1806 4861 1866 4916; x_wconf 74' lang='grc' dir='ltr'>κατὰ</span> <span class='ocrx_word' id='word_1_643' title='bbox 1882 4856 1920 4913; x_wconf 70' lang='grc' dir='ltr'>τίον</span> 
     </span>
     <span class='ocr_line' id='line_1_49' title="bbox 324 4938 1920 5024; baseline 0.003 -29"><span class='ocrx_word' id='word_1_644' title='bbox 324 4940 547 5012; x_wconf 72' lang='grc' dir='ltr'>καίὼιινῄτως,ίν’</span> <span class='ocrx_word' id='word_1_645' title='bbox 565 4943 642 5007; x_wconf 69' lang='grc' dir='ltr'>οὕτως</span> <span class='ocrx_word' id='word_1_646' title='bbox 660 4944 732 5014; x_wconf 70' lang='lat' dir='ltr'>etro,</span> <span class='ocrx_word' id='word_1_647' title='bbox 755 4948 912 5020; x_wconf 73' lang='grc' dir='ltr'>κινουμένοις,</span> <span class='ocrx_word' id='word_1_648' title='bbox 935 4949 975 5002; x_wconf 88' lang='grc' dir='ltr'>καί</span> <span class='ocrx_word' id='word_1_649' title='bbox 995 4952 1098 5024; x_wconf 86' lang='grc' dir='ltr'>ρερομέ-</span> <span class='ocrx_word' id='word_1_650' title='bbox 1153 4954 1246 5021; x_wconf 81' lang='grc' dir='ltr'>κόσμον</span> <span class='ocrx_word' id='word_1_651' title='bbox 1278 4946 1490 5022; x_wconf 87' lang='grc' dir='ltr'>οἰκονομουμένων</span> <span class='ocrx_word' id='word_1_652' title='bbox 1516 4948 1711 5023; x_wconf 76' lang='grc' dir='ltr'>προσαχθήσεται</span> <span class='ocrx_word' id='word_1_653' title='bbox 1740 4947 1800 5022; x_wconf 71' lang='grc' dir='ltr'>πρός</span> <span class='ocrx_word' id='word_1_654' title='bbox 1830 4941 1858 5001; x_wconf 72' lang='grc' dir='ltr'>τό</span> <span class='ocrx_word' id='word_1_655' title='bbox 1885 4938 1920 4996; x_wconf 64' lang='grc' dir='ltr'>διό</span> 
     </span>
     <span class='ocr_line' id='line_1_50' title="bbox 324 5024 1919 5109; baseline 0.003 -29"><span class='ocrx_word' id='word_1_656' title='bbox 324 5046 384 5090; x_wconf 89' lang='grc' dir='ltr'>νοις.</span> <span class='ocrx_word' id='word_1_657' title='bbox 397 5026 411 5080; x_wconf 85' lang='grc' dir='ltr'>ό</span> <span class='ocrx_word' id='word_1_658' title='bbox 424 5024 450 5081; x_wconf 83' lang='grc' dir='ltr'>δέ</span> <span class='ocrx_word' id='word_1_659' title='bbox 463 5029 503 5082; x_wconf 76' lang='grc' dir='ltr'>διὰ</span> <span class='ocrx_word' id='word_1_660' title='bbox 516 5034 565 5084; x_wconf 87' lang='grc' dir='ltr'>τῶν</span> <span class='ocrx_word' id='word_1_661' title='bbox 577 5030 753 5103; x_wconf 81' lang='grc' dir='ltr'>όριυρένωνκαί</span> <span class='ocrx_word' id='word_1_662' title='bbox 764 5032 916 5107; x_wconf 84' lang='grc' dir='ltr'>τεταγμένων</span> <span class='ocrx_word' id='word_1_663' title='bbox 933 5035 976 5089; x_wconf 76' lang='grc' dir='ltr'>τὸν</span> <span class='ocrx_word' id='word_1_664' title='bbox 990 5032 1099 5109; x_wconf 73' lang='grc' dir='ltr'>ἀρχηγόν</span> <span class='ocrx_word' id='word_1_665' title='bbox 1153 5028 1246 5087; x_wconf 71' lang='grc' dir='ltr'>τούτων</span> <span class='ocrx_word' id='word_1_666' title='bbox 1261 5025 1324 5085; x_wconf 77' lang='grc' dir='ltr'>εἷναί</span> <span class='ocrx_word' id='word_1_667' title='bbox 1336 5051 1390 5086; x_wconf 87' lang='grc' dir='ltr'>τινα</span> <span class='ocrx_word' id='word_1_668' title='bbox 1403 5031 1513 5105; x_wconf 79' lang='grc' dir='ltr'>δύναμιν,</span> <span class='ocrx_word' id='word_1_669' title='bbox 1527 5030 1572 5102; x_wconf 73' lang='grc' dir='ltr'>τὴν</span> <span class='ocrx_word' id='word_1_670' title='bbox 1582 5030 1605 5086; x_wconf 81' lang='grc' dir='ltr'>έν</span> <span class='ocrx_word' id='word_1_671' title='bbox 1617 5032 1711 5095; x_wconf 78' lang='grc' dir='ltr'>τούτοις</span> <span class='ocrx_word' id='word_1_672' title='bbox 1724 5028 1919 5104; x_wconf 56' lang='lat' dir='ltr'>assereremus,</span> 
     </span>
     <span class='ocr_line' id='line_1_51' title="bbox 324 5109 1669 5190; baseline 0.009 -28"><span class='ocrx_word' id='word_1_673' title='bbox 324 5109 416 5163; x_wconf 76' lang='grc' dir='ltr'>τούτων</span> <span class='ocrx_word' id='word_1_674' title='bbox 429 5112 642 5186; x_wconf 79' lang='grc' dir='ltr'>συλλογιζόμενος·</span> <span class='ocrx_word' id='word_1_675' title='bbox 663 5120 715 5179; x_wconf 82' lang='grc' dir='ltr'>πῶς</span> <span class='ocrx_word' id='word_1_676' title='bbox 727 5116 774 5190; x_wconf 77' lang='grc' dir='ltr'>γὰρ</span> <span class='ocrx_word' id='word_1_677' title='bbox 792 5119 820 5171; x_wconf 76' lang='grc' dir='ltr'>ἂν</span> <span class='ocrx_word' id='word_1_678' title='bbox 840 5117 880 5170; x_wconf 81' lang='grc' dir='ltr'>καί</span> <span class='ocrx_word' id='word_1_679' title='bbox 897 5117 986 5189; x_wconf 81' lang='grc' dir='ltr'>ίιπέστη</span> <span class='ocrx_word' id='word_1_680' title='bbox 1001 5119 1099 5174; x_wconf 78' lang='grc' dir='ltr'>τόδετὸ</span> <span class='ocrx_word' id='word_1_681' title='bbox 1153 5121 1196 5171; x_wconf 83' lang='grc' dir='ltr'>τοῦ</span> <span class='ocrx_word' id='word_1_682' title='bbox 1213 5116 1302 5180; x_wconf 68' lang='grc' dir='ltr'>παντὸς</span> <span class='ocrx_word' id='word_1_683' title='bbox 1315 5116 1485 5190; x_wconf 73' lang='grc' dir='ltr'>ὑπερκειμένην</span> <span class='ocrx_word' id='word_1_684' title='bbox 1504 5116 1669 5190; x_wconf 75' lang='grc' dir='ltr'>ὁμολογήσας.</span> 
     </span>
    </p>
   </div>
   <div class='ocr_carea' id='block_1_8' title="bbox 326 5296 1917 5453">
    <p class='ocr_par' dir='ltr' id='par_1_8' title="bbox 326 5296 1917 5453">
     <span class='ocr_line' id='line_1_52' title="bbox 357 5296 1917 5379; baseline 0.011 -31"><span class='ocrx_word' id='word_1_685' title='bbox 357 5299 370 5326; x_wconf 69' lang='lat'>⁴</span> <span class='ocrx_word' id='word_1_686' title='bbox 385 5298 444 5349; x_wconf 75' lang='lat' dir='ltr'>Viris</span> <span class='ocrx_word' id='word_1_687' title='bbox 460 5300 553 5352; x_wconf 80' lang='lat' dir='ltr'>eruditis</span> <span class='ocrx_word' id='word_1_688' title='bbox 563 5303 769 5368; x_wconf 76' lang='lat' dir='ltr'>exploratissimum</span> <span class='ocrx_word' id='word_1_689' title='bbox 783 5296 828 5369; x_wconf 76' lang='lat' dir='ltr'>cel,</span> <span class='ocrx_word' id='word_1_690' title='bbox 842 5307 931 5360; x_wconf 76' lang='grc' dir='ltr'>ίοοίίνο</span> <span class='ocrx_word' id='word_1_691' title='bbox 945 5307 1013 5359; x_wconf 83' lang='lat' dir='ltr'>tribu</span> <span class='ocrx_word' id='word_1_692' title='bbox 1029 5307 1099 5359; x_wconf 83' lang='lat' dir='ltr'>ouis-</span> <span class='ocrx_word' id='word_1_693' title='bbox 1153 5325 1205 5369; x_wconf 84' lang='grc' dir='ltr'>νας,</span> <span class='ocrx_word' id='word_1_694' title='bbox 1233 5308 1282 5359; x_wconf 81' lang='lat' dir='ltr'>site</span> <span class='ocrx_word' id='word_1_695' title='bbox 1319 5309 1465 5373; x_wconf 79' lang='grc' dir='ltr'>Ἔρωτήσεις</span> <span class='ocrx_word' id='word_1_696' title='bbox 1495 5310 1625 5369; x_wconf 81' lang='grc' dir='ltr'>ἰλληνικίις</span> <span class='ocrx_word' id='word_1_697' title='bbox 1645 5310 1710 5379; x_wconf 78' lang='grc' dir='ltr'>1πρὸς</span> <span class='ocrx_word' id='word_1_698' title='bbox 1732 5309 1786 5364; x_wconf 68' lang='grc' dir='ltr'>τοὺς</span> <span class='ocrx_word' id='word_1_699' title='bbox 1814 5318 1917 5372; x_wconf 62' lang='lat' dir='ltr'>timu·</span> 
     </span>
     <span class='ocr_line' id='line_1_53' title="bbox 326 5380 1315 5453; baseline 0.008 -23"><span class='ocrx_word' id='word_1_700' title='bbox 326 5382 394 5453; x_wconf 79' lang='lat' dir='ltr'>lenus</span> <span class='ocrx_word' id='word_1_701' title='bbox 405 5392 474 5445; x_wconf 81' lang='lat' dir='ltr'>posse</span> <span class='ocrx_word' id='word_1_702' title='bbox 488 5380 536 5433; x_wconf 79' lang='lat' dir='ltr'>site</span> <span class='ocrx_word' id='word_1_703' title='bbox 550 5382 1100 5453; x_wconf 76' lang='grc' dir='ltr'>ἘρωεήατιςχριστιονικέςπρὸςτοὺςἛλλη-</span> <span class='ocrx_word' id='word_1_704' title='bbox 1154 5388 1217 5445; x_wconf 68' lang='lat' dir='ltr'>scie.</span> <span class='ocrx_word' id='word_1_705' title='bbox 1237 5389 1266 5438; x_wconf 86' lang='lat' dir='ltr'>E.</span> <span class='ocrx_word' id='word_1_706' title='bbox 1287 5389 1315 5439; x_wconf 89' lang='lat' dir='ltr'>ll.</span> 
     </span>
    </p>
   </div>
   <div class='ocr_carea' id='block_1_9' title="bbox 353 5563 1323 5630">
    <p class='ocr_par' dir='ltr' id='par_1_9' title="bbox 353 5563 1323 5630">
     <span class='ocr_line' id='line_1_54' title="bbox 353 5563 1323 5630; baseline 0.009 -22"><span class='ocrx_word' id='word_1_707' title='bbox 353 5563 431 5621; x_wconf 81' lang='lat' dir='ltr'>lcap.</span> <span class='ocrx_word' id='word_1_708' title='bbox 443 5578 477 5613; x_wconf 87' lang='grc' dir='ltr'>ιιι.</span> <span class='ocrx_word' id='word_1_709' title='bbox 494 5567 551 5616; x_wconf 76' lang='lat'>-2,</span> <span class='ocrx_word' id='word_1_710' title='bbox 563 5569 620 5623; x_wconf 81' lang='lat' dir='ltr'>Cep,</span> <span class='ocrx_word' id='word_1_711' title='bbox 632 5579 663 5614; x_wconf 88' lang='grc' dir='ltr'>νι.</span> <span class='ocrx_word' id='word_1_712' title='bbox 674 5590 700 5602; x_wconf 94' lang='grc'><strong>-</strong></span> <span class='ocrx_word' id='word_1_713' title='bbox 710 5567 826 5625; x_wconf 59' lang='lat' dir='ltr'>scope.</span> <span class='ocrx_word' id='word_1_714' title='bbox 844 5592 869 5605; x_wconf 91' lang='lat'><em>-</em></span> <span class='ocrx_word' id='word_1_715' title='bbox 879 5569 893 5615; x_wconf 79' lang='lat' dir='ltr'>l</span> <span class='ocrx_word' id='word_1_716' title='bbox 902 5571 924 5614; x_wconf 86' lang='lat' dir='ltr'>ln</span> <span class='ocrx_word' id='word_1_717' title='bbox 938 5573 999 5620; x_wconf 72' lang='lat' dir='ltr'>Prot.</span> <span class='ocrx_word' id='word_1_718' title='bbox 1022 5583 1106 5626; x_wconf 80' lang='lat' dir='ltr'>exrru,</span> <span class='ocrx_word' id='word_1_719' title='bbox 1117 5586 1168 5630; x_wconf 75' lang='lat' dir='ltr'>pag.</span> <span class='ocrx_word' id='word_1_720' title='bbox 1183 5571 1233 5620; x_wconf 67' lang='grc' dir='ltr'>θέλ.</span> <span class='ocrx_word' id='word_1_721' title='bbox 1254 5575 1281 5622; x_wconf 85' lang='grc' dir='ltr'>Β.</span> <span class='ocrx_word' id='word_1_722' title='bbox 1296 5575 1323 5621; x_wconf 87' lang='lat' dir='ltr'>ll.</span> 
     </span>
    </p>
   </div>
   <div class='ocr_carea' id='block_1_10' title="bbox 0 0 2008 6165">
    <p class='ocr_par' dir='ltr' id='par_1_10' title="bbox 0 0 2008 6165">
     <span class='ocr_line' id='line_1_55' title="bbox 0 0 2008 6165; baseline 0 0"><span class='ocrx_word' id='word_1_723' title='bbox 0 0 2008 6165; x_wconf 95' lang='lat' dir='ltr'> </span> 
     </span>
    </p>
   </div>
  </div>
 </body>
</html>
