3956 6168
335 364 395 430 ⁴⁰6
838 366 1164 442 ruuouoercoaou
1190 366 1409 439 uoouarou

335 546 447 604 natura
459 542 494 605 iu
508 558 546 606 eo
560 542 629 622 sita,
646 562 709 627 quo
723 546 845 611 sublato
857 548 925 631 jam
944 547 1032 611 nulla
1045 552 1101 625 est,
1154 552 1184 609 rb
1198 553 1318 623 ἐιοοαιον,
1347 543 1433 606 aliud
1454 551 1485 605 το
1499 547 1541 623 ἐφ’
1553 549 1625 622 ἥμιν.
1651 538 1730 603 illud
1756 547 1802 602 ast
1820 539 1902 602 colus

334 639 370 695 ut
383 634 463 697 circa
477 638 617 717 opposita
636 647 786 719 versetur,
802 641 869 704 sine
889 642 1005 723 quibus
1017 638 1105 703 nulla
1155 639 1267 699 tarium
1288 638 1338 700 rel
1356 642 1558 718 apostoncae,
1580 633 1754 715 cuiusmodi
1773 635 1903 696 etiamin

334 730 513 808 potestesse
527 728 722 796 consultatio.
742 732 974 811 «Namelectio,
987 733 1101 815 inquit,
1153 729 1254 792 brutis
1287 732 1433 811 apparet,
1462 730 1513 790 cul
1541 727 1710 808 opponitur
1739 726 1902 788 violentum

335 837 413 900 opus
432 820 598 886 hominum
610 826 774 907 proprium
792 832 838 889 est
860 826 1013 908 impulsus
1032 842 1105 888 cum
1154 822 1234 885 illud
1257 828 1303 884 est
1323 823 1468 897 liberum,
1492 820 1553 882 boo
1574 825 1621 881 est
1639 820 1719 900 juris
1742 819 1904 899 arbit-iique

334 912 523 994 appetitione
533 915 567 978 in
577 918 609 979 id
618 919 702 998 qnod
711 916 839 981 consilio
851 920 931 981 lacto
940 919 1104 1001 prelatum
1153 916 1263 978 nostri.
1288 917 1396 995 ltaque
1414 926 1508 975 omne
1531 919 1722 995 spontaneus
1743 928 1808 973 non
1825 912 1904 972 onia

334 1008 380 1065 est
393 1005 493 1068 alteri.
509 1009 581 1070 ldeo
602 1008 690 1071 iniis
712 1017 758 1073 est
777 1011 850 1073 solis
866 1030 936 1093 qum
950 1028 1041 1092 agere
1054 1013 1105 1075 vel
1153 1014 1250 1069 nostre
1262 1014 1415 1090 potestate,
1427 1006 1512 1088 quod
1524 1010 1684 1067 commeat
1697 1011 1811 1086 ἔμ’ἧμίν,
1823 1004 1903 1080 idest,

334 1112 400 1158 non
414 1114 505 1179 agere
514 1119 571 1181 pro
586 1102 715 1163 arbitrio
729 1120 904 1185 possumus,
920 1122 984 1166 non
998 1109 1104 1166 autem
1153 1099 1288 1176 lituum,
1303 1099 1335 1161 ld
1348 1100 1476 1162 nonnisi
1493 1104 1600 1161 ἐνιαύσιον
1613 1104 1687 1159 este.

334 1187 369 1249 in
394 1189 444 1251 bis
471 1211 541 1272 quae
564 1200 701 1274 agnubrr
727 1198 967 1258 accesserim.»
998 1196 1104 1277 ltaque
1193 1191 1340 1254 Alcinous
1353 1210 1478 1272 proque
1492 1191 1526 1251 in
1540 1190 1640 1271 capite
1659 1202 1729 1251 xm
1742 1186 1904 1249 abidebio

338 1290 393 1344 «τὸ
407 1286 448 1362 ἐφ’
460 1292 520 1364 ἡμῖν
534 1286 572 1347 de
586 1286 625 1347 lis
642 1286 834 1365 enuntiatur,
854 1289 969 1368 inquit,
991 1290 1105 1370 quibus
1153 1286 1301 1367 disputat,
1317 1304 1382 1347 non
1396 1285 1486 1346 aliter
1498 1293 1528 1348 rt
1543 1289 1584 1364 ἔφ’
1595 1289 1668 1363 ἡμῖν,
1683 1282 1717 1342 ld
1739 1286 1787 1343 est
1798 1279 1903 1341 litem

334 1374 475 1455 opposita
488 1374 623 1459 eligendi
637 1381 750 1442 sitaest
763 1382 797 1442 in
812 1381 902 1442 nobis
913 1385 1047 1463 potestas
1055 1382 1105 1443 uel
1154 1378 1309 1455 describit,
1331 1377 1425 1459 idque
1443 1376 1573 1439 minime
1592 1374 1832 1437 determinatim
1841 1390 1902 1451 eae,

334 1469 370 1526 ut
392 1484 483 1545 agere
509 1471 662 1550 possimus
689 1476 744 1534 aut
772 1488 838 1534 non
867 1471 1002 1553 agerelu
1034 1488 1103 1554 quae
1154 1470 1208 1533 scd
1228 1472 1316 1552 quasi
1339 1484 1525 1552 suspensum
1551 1473 1583 1529 et
1608 1469 1645 1528 ln
1666 1467 1771 1529 medio
1789 1465 1903 1547 positum

335 1560 441 1647 omnia
454 1565 518 1622 toto
532 1562 585 1623 illu
595 1564 676 1626 libro
689 1564 869 1646 frequenter
877 1564 1022 1628 inculcat.
1154 1563 1237 1625 inter
1252 1578 1363 1626 venun
1375 1564 1425 1625 vel
1443 1562 1566 1639 auum
1579 1560 1640 1622 boc
1653 1564 1700 1622 est
1712 1576 1779 1621 esse
1790 1574 1852 1619 rem
1865 1558 1903 1619 rel

374 1651 426 1713 VI.
449 1648 496 1714 Ad
519 1653 586 1717 bae
608 1655 784 1719 libertatem
805 1659 943 1719 bominis
966 1658 1047 1721 circa
1069 1679 1105 1724 ea
1154 1656 1324 1719 nonessei.

334 1744 451 1805 versari
471 1746 560 1809 docet
580 1768 650 1829 quae
672 1756 828 1832 ἐνδεχόμενα,
850 1751 884 1813 id
911 1756 967 1829 est,
989 1753 1104 1816 cooo‘o·
1194 1748 1257 1812 Nea
1269 1748 1459 1811 omittendus
1474 1750 1520 1810 est
1534 1745 1754 1825 Euryphamus
1771 1744 1901 1826 Pythago

333 1837 436 1916 penna
449 1840 663 1920 nominantur,
684 1842 797 1923 cpribus
812 1842 981 1924 opponitur
1003 1864 1106 1909 neces
1155 1843 1238 1905 ricus
1252 1842 1307 1922 qui
1321 1844 1356 1904 in
1370 1838 1451 1903 libro
1471 1839 1508 1901 dc
1525 1839 1603 1915 Vita,
1619 1837 1714 1899 liberi
1732 1836 1849 1898 arbitrii
1859 1854 1901 1896 ua·

334 1929 462 1991 sarium.
484 1932 536 1993 Est
550 1935 635 1995 enim
649 1934 832 2015 contingens
850 1937 934 2017 quod
954 1938 999 1999 ita
1020 1938 1056 1999 ilt
1070 1946 1106 2002 ut
1154 1940 1259 1997 turam
1294 1935 1402 1997 eadem
1430 1945 1492 2014 qua
1526 1932 1701 2012 superiores
1732 1930 1781 1991 illi
1805 1929 1901 1991 ratione

334 2023 431 2104 possit
443 2042 508 2085 non
529 2025 608 2103 lieri,
624 2024 832 2090 necessarium
852 2048 926 2091 vero
942 2031 1026 2109 quod
1040 2051 1105 2094 non
1154 2027 1274 2091 definit.
1291 2026 1370 2089 Nam
1378 2026 1539 2088 hominem
1548 2020 1902 2085 aitadiisimmurtalibus

334 2120 434 2198 potest
461 2135 526 2177 non
548 2118 628 2197 fleri,
657 2117 706 2182 vel
733 2120 821 2201 eujus
844 2124 1022 2202 oppositum
1040 2143 1104 2186 non
1153 2119 1305 2183 beneficio
1319 2121 1464 2182 allectum
1477 2136 1514 2179 eo
1528 2117 1595 2198 ipso
1612 2115 1722 2196 equod
1735 2113 1902 2175 volonum

334 2212 523 2289 potestesse.
540 2210 646 2292 ltaque
660 2212 760 2275 bbere
774 2213 903 2275 arbitrio
918 2216 1105 2279 contrariam
1153 2210 1247 2275 hebet
1268 2219 1299 2274 ct
1316 2212 1499 2274 electionem
1516 2214 1548 2271 et
1565 2207 1758 2289 principium
1771 2207 1805 2267 iu
1816 2213 1902 2267 mmo

335 2318 399 2362 esse
413 2299 488 2363 dicit
501 2303 714 2367 necessitatem
727 2320 793 2366 non
810 2304 910 2368 solum
929 2306 1015 2369 illam
1033 2327 1103 2389 quea
1152 2304 1220 2387 ipso
1234 2306 1305 2381 tale,
1321 2304 1492 2367 secundum
1502 2302 1586 2382 quod
1605 2318 1662 2381 pro
1673 2299 1749 2379 jure
1761 2304 1902 2379 suopoteo

333 2392 618 2473 violentiadlcitur,
634 2397 795 2458 sedetiam
809 2404 939 2477 quaeest
952 2400 991 2460 ad
1005 2418 1105 2461 unum
1154 2402 1209 2461 aut
1229 2399 1339 2461 virtuti
1363 2399 1486 2459 studere
1503 2399 1558 2457 aut
1575 2392 1689 2454 vitium
1711 2393 1828 2467 seman,
1844 2392 1901 2452 deos

334 2484 538 2548 determinata
560 2494 591 2548 et
616 2489 809 2569 contingenti
832 2495 994 2570 repugnat.
1021 2493 1103 2556 Prie·
1154 2490 1204 2554 vel
1217 2492 1318 2554 colere
1331 2491 1381 2553 uel
1399 2487 1547 2565 aversari,
1562 2505 1598 2548 ac
1611 2504 1667 2567 per
1680 2485 1793 2565 seipse
1804 2485 1899 2545 moveri

334 2582 419 2638 terea
441 2579 655 2641 nemssitatem
678 2580 820 2642 eamdem
847 2582 1003 2645 adversari
1029 2585 1105 2648 dicit
1153 2589 1265 2665 potest.
1286 2584 1452 2664 Propterea
1474 2578 1719 2660 vituperationes
1741 2595 1776 2638 ec
1797 2575 1898 2647 buda,

321 2666 463 2731 'consilio
478 2689 514 2732 ac
527 2671 754 2749 deliberationi,
777 2674 922 2755 sineque
940 2676 1027 2739 nulla
1039 2696 1104 2741 esse
1153 2676 1289 2738 honores
1307 2682 1338 2737 et
1351 2672 1539 2755 ignominias
1555 2670 1670 2752 partim
1687 2669 1791 2746 ediis,
1808 2668 1899 2749 parfia

334 2766 435 2842 potest
457 2760 576 2826 electio.
600 2765 724 2827 Etenim
742 2766 781 2827 de
803 2766 842 2827 iis
865 2768 1016 2831 duntaxat
1033 2790 1105 2834 con-
1153 2766 1194 2829 ab
1211 2768 1391 2830 hominibus
1411 2770 1654 2845 consequamurr,
1668 2762 1899 2843 proutvirurtem

334 2852 448 2916 sultare
462 2874 520 2918 nos
534 2875 604 2937 quae
617 2858 750 2920 faciendi
763 2858 813 2920 vel
831 2876 895 2920 non
908 2859 1041 2924 faciendi
1052 2864 1104 2943 jus
1153 2867 1208 2923 aut
1220 2862 1332 2922 vitium
1345 2858 1480 2941 amplexi
1491 2857 1638 2919 inerint&

334 2964 369 3009 ac
382 2950 565 3028 potestatem
577 2950 709 3012 liberam
717 2950 879 3030 habemus,
895 2958 925 3013 et
938 2953 972 3014 in
990 2956 1104 3035 quibus
1193 2954 1260 3014 Vll.
1283 2952 1397 3014 Eadem
1419 2950 1459 3013 ab
1478 2948 1639 3030 Simplicio
1660 2946 1775 3008 tradita
1796 2944 1897 3007 suntin

333 3039 438 3102 lucum
450 3040 571 3120 habeti]
600 3052 750 3125 προαιρεσις,
766 3043 799 3104 id
813 3044 961 3105 estunius
974 3046 1104 3129 alicujru
1153 3044 1383 3107 Commentario
1405 3042 1446 3106 od
1465 3038 1664 3104 Eociiridioo
1691 3038 1831 3121 Epicteti,
1855 3036 1897 3099 ubi

333 3150 398 3213 pra
412 3134 509 3197 altero
530 3134 675 3213 delectos,
701 3136 874 3215 curjusmodi
895 3138 929 3199 ln
949 3157 983 3201 re
997 3160 1102 3204 neces·
1153 3138 1307 3218 exqrdsita
1323 3135 1531 3217 disputatione
1550 3132 1589 3195 de
1608 3150 1646 3194 eo
1663 3133 1750 3211 quod
1767 3132 1898 3211 apinae

334 3225 415 3286 saria
430 3245 466 3288 ac
485 3227 691 3289 determinata
709 3228 815 3291 nullus
834 3235 880 3291 est
900 3232 1040 3296 omnino.
1058 3234 1103 3297 sl·
1152 3226 1286 3311 appellat
1299 3238 1328 3293 τὸ
1342 3235 1384 3310 ἐφ’
1396 3237 1456 3310 ἡμῖν
1469 3226 1600 3288 assent.
1616 3224 1732 3287 Scribit
1749 3224 1846 3303 igitur,
1858 3240 1897 3303 ap

333 3316 460 3396 quidem
474 3320 683 3381 consrdtamus
697 3320 766 3383 ideo
780 3327 816 3383 ut
829 3340 868 3383 cr
880 3322 1102 3390 deliberatione
1151 3323 1317 3404 petitiones
1330 3320 1486 3382 natruales
1499 3336 1575 3399 quas
1589 3324 1694 3399 ἀλόγους
1707 3324 1804 3398 ὀρέξεις,
1814 3317 1841 3376 id
1852 3320 1895 3387 ⁹⁸²,

332 3406 468 3469 bustum
481 3410 618 3489 aliquem
636 3413 793 3493 capiamus
811 3432 923 3494 :porro
936 3415 1053 3480 tructus
1067 3434 1102 3482 ae
1150 3414 1276 3476 rationis
1296 3420 1427 3496 eapertes
1446 3416 1546 3488 uocat,
1572 3415 1607 3471 ut
1627 3414 1701 3471 sunt
1717 3411 1765 3470 ira
1784 3413 1813 3469 et
1827 3407 1895 3488 cupi·

332 3498 404 3560 linis
425 3502 659 3564 consultationis
673 3509 718 3565 est
738 3511 774 3565 ut
787 3506 870 3585 quod
894 3506 1006 3568 melius
1019 3508 1102 3588 judi·
1151 3504 1241 3582 ditas,
1274 3506 1348 3586 quia
1375 3503 1504 3586 propius
1525 3501 1675 3564 accedunt
1697 3500 1735 3562 ad
1760 3504 1896 3581 corporet

330 3592 435 3654 caium
447 3592 551 3670 fucrit,
568 3594 601 3657 id
614 3596 640 3656 si
653 3595 779 3658 libitum
792 3598 852 3660 crit
865 3616 1098 3681 persequamur.
1151 3597 1325 3660 inanimam
1346 3602 1502 3673 naturam,
1526 3612 1591 3656 non
1604 3612 1669 3655 esse
1684 3592 1803 3667 liberor,
1824 3593 1850 3654 id
1861 3596 1895 3651 est

330 3678 394 3744 lice
408 3691 513 3747 autem
525 3682 593 3748 lieri
607 3706 671 3749 nou
685 3694 794 3770 potest,
811 3688 866 3750 ubi
880 3689 969 3752 aliter
981 3708 1032 3753 rcs
1044 3710 1099 3757 ne·
1150 3696 1328 3767 αοτεξοααιαις,
1339 3690 1392 3751 sed
1407 3688 1580 3770 plurimum
1591 3686 1716 3749 trabere
1731 3685 1770 3747 dc
1783 3685 1831 3747 illo
1842 3700 1893 3745 mo-

328 3772 397 3854 quit
407 3774 533 3839 habere.
545 3778 642 3858 igitur
651 3782 830 3843 necessitate
845 3783 1020 3860 constituta,
1032 3790 1100 3849 tum
1149 3780 1244 3845 tionis
1256 3799 1370 3861 genere
1388 3782 1472 3862 quod
1486 3780 1526 3842 ab
1545 3782 1672 3841 externa
1695 3796 1786 3841 causa
1803 3776 1891 3849 oritur,

327 3866 508 3931 deliberatio
518 3873 631 3950 omnis,
642 3876 710 3935 tum
719 3880 869 3956 προαιρεσις,
881 3875 914 3934 id
927 3881 973 3937 est
985 3875 1096 3949 electio,
1149 3894 1211 3957 quo
1234 3892 1284 3935 res
1299 3874 1404 3935 anima
1417 3877 1556 3935 carentes
1569 3870 1774 3952 impelluntur
1786 3876 1814 3932 et
1825 3868 1892 3950 quasi

325 3964 394 4022 tum
407 3961 543 4025 liberum
555 3964 720 4027 arbitrium
734 3986 751 4028 e
765 3966 868 4028 medio
881 3967 1012 4029 tollitur.
1025 3970 1099 4034 Haec
1148 3966 1301 4028 machinis
1315 3964 1502 4046 quibusdam
1524 3964 1657 4026 cientur.
1677 3964 1783 4044 ltaque
1799 3962 1891 4024 aare

325 4053 385 4115 late
412 4055 446 4116 in
473 4054 554 4119 libro
581 4057 635 4120 illo
663 4058 786 4122 dinero
812 4058 996 4137 Alexander,
1026 4068 1097 4143 qua
1147 4059 1227 4122 nalis
1261 4061 1356 4120 ctiam
1392 4058 1498 4119 anima
1528 4075 1601 4119 cum
1632 4056 1667 4118 in
1694 4074 1820 4138 corpora
1843 4068 1891 4115 sest

324 4145 475 4209 Eusebius
492 4148 526 4210 iu
544 4155 629 4212 sexto
652 4149 688 4213 de
708 4150 937 4235 Proeparotione
955 4152 1049 4215 reicit
1067 4158 1097 4217 ct
1146 4151 1270 4231 abjicit,
1295 4170 1331 4212 aa
1357 4150 1478 4212 ratione
1501 4148 1676 4212 carentibus
1707 4152 1738 4210 et
1763 4142 1892 4228 corporcb

323 4240 485 4319 approbat.
1144 4244 1281 4305 motibus
1290 4261 1355 4305 sese
1364 4238 1892 4323 permittitetiamipsavelutnrnb

362 4331 503 4412 Denique
522 4332 608 4395 idem
628 4334 802 4398 Alexander
824 4336 909 4398 aliud
933 4355 998 4400 esse
1021 4338 1097 4400 dicit
1145 4337 1255 4398 alienis
1264 4335 1380 4397 mobile
1388 4336 1523 4416 liguum,
1532 4341 1568 4396 nt
1576 4352 1649 4397 cum
1657 4335 1889 4411 Horatioloqoar.

356 4581 377 4621 a
397 4567 614 4623 dialeucon.
622 4568 952 4644 Καὶὴπροαῑριοιςτδῐδιαν
963 4571 1033 4643 ἔργον
1044 4577 1094 4625 τῶν
1144 4573 1221 4626 maol
1229 4564 1313 4644 κρίσιν’
1332 4568 1889 4644 σογααταθίσεως·διὸεῖτιμὲνέφ’ὴμῖν,τῶτο

320 4646 454 4721 ἀνθρώπων
463 4651 609 4722 aspirato·
620 4651 692 4725 ἡγὰρ
700 4651 739 4706 ἐπὶ
749 4653 778 4706 τὸ
785 4654 911 4726 προαμιθὲν
920 4652 946 4707 ἔτι
955 4654 1095 4725 τῆςβουλῆς
1144 4656 1185 4707 καὶ
1196 4652 1316 4708 holocot-
1328 4653 1357 4707 οὗ
1371 4653 1419 4726 μὴν
1429 4655 1477 4708 πᾶν
1487 4654 1517 4707 τὸ
1527 4652 1637 4707 ἐνιαύσιον
1646 4651 1683 4724 ἐφ’
1692 4652 1762 4725 ἡμῖν.

319 4730 483 4805 ιτὰμόρέξεως
491 4731 724 4806 ὁρμὴ,τροαίρεσις·
734 4737 773 4788 διὸ
783 4735 839 4790 etot
848 4734 887 4790 aa
895 4739 947 4798 τοῖς
957 4736 1095 4809 ἀναγκαίως
1180 4736 1510 4808 diluclnouscap.11r'1.
1535 4733 1664 4807 Ἀόριστον
1678 4736 1706 4789 δὲ
1721 4730 1887 4804 δντοῌῆιιῖἰ

317 4815 454 4886 γινομένοις
462 4813 478 4882 ἡ
487 4816 636 4887 προαίρεσις·
648 4814 703 4870 οὔτε
717 4815 756 4870 ἐπὶ
775 4820 828 4880 τοῖς
840 4818 872 4892 μὴ
889 4819 1029 4891 ἀναγκαίως
1039 4819 1093 4891 μὲν,
1144 4819 1206 4874 κατὰ
1215 4819 1259 4888 τὴν
1269 4817 1306 4891 lp’
1317 4819 1435 4891 ὁπότερον
1447 4817 1523 4889 ῥοπὴν
1532 4817 1652 4889 lapideae
1660 4817 1690 4872 τὶ)
1699 4815 1823 4885 diamur,
1831 4815 1844 4881 ἦ
1852 4812 1886 4885 pl

318 4895 352 4969 μὴ
362 4898 394 4950 δι’
404 4897 475 4969 ἡμῶν
494 4899 531 4952 δέ·
543 4896 600 4951 ἀλλ’
610 4898 666 4953 o'obl
676 4897 699 4953 br
712 4901 771 4953 πᾶσι
780 4904 834 4964 τοῖς
842 4903 874 4955 δι’
890 4901 973 4975 ἡμῶν·
992 4901 1049 4955 ἀλλ’
1069 4901 1093 4956 ἔν
1179 4902 1393 4960 eEuurruiolcs
1409 4900 1439 4957 in
1457 4899 1533 4956 calce
1547 4898 1664 4969 Diogen.
1678 4900 1764 4957 Latri-
1777 4896 1885 4955 abilam·

317 4980 413 5043 τούτοις
421 4984 474 5044 τοῖς
482 4983 621 5055 γινομένοις
629 4983 660 5036 δι’
675 4982 757 5055 ἡμῶν,
780 4980 815 5038 ὧν
838 4984 908 5057 ἡμεῖς
927 4991 970 5040 τοῦ
993 4983 1092 5059 πρᾶξαι,
1143 4984 1237 5056 Sleph.
1253 4983 1333 5047 editi,
1343 4998 1406 5053 pag.
1421 4982 1485 5038 Sil.
1505 4983 1547 5054 Τῷ
1561 4980 1587 5036 δὲ
1598 4983 1713 5054 βούλησιν
1723 4983 1785 5055 ἔχειν,
1798 4980 1886 5050 aalma

317 5064 411 5118 καὶτοῦ
423 5064 650 5138 μὴπρᾶξαικύριοι.
1142 5067 1246 5140 αἰρεσιν,
1265 5066 1307 5119 καὶ
1323 5064 1403 5139 ἀρχὰν
1424 5064 1448 5119 ἐν
1469 5064 1547 5138 ἐαυτῷ
1566 5064 1696 5134 rotmarus,
1714 5066 1766 5119 καθ’
1781 5065 1808 5116 ἂν
1822 5061 1885 5132 alpes

354 5146 370 5202 b
390 5146 458 5203 ibid.
477 5149 511 5201 Τὸ
522 5146 560 5220 tp’
571 5148 632 5221 ἡμῖν
644 5145 683 5203 aa
703 5149 797 5203 τούτων
808 5151 992 5222 κατηγορεῖται,
1011 5145 1047 5204 ὧν
1067 5147 1092 5203 ἐν
1142 5145 1323 5212 atrocissimi
1333 5146 1421 5221 ἀρετὰν
1441 5145 1605 5216 ἐπιτηδεῦσαι,
1623 5148 1666 5201 καὶ
1684 5148 1768 5203 miae
1783 5146 1884 5209 zoam·

316 5228 375 5299 ἡμῖν
385 5229 400 5297 ἦ
412 5228 509 5292 doccia
519 5237 562 5285 τοῦ
573 5231 718 5286 {lindessei
728 5230 760 5285 τὰ
770 5231 931 5305 ἀντικείμενα.
1141 5234 1182 5287 καὶ
1191 5234 1257 5295 θεοῖς
1267 5231 1400 5299 ductilem,
1409 5231 1451 5285 καὶ
1466 5228 1515 5285 ἀπὸ
1524 5231 1584 5285 θεῶν
1602 5229 1782 5305 &tarpeaim
1792 5222 1885 5283 raab

354 5326 369 5365 c
388 5314 527 5368 Acaxluo.
547 5313 581 5368 ot
594 5314 642 5387 μὴν
653 5313 741 5369 rutro
761 5316 801 5379 τό,
821 5333 848 5369 τε
868 5314 991 5380 ἑκούσιον,
1002 5316 1043 5369 καὶ
1062 5315 1109 5381 τὸ,
1140 5316 1181 5369 καὶ
1191 5316 1244 5368 καθ’
1255 5314 1328 5369 αὺτὸν
1337 5315 1457 5368 κινέεσθαι
1466 5315 1568 5376 δυνατός
1586 5311 1647 5368 ἐντι·
1662 5315 1702 5369 aa
1716 5304 1883 5387 ααὶψὸγοινιῑῑῖ

316 5391 354 5465 ip'
365 5393 436 5467 ἡμῖν·
447 5395 555 5450 ἑκούσιον
566 5398 609 5468 μὲν
621 5396 669 5470 γὰρ
678 5397 708 5451 τὸ
727 5395 750 5460 ἔξ
769 5396 886 5451 aoranae
895 5399 1024 5470 γινόμενον
1034 5416 1092 5470 σαγ-
1141 5395 1258 5461 latalaum,
1269 5397 1310 5450 καὶ
1320 5399 1403 5469 τιμαῖς,
1413 5397 1454 5450 καὶ
1467 5396 1574 5468 ἀτιμίας,
1588 5396 1620 5452 τὰ
1631 5396 1675 5470 μὶν
1685 5396 1712 5451 ἔοι
1724 5399 1765 5458 τᾶς
1773 5400 1817 5449 τῶν
1825 5392 1882 5449 ltili·

315 5477 475 5541 καταθέατιος·
488 5476 525 5550 ἐφ’
534 5478 594 5551 ἡμῖν
604 5479 630 5534 δὲ
640 5481 670 5534 τὸ
679 5481 809 5553 γινόμενον
821 5480 883 5554 μετὰ
891 5484 935 5548 τῆς
943 5481 1006 5535 κατὰ
1014 5481 1090 5553 λόγον
1139 5479 1172 5535 τὰ
1190 5478 1217 5534 δὲ
1229 5480 1270 5533 καὶ
1290 5480 1334 5541 τοῖς
1354 5477 1380 5532 ἔτι
1399 5486 1449 5533 τῶν
1470 5479 1603 5552 ἀνθρώπων
1620 5479 1765 5555 τυγχάνοντι
1781 5496 1823 5539 τοι,
1839 5474 1881 5540 tw

1140 5560 1361 5634 &perdeleantur
1370 5562 1535 5630 ζηλώσαντας.

1919 694 1958 749 Μ
