4134 6182
346 255 373 320 li
1032 255 1247 320 PRAEFthO.

342 410 416 456 rere
429 388 469 456 de
482 387 703 459 incarnatione
719 400 871 474 tractatu,
889 389 943 458 vix
957 389 1084 459 duobus
1098 390 1195 459 tomis
1209 393 1332 477 iri—sotio
1348 388 1511 458 absoluto.
1526 387 1599 473 Hic,
1614 387 1771 479 quidquid
1786 386 1941 456 adversus

341 512 506 583 Christum
519 524 645 583 veteres
658 516 850 585 allatrarunt
861 513 1019 600 haeretici,
1035 514 1090 583 hic
1104 536 1317 606 quaecumque
1331 513 1494 582 rationum
1512 520 1694 596 momenta,
1710 534 1769 602 pro
1785 533 1861 580 vera
1877 512 1942 581 fide

344 638 466 707 tuenda
478 648 512 707 et
527 637 718 707 illustranda
733 639 831 707 allata
845 649 934 724 sunt,
946 649 1182 708 enarranturct
1196 639 1417 730 explicantur3
1430 660 1611 728 pugnarum
1626 637 1760 706 historia
1774 658 1813 705 ac
1829 634 1942 704 trium·

340 762 480 854 phorum
493 762 630 847 texitur,
643 763 697 832 hic
712 763 869 856 quidquid
885 764 1046 834 amantior
1058 764 1161 855 pietas
1173 765 1213 833 de
1234 764 1363 835 Christo
1382 763 1520 832 Domino
1533 766 1669 856 ejusque
1683 773 1788 833 matre
1808 761 1942 850 Virgine

340 887 453 979 primis
482 888 598 958 effudit
626 889 779 958 Ecclesiae
804 889 948 973 seculis,
971 888 1049 979 ipsis
1070 899 1258 958 sanctorum
1283 887 1390 957 verbis
1416 909 1605 978 expressum
1628 887 1809 977 reponitur.
1836 886 1885 953 lta
1903 894 1942 953 ut

340 1010 640 1104 inexpugnabilium
648 1013 1326 1106 armorumadversuscujuscumquoaetatis
1334 1012 1506 1082 haereticos
1517 1013 1941 1103 inexhaustumpmmptua-

339 1136 424 1204 rium
436 1137 769 1230 hoc'opnsexhiheat,
780 1161 910 1209 necnon
924 1138 1191 1224 amoenissimam,
1206 1137 1324 1235 quihus
1339 1138 1534 1209 delicientur
1552 1137 1814 1219 animaedevotoe‚
1835 1140 1940 1209 virtu·

339 1270 409 1329 tum
432 1282 470 1331 ac
495 1262 712 1354 spiritualium
737 1274 920 1334 aromatum
948 1263 1152 1354 apothecam.

381 1382 468 1456 Nihil
483 1388 536 1456 hio
559 1388 599 1457 de
614 1387 756 1458 auctoris
772 1389 838 1459 rita
853 1388 1051 1482 privatisque
1066 1386 1241 1456 virtutihus
1256 1386 1440 1456 addendum
1456 1386 1522 1469 his,
1542 1411 1615 1481 qua
1634 1386 1667 1456 in
1685 1411 1744 1457 sua
1760 1388 1939 1461 Venetiana

338 1509 481 1579 editione
491 1511 635 1602 reposuit
646 1512 792 1582 eruditus
800 1512 992 1582 Francisous
1000 1511 1163 1581 Antonius
1174 1512 1357 1597 Zacharias,
1370 1534 1388 1580 e
1399 1511 1562 1581 Societate
1572 1512 1649 1581 Jesu
1659 1511 1839 1605 presbyter,
1851 1538 1939 1606 quae·

336 1652 399 1728 quc
409 1636 493 1705 inira
502 1630 783 1729 logentonPauca
796 1661 873 1710 vero
884 1638 925 1708 de
936 1637 1252 1723 auctorismethodo,
1263 1638 1368 1730 deque
1379 1637 1543 1708 veteribus
1553 1637 1689 1731 hujusce
1702 1640 1809 1729 operis
1820 1640 1938 1709 editio-

337 1759 446 1847 nibus,
468 1782 597 1832 necnon
626 1761 687 1832 hae
713 1784 809 1851 nova,
837 1785 935 1856 quam
956 1784 1108 1855 paramus
1129 1763 1273 1833 editione
1289 1762 1428 1854 pretori,
1466 1773 1686 1856 opportunum
1712 1762 1808 1833 nobis
1829 1764 1936 1833 visum

337 1894 400 1969 est,
414 1907 477 1955 nee
487 1883 646 1957 benevolo
660 1885 775 1957 lectori
788 1889 953 1980 ingratum
967 1887 1036 1957 iore
1049 1886 1256 1959 confidimus.

1003 2246 1263 2265 -ι-α-ι-Ἀ

801 2573 868 2655 DE
905 2574 1156 2658 numanis
1192 2578 1458 2661 METHODO.

375 2892 545 2969 immobile
559 2895 622 2969 tuit
630 2896 782 2969 Auctoris
790 2898 895 2969 nostri
907 2896 1267 2985 institutumodirinis
1279 2897 1454 2989 Scripturis
1462 2908 1547 2973 etex
1556 2896 1760 2989 antiquitatis
1773 2918 1934 2971 venereu-

329 3017 624 3112 dispromptuariin
636 3020 793 3113 quidquid
801 3021 895 3092 nohis
907 3022 1032 3092 catheti
1042 3044 1080 3101 ea
1092 3021 1173 3101 fides
1187 3023 1387 3097 credendum
1399 3021 1565 3113 proponit,
1578 3021 1696 3093 eiicere
1710 3030 1745 3091 et
1755 3020 1931 3095 illustrare.

332 3143 369 3219 ld
383 3143 451 3235 ipse
463 3143 558 3217 initio
571 3145 621 3221 sui
633 3146 740 3236 operis
752 3155 901 3234 testatur,
919 3148 998 3227 dum
1008 3148 1054 3227 ait
1070 3148 1131 3219 sibi
1147 3171 1219 3219 esse
1239 3147 1442 3240 propositum
1459 3156 1527 3219 aut
1541 3169 1582 3216 ex
1593 3144 1805 3238 antiquorum
1815 3169 1933 3216 monu-

332 3267 465 3353 mentis,
491 3268 582 3337 veiut
605 3267 727 3341 sanctis
755 3272 967 3363 augustisque
989 3272 1145 3357 iontihus,
1180 3272 1303 3364 liquida
1326 3283 1361 3342 et
1384 3272 1572 3363 incorrupta
1600 3294 1710 3343 rerum
1748 3270 1931 3343 dimuamm

331 3390 468 3464 scientia
492 3403 637 3469 eruatur.
669 3421 687 3457 e
713 3394 755 3463 Et
776 3394 889 3485 paucis
925 3394 1105 3489 interjectis
1128 3396 1301 3488 proiitctur
1339 3424 1356 3461 «
1381 3398 1591 3489 antiquorum
1621 3396 1755 3471 Petrum
1788 3393 1931 3467 auctori·

333 3526 446 3601 tatem,
462 3518 643 3587 secundum
658 3516 841 3610 Scripturas
852 3529 886 3597 et
902 3522 1056 3612 synodos,
1072 3521 1106 3593 in
1121 3545 1181 3595 suo
1198 3522 1371 3611 theologie
1385 3522 1535 3599 instituto
1549 3516 1721 3599 dominari.
1750 3547 1768 3584 a

375 3641 448 3711 Non
467 3641 521 3712 hic
543 3642 644 3733 igitur
662 3642 778 3712 unicus
794 3665 832 3713 ac
853 3643 1016 3713 solitarius
1031 3644 1163 3715 auditur
1185 3645 1358 3736 theologiae
1378 3645 1546 3735 magister,
1563 3642 1771 3736 quantumvis
1795 3636 1931 3717 scientia

225 3790 229 3799 ·
329 3777 485 3857 naseas
503 3769 717 3853 deraditur,
737 3769 795 3841 sed
811 3792 925 3840 omnes
944 3781 1071 3841 veteres
1086 3771 1320 3845 catholicorum
1340 3770 1530 3860 dogmatum
1553 3779 1653 3845 testes
1667 3768 1930 3868 etuinterpretes,

328 3913 389 3963 suo
399 3889 536 3984 quisque
549 3891 664 3963 ordine
677 3914 737 3983 pro
751 3893 887 3965 veritate
901 3892 1016 3965 dicunt
1025 3893 1259 3973 testimonium,
1272 3904 1306 3963 et
1316 3894 1482 3985 oppositos
1492 3916 1619 3969 errores
1630 3891 1816 3984 profligent.
1827 3893 1933 3963 Porro

328 4018 463 4089 Petrum
489 4018 720 4109 expositiones,
741 4029 775 4089 et
795 4041 855 4110 pro
884 4019 1021 4095 veritate
1043 4020 1164 4097 tuenda
1183 4019 1265 4090 inita
1287 4020 1476 4102 cortamina,
1495 4042 1571 4090 cum
1591 4015 1727 4093 historia
1752 4016 1929 4099 heresum,

327 4161 408 4231 quas
426 4140 673 4232 impugnarunt,
694 4144 874 4217 arctissime
886 4144 1152 4237 conjungunturr
1169 4143 1257 4221 unde
1272 4142 1310 4212 iit
1323 4154 1361 4213 ut
1373 4146 1460 4231 Opes
1473 4146 1714 4229 theotonicorum
1729 4143 1929 4226 dannatum,

325 4262 716 4354 historico-theologicum
737 4267 863 4341 evadat.
887 4267 1043 4345 Errornm
1065 4276 1167 4353 ortus,
1184 4289 1367 4358 processus,
1389 4287 1536 4351 occasus,
1557 4264 1695 4343 concita
1718 4269 1928 4351 cmmanata,

325 4386 445 4480 scripta
456 4390 492 4463 in
502 4400 675 4483 utramque
687 4402 812 4482 partem
825 4393 912 4461 edita
927 4392 1090 4482 eregiono
1101 4401 1281 4482 ponuntur,
1295 4402 1334 4461 ut
1349 4415 1391 4463 ea
1409 4413 1522 4467 eorum
1536 4401 1652 4463 mutuo
1669 4390 1784 4465 collisu
1799 4388 1856 4463 tur
1872 4407 1928 4461 ve·

325 4512 431 4585 ritatis
441 4511 553 4603 purior
566 4522 600 4581 et
613 4513 790 4604 fulgentior
803 4515 1020 4607 resplendeat.
1035 4516 1069 4585 Si
1084 4515 1218 4606 antiqua
1229 4513 1328 4599 hetta,
1338 4515 1533 4605 populorum
1542 4525 1680 4605 strages,
1692 4511 1925 4603 imperatorum

323 4632 441 4705 heilica
456 4635 563 4705 studia
577 4646 611 4707 et
625 4637 793 4731 triumphi,
810 4639 985 4710 hodiernos
1000 4640 1107 4717 adhue
1122 4638 1260 4708 lectores
1274 4639 1451 4724 delectant,
1468 4637 1581 4732 quidni
1597 4633 1828 4730 prestantioris
1845 4652 1924 4703 sane

324 4758 454 4851 generis
469 4762 646 4855 triumphi?
658 4765 771 4858 quidni
783 4765 881 4853 hetta,
896 4766 929 4835 in
945 4766 1063 4858 quihus
1078 4787 1146 4837 non
1162 4787 1221 4856 pro
1236 4765 1374 4843 terrenis
1387 4775 1422 4839 et
1433 4764 1564 4837 caducis
1574 4765 1773 4847 decertatur,
1791 4760 1849 4831 sed
1862 4780 1924 4851 pro

324 4884 512 4960 caelestibus
523 4911 562 4959 ao
577 4891 806 4972 marniacum
819 4893 933 4985 equali
944 4893 1114 4983 voluptate
1126 4901 1161 4961 et
1175 4888 1295 4982 potiori
1303 4890 1412 4961 imctu
1427 4888 1593 4967 hodiernis
1603 4887 1780 4963 lectoribus
1790 4906 1922 4978 percur-

322 5012 424 5085 renda
450 5016 717 5106 exponerentur?

365 5137 433 5219 Nec
447 5158 525 5211 roro
547 5139 699 5234 cuiquem
717 5140 858 5232 suspicio
881 5142 916 5211 in
941 5151 1085 5215 mentem
1107 5137 1274 5229 subrepat,
1300 5157 1344 5211 ue
1362 5140 1450 5225 Onus
1471 5142 1712 5226 theotonicorum
1736 5143 1922 5224 mum

322 5283 446 5343 meram
456 5264 610 5344 exhibeat
626 5275 660 5336 et
671 5264 795 5339 audam
809 5265 1073 5357 compilationem
1087 5261 1350 5339 testimoniorum
1362 5264 1458 5355 juata
1470 5263 1650 5357 positorum
1666 5272 1764 5355 prout
1780 5258 1920 5339 materia

321 5391 489 5464 tractanda
516 5390 679 5483 postulat,
704 5392 755 5464 vel
775 5391 891 5467 ordine
912 5389 1069 5463 historico
1085 5388 1298 5480 digestorum.
1320 5388 1458 5465 Facilior
1478 5389 1549 5465 hee
1569 5390 1761 5475 methodus,
1779 5388 1920 5479 ideoque
