3952 6170
354 351 404 411 DE
424 349 497 410 1)Εο
518 346 661 421 DEIQUE
681 345 1030 422 PROPRIEPATIBUS,
1053 345 1125 408 LIB.
1148 346 1200 424 IV,
1222 346 1306 408 oAP.
1328 346 1353 407 1.
1589 340 1647 402 ³35

77 519 209 579 scientem
221 532 287 577 non
299 533 364 576 esse
376 513 558 595 suspicetur.
569 513 723 590 Rectaque
734 510 831 590 Gyril·
878 508 1038 591 quidquam
1053 509 1164 591 faceret
1177 529 1196 571 a
1203 509 1350 592 pu'acipio
1360 507 1383 585 ί,
1395 514 1451 569 etc.
1464 506 1556 569 Sicin
1569 504 1649 567 libro
1694 508 1739 571 l

77 611 118 671 bo
139 610 215 671 lituo
242 609 283 669 XI
309 605 595 670 Commentariorum
621 603 651 664 iu
674 603 827 679 Joaaaeru,
878 601 1054 682 Sapientia,
1081 604 1254 683 prasertim
1278 602 1410 682 septimo
1428 600 1549 680 capite:
1570 598 1648 674 Quo·

76 702 141 763 illud
158 722 173 759 a
192 700 315 780 proprie
335 718 371 760 ac
387 699 445 759 soli
465 697 597 777 principi
615 695 757 755 omnium
777 712 831 755 na·
878 694 958 754 aiam
978 695 1039 775 epse
1051 695 1204 776 sopientur
1226 694 1300 763 dua,
1319 703 1347 756 et
1360 692 1536 775 saps'eatium
1553 709 1648 753 emen-

75 801 143 854 ture
155 792 354 854 uibuendum
368 808 434 852 esse
448 790 532 864 dicit,
547 794 616 849 urm
629 788 734 848 omnia
752 787 830 848 scire
879 785 966 846 dator
974 784 997 847 ⁶.
1010 789 1047 848 Et
1061 806 1132 849 cum
1142 787 1247 849 omnia
1261 805 1331 866 quoe
1344 786 1415 847 sciri
1424 789 1562 865 possunt,
1577 783 1648 844 bre·

76 887 190 946 docente
202 884 300 959 nulio,
316 902 353 944 ac
374 899 438 963 pree
452 882 550 943 oeulis
568 880 684 941 habere
697 879 783 939 nude
799 884 831 939 et
878 878 957 940 viter
975 885 1209 941 enumerasset:
1232 878 1380 955 Oruuium,
1400 877 1511 957 inquit,
1540 875 1651 957 artifex

76 982 177 1056 aperta
201 982 269 1036 tum
292 974 414 1036 efficere
438 992 538 1055 posse,
558 973 651 1051 idque
673 970 828 1045 facillima,
879 969 977 1031 docuit
996 990 1041 1031 me
1060 972 1217 1051 sapientia.
1239 971 1297 1033 Est
1318 970 1395 1031 euim
1408 970 1439 1030 iu
1453 968 1513 1031 ilia
1529 967 1651 1049 spiritus

76 1068 205 1148 quidquid
227 1068 354 1128 libitum
373 1067 506 1127 fucritss.
531 1086 546 1122 s
571 1065 608 1124 Et
629 1063 663 1123 in
690 1061 831 1123 Thesauri
879 1062 1092 1143 intelligentia,
1125 1069 1182 1124 etc.
1223 1062 1363 1124 Omnibus
1388 1061 1466 1123 cacia
1499 1058 1652 1121 mobilebus

76 1160 142 1221 libro
154 1160 286 1220 xxxii:
307 1158 509 1220 «Divinitatis
523 1157 555 1217 id
581 1174 646 1216 esse
668 1155 831 1234 proprium
879 1153 1018 1215 mobilior
1049 1162 1090 1215 est
1111 1154 1270 1236 supientia.
1290 1154 1420 1235 Attiaqit
1437 1161 1533 1215 οιιίοοι
1547 1151 1652 1234 ubique

76 1252 250 1325 cit,utnihil
261 1249 417 1330 ignorett.
434 1270 449 1307 ν
464 1250 564 1329 Atque
576 1253 612 1307 ut
624 1246 754 1325 gentiles
766 1265 831 1308 non
878 1253 1000 1328 propter
1025 1266 1109 1308 asam
1140 1246 1328 1309 munditiam.
1356 1245 1400 1307 Αο
1423 1252 1532 1307 cetera
1563 1248 1650 1307 dein·

76 1344 155 1404 modo
167 1343 375 1423 philosophos,
389 1342 443 1402 sed
456 1341 590 1419 cujusvis
604 1339 698 1399 etiam
710 1339 832 1417 generis
881 1343 951 1417 ceps
960 1344 991 1399 et
1000 1338 1036 1398 in
1046 1338 1105 1399 isto
1120 1344 1151 1400 et
1162 1340 1197 1399 in
1211 1337 1351 1417 sequenti
1360 1339 1469 1417 capite,
1484 1338 1539 1398 ubi
1552 1340 1651 1401 Deum

75 1435 219 1514 scriptores
240 1436 396 1509 omittam,
418 1449 554 1512 quorum
580 1431 663 1491 illius
684 1431 729 1490 rei
749 1431 833 1491 testi·
880 1431 983 1509 ipsum
996 1448 1032 1491 ac
1050 1430 1105 1491 Dei
1122 1431 1317 1510 potissimum
1334 1430 1474 1491 Verbum
1488 1432 1651 1511 Sapientia

76 1526 173 1587 moniis
185 1527 269 1606 pleni
289 1531 363 1586 sunt
382 1542 491 1586 omnes
508 1523 591 1599 libri,
611 1523 724 1583 nostris
738 1528 830 1598 certe,
880 1522 1030 1583 voeabula
1060 1523 1212 1602 designet.
1243 1523 1331 1597 Quod
1357 1523 1456 1585 mirlto
1484 1523 1595 1586 clarius
1618 1525 1652 1585 in

77 1617 125 1676 hoc
151 1624 194 1678 est
216 1617 392 1679 christianis
417 1617 451 1676 in
476 1614 597 1689 litteris,
626 1614 747 1674 infinita
778 1615 833 1675 Dei
881 1615 969 1675 Novo
983 1615 1178 1676 Testamenta
1193 1616 1307 1695 passim
1328 1616 1523 1695 exprimitur,
1538 1616 1573 1676 in
1590 1634 1652 1696 quo

76 1709 186 1770 suenda
200 1716 230 1771 et
251 1708 520 1789 comprehendens
536 1726 572 1767 ac
585 1711 751 1785 penetrans
765 1707 834 1766 rmi-
882 1706 937 1767 Dei
951 1706 1043 1767 Filius
1059 1708 1232 1787 appellatur
1251 1707 1310 1769 Dei
1320 1707 1465 1788 sapc'ena'a
1474 1706 1497 1768 ⁷.
1514 1710 1552 1769 Et
1568 1710 1602 1768 in
1616 1726 1653 1770 eo

77 1819 152 1861 verse
164 1802 297 1881 cognitio
312 1802 428 1881 possim
442 1805 536 1876 extet,
550 1798 642 1878 idque
655 1816 711 1878 per
725 1815 833 1860 omnes
882 1798 1027 1859 dicuntum
1038 1817 1095 1860 esse
1108 1818 1203 1859 omues
1217 1798 1349 1860 thesauri
1359 1801 1512 1881 sapientire
1525 1807 1555 1861 et
1566 1801 1655 1861 saeu-

77 1891 247 1955 Testamenti
290 1894 454 1971 utriusque
480 1892 611 1970 paginas
643 1890 833 1951 declaratum
884 1891 935 1952 tia
946 1888 1034 1952 Dei⁸.
1050 1893 1125 1965 Quae
1142 1890 1312 1952 etaititudo
1332 1897 1460 1952 vocaurr
1477 1891 1654 1955 diuitiarum

77 2002 302 2065 expressumque
312 1985 439 2064 legitur.
455 1985 501 2044 Ex
514 1983 628 2061 quibus
641 2000 740 2061 peuce
751 2000 835 2061 quee-
882 1981 1035 2063 sapientise
1048 1990 1077 2043 et
1091 1982 1219 2043 scientia
1233 1982 1292 2044 Dei
1298 1980 1322 2043 ⁰.
1341 1984 1447 2063 Neque
1465 2003 1539 2046 vero
1555 1985 1653 2065 pluri·

78 2076 226 2139 damvelut
240 2077 319 2139 dicis
330 2095 424 2139 cause
437 2074 652 2136 delibabimus.
883 2073 942 2134 bus
961 2074 1145 2135 testimoniis
1159 2092 1237 2154 opus
1255 2080 1311 2134 est.
1333 2075 1413 2135 Nam
1431 2094 1468 2136 eo
1488 2076 1552 2137 iere
1572 2078 1653 2139 Scri·

14 2178 53 2221 uu
111 2169 156 2228 ίίί.
174 2168 315 2230 Primum
329 2167 397 2229 lobi
410 2172 476 2228 toto
489 2167 553 2227 fere
571 2167 669 2245 capite
683 2170 790 2225 octavo
805 2170 836 2225 et
884 2171 976 2246 ptura
990 2166 1092 2227 omnis
1111 2168 1255 2246 pertinet,
1274 2185 1344 2246 quse
1361 2173 1392 2228 et
1410 2168 1512 2228 verbis
1530 2169 1606 2230 scire
1619 2188 1656 2231 ac

14 2236 53 2347 'ii-'⁸
79 2259 206 2321 meino
220 2260 374 2341 sapientia
385 2258 639 2338 tanquamsolius
652 2258 706 2317 Dei
719 2275 793 2317 vcro
806 2262 836 2317 et
885 2276 975 2320 nosse
988 2260 1088 2320 Deum
1101 2259 1217 2335 omniu,
1230 2277 1333 2338 neque
1347 2260 1516 2340 quidquam
1529 2262 1656 2324 cumla-

14 2346 46 2381 ’θ
77 2351 159 2412 solido
170 2353 321 2432 possessio
342 2351 537 2425 describitur,
553 2350 638 2429 quod
658 2349 751 2428 poulo
764 2354 836 2410 ante
884 2355 950 2411 tera
969 2355 1099 2411 testatum
1120 2356 1150 2410 et
1169 2351 1271 2430 reipsa
1287 2351 1490 2428 demonstrat,
1511 2372 1582 2415 eum
1600 2372 1656 2434 per

76 2442 210 2505 dicentem
220 2443 420 2506 Aristotelem
434 2442 646 2504 audiebamus.
664 2439 833 2521 Sapientia,
885 2460 929 2519 se,
944 2461 1060 2522 perque
1074 2443 1239 2522 prophetes
1252 2461 1323 2504 suos
1337 2443 1433 2505 fidem
1446 2445 1528 2507 illius
1541 2445 1655 2508 faciem

74 2535 171 2614 inquit,
194 2536 245 2597 udi
267 2532 443 2598 cosmetur?
465 2543 492 2596 et
510 2535 576 2615 quis
593 2541 634 2594 est
653 2532 731 2593 uua
753 2532 838 2595 intel·
884 2541 950 2596 tcm
961 2535 1080 2596 inducit
1093 2537 1203 2596 Deum.

75 2624 187 2707 tuentia
208 2626 247 2688 ¹?
264 2631 375 2689 Postea
390 2628 497 2689 multis
517 2626 711 2704 interjectis:
744 2623 834 2694 Deus,
927 2627 987 2688 Sed
1001 2646 1058 2688 nec
1077 2628 1203 2687 Petrum
1223 2626 1368 2687 hocloco
1383 2645 1506 2689 necesse
1520 2634 1566 2689 cst
1582 2648 1655 2710 pro-

74 2719 118 2787 ait,
137 2718 271 2801 iutelligit
305 2720 383 2780 usam
405 2719 479 2801 ejus,
502 2725 533 2779 et
555 2718 617 2798 ι’ροο
638 2715 718 2777 uouit
742 2714 837 2777 locum
885 2718 965 2779 ferre
984 2719 1160 2793 sententias,
1177 2719 1261 2797 quod
1278 2719 1381 2797 ipsum
1395 2739 1460 2780 non
1473 2739 1571 2800 magis
1584 2721 1655 2783 infl-

76 2808 156 2871 iliius.
192 2811 259 2892 Ipse
308 2811 385 2872 euim
425 2809 499 2892 fiaes
535 2807 643 2870 muudi
684 2808 834 2877 intuetur,
886 2812 1096 2890 nitumquam
1112 2811 1269 2884 odiosum,
1285 2816 1316 2870 et
1329 2829 1592 2890 supervacaneum
1608 2832 1655 2875 es·

75 2903 208 2963 aomura
236 2920 309 2984 qum
338 2901 390 2963 sub
416 2900 489 2963 calo
520 2908 589 2963 suat
621 2901 751 2981 respicii.
780 2901 838 2961 Cui
886 2909 941 2963 set.
957 2897 1285 2982 iirmpleraequealiis
1298 2905 1489 2981 argrrmentis
1505 2906 1654 2984 serviunt,

75 2993 326 3075 dausqueium
339 2994 459 3055 baruch
471 2993 624 3075 prophete
636 2991 764 3053 refert'.
778 2994 838 3066 Qui
885 2994 971 3055 velut
989 3011 1061 3053 cum
1080 2993 1119 3054 de
1135 2992 1406 3074 predestinatione
1420 3014 1456 3056 ac
1468 3002 1573 3057 οαοοίο
1588 2998 1656 3058 Tri-

75 3102 135 3145 eum
152 3087 337 3167 sapientiam
357 3087 483 3148 dixisset
504 3102 660 3164 nusquam
680 3090 836 3145 terramm
886 3088 982 3147 nitate
1007 3085 1120 3165 agitem,
1149 3085 1305 3165 Verbique
1330 3085 1543 3166 productione,
1572 3090 1657 3168 quod

75 3192 104 3237 oe
120 3179 256 3256 gentium
273 3179 420 3258 reperiri,
436 3178 564 3239 demum
583 3176 694 3236 ubisit
708 3176 839 3238 declara
885 3178 988 3258 ipsum
1005 3182 1037 3238 et
1053 3176 1257 3255 intelligentia
1270 3178 1506 3259 cognitioneque
1519 3180 1658 3259 gignitur

73 3266 109 3328 ita
125 3269 203 3331 :Sed
213 3272 269 3352 qui
293 3270 350 3331 scit
370 3270 517 3338 uniuersa,
542 3267 626 3329 uouit
648 3266 786 3337 curuum,
807 3276 837 3329 et
885 3276 916 3330 et
935 3270 1101 3350 Sapientia,
1121 3275 1156 3331 ut
1169 3268 1238 3347 jam
1257 3269 1375 3330 dictum
1394 3275 1449 3347 est,
1464 3273 1655 3335 nominatum.

74 3358 210 3422 oduaenit
230 3381 300 3424 cam
310 3360 473 3442 prudentia
486 3379 556 3422 sua.
583 3360 699 3420 Rursus
712 3360 772 3420 Job
785 3379 834 3421 ca-
885 3363 960 3436 Quse
978 3360 1116 3440 quidem,
1133 3365 1169 3422 ut
1185 3365 1216 3421 et
1227 3360 1290 3421 alia
1302 3360 1468 3422 innumera
1482 3363 1544 3424 Deo
1558 3364 1657 3428 inesse

73 3451 126 3528 pite
144 3453 328 3515 duodecimo
347 3472 354 3513 :
378 3450 469 3533 Apud
496 3452 592 3533 ipsum
611 3459 652 3513 est
678 3452 832 3533 sapientia.
884 3453 1078 3533 sapientiam,
1096 3471 1133 3515 ec
1145 3458 1214 3515 tum
1230 3453 1290 3531 sui,
1305 3459 1375 3514 tum
1394 3472 1502 3516 rerum
1515 3458 1658 3522 omnium

74 3540 129 3622 ίμι
138 3543 221 3607 dubet
228 3544 387 3606 consilium
396 3551 425 3605 et
435 3543 673 3624 intelligentium.
685 3544 723 3604 Et
736 3544 835 3622 eapite
884 3545 1121 3625 intelligentiam
1136 3545 1313 3607 ostendunt.

74 3634 169 3697 alima
189 3657 196 3698 :
220 3636 298 3699 Scio
320 3636 395 3717 quia
420 3634 519 3696 aucuia
538 3643 638 3716 potes,
665 3642 693 3696 et
709 3634 791 3695 uulia
808 3642 836 3696 te
925 3639 977 3699 IV.
1000 3638 1061 3700 Sed
1079 3656 1151 3699 cum
1167 3637 1314 3700 latissime
1332 3643 1436 3718 petest
1452 3639 1511 3700 ista
1529 3642 1656 3719 questio

75 3724 132 3788 uta
149 3729 302 3810 cogitatio.
319 3728 369 3789 Sic
385 3727 419 3788 in
440 3725 599 3789 Psalmis:
620 3725 663 3787 Et
679 3725 835 3806 cupientia
884 3736 915 3790 et
932 3731 966 3789 in
989 3730 1178 3791 immmsum
1196 3748 1397 3811 progressuro
1420 3732 1470 3809 sit,
1488 3732 1548 3793 nisi
1568 3734 1658 3794 certis

73 3818 126 3897 ρἰα
136 3839 191 3881 aaa
203 3829 244 3883 est
261 3818 432 3882 uumerus⁸.
441 3820 480 3879 Et
493 3818 566 3880 alibi
578 3838 585 3879 :
600 3816 686 3886 Eece,
699 3816 832 3886 Domine,
884 3839 954 3882 cam
967 3820 1082 3882 tinibus
1095 3821 1390 3899 circumscribamus,
1398 3823 1459 3884 tria
1467 3824 1566 3903 placet
1575 3825 1609 3885 in
1620 3842 1659 3887 eo

74 3916 102 3969 tu
122 3912 277 3993 mpaouuti
301 3912 409 3980 amasa,
439 3910 596 3972 amissima
623 3917 651 3969 ct
674 3909 799 3989 antiqua
810 3908 832 3970 θ.
884 3913 1099 3992 pertractanda
1116 3913 1216 3993 capita
1235 3915 1448 3994 distinguere:
1470 3921 1506 3975 ut
1518 3917 1657 3994 primum

73 4000 142 4064 Tum
157 4005 237 4066 libro
257 4004 362 4085 primo
381 4003 496 4083 Regum
514 4022 526 4063 .·
548 4002 628 4064 Deru
645 4000 835 4062 scientiarum
884 4022 955 4083 que
969 4009 1000 4064 et
1009 4004 1108 4085 qualis
1119 4005 1158 4064 sit
1167 4005 1222 4065 Dei
1231 4005 1358 4066 scientia
1370 4006 1508 4068 dicamsrs
1522 4026 1529 4067 :
1544 4007 1657 4071 deinde

73 4090 213 4173 θοοιίοοο,
229 4104 259 4158 et
278 4096 558 4177 spuproeparcutur
570 4092 766 4174 cogitationes.
784 4094 836 4154 Est
884 4113 1018 4175 quarum
1031 4113 1138 4157 rerum
1151 4097 1191 4156 sit
1207 4098 1317 4158 :tertio
1332 4097 1467 4178 denique
1484 4099 1657 4178 cujusmodi

73 4184 196 4261 eiusdem
210 4189 258 4249 rei
273 4187 368 4268 plene
381 4192 413 4248 et
432 4186 591 4247 luculenta
607 4184 788 4263 significatio
801 4185 834 4245 in
884 4187 947 4248 sint
981 4187 1170 4267 exemplaria
1202 4188 1317 4250 divine
1348 4190 1546 4270 cognitionis,
1580 4211 1657 4271 quas

72 4274 231 4341 ranerio
251 4279 429 4348 Salomonis,
451 4284 518 4340 toto
538 4276 711 4357 praesertim
729 4283 835 4339 octavo
885 4286 950 4349 ίοέας
965 4279 1132 4358 appellant.
1153 4280 1250 4360 Igitur
1263 4281 1377 4343 divinae
1397 4283 1531 4344 scientiae
1544 4290 1657 4346 natura
1714 4308 1794 4353 prun.

71 4371 168 4449 uuae,
182 4372 238 4434 ubi
251 4373 293 4433 de
306 4389 340 4432 se
353 4369 658 4451 supientiepresdicat
672 4369 836 4431 :domiuus
884 4376 916 4431 et
929 4372 1065 4433 conditio
1083 4372 1123 4432 ad
1141 4372 1222 4433 hanc
1240 4375 1377 4453 primum
1394 4375 1562 4436 formulam
1574 4377 1657 4457 exigi
1680 4362 1800 4472 (ΜΨ

1697 4427 1730 4460 uss
1740 4424 1763 4460 οι
1773 4427 1830 4472 qus·

69 4462 184 4540 pouedit
208 4482 257 4527 me
282 4463 368 4526 metio
392 4463 511 4525 aarum
536 4480 658 4524 suarum
678 4467 835 4543 autequam
884 4461 1080 4543 debetquam
1093 4464 1657 4545 praescribitrtugustinusinseeundo
1733 4469 1771 4515 ¹¹⁸·

69 4724 197 4788 αθωνςιιαί
209 4723 362 4797 διοσιτίρινος
375 4723 478 4798 ἄριστα,
490 4725 531 4779 καί
551 4724 735 4796 θεοφιλέστατος
752 4724 830 4778 torae
916 4741 937 4780 α
956 4726 1023 4782 Cra.
1048 4725 1193 4781 ’λναθετίον
1210 4725 1256 4798 γὰρ
1276 4730 1339 4802 μόνῃ
1355 4733 1386 4803 τῇ
1410 4733 1459 4784 τῶν
1480 4732 1545 4785 θλων
1559 4734 1656 4804 βασιλίδ

70 4802 132 4859 εἶναι·
148 4808 169 4861 τί
189 4810 237 4881 γάρ
258 4828 297 4872 τις
310 4805 437 4879 θτιρίλεια
449 4812 498 4862 τῶν
522 4806 680 4880 ἀνθρωπίνων
702 4806 830 4861 tuccius
879 4806 947 4879 pices
972 4809 1054 4862 πάντα
1078 4806 1166 4861 εἰδέναι
1185 4810 1344 4874 διδάσκοντος
1362 4810 1469 4876 οθθενθς,
1483 4812 1523 4866 καί
1541 4814 1606 4887 ἔχειν
1630 4813 1655 4868 tu

69 4888 162 4959 γίνεται,
179 4892 264 4962 ὥσπερ
288 4892 366 4956 δοκεῖ,
380 4890 422 4943 καί
447 4887 484 4958 τίη
508 4892 537 4942 ἂν
552 4888 668 4962 citoque,
688 4888 783 4962 χαίρειν
804 4909 832 4944 τι
880 4889 1015 4962 ὀφθαλμοῖς
1027 4891 1109 4962 γυμνά
1122 4909 1165 4955 τε,
1187 4891 1228 4943 καί
1240 4893 1460 4966 τετραχηλισμένα·
1475 4897 1608 4968 κατορθοῦν
1618 4915 1656 4955 τοι

70 4971 148 5035 &maie
159 4977 196 5046 sip
209 4972 316 5046 ἀρίστῳ,
334 4972 375 5025 uui
396 4976 434 5045 τῷ
447 4972 640 5044 suppostorium·
665 4976 740 5026 τοῦτο
756 4970 781 5026 δ’
801 4975 831 5027 ἂν
880 4973 993 5026 δύνασθαι
1007 4971 1049 5026 καί
1061 4972 1117 5025 λίαν
1130 4972 1244 5039 εθτστῶς,
1253 4977 1303 5028 πᾶν
1314 4977 1373 5049 irrep
1388 4979 1417 5030 ἂν
1428 4977 1551 5048 βούλοιτο.

70 5051 103 5123 sip
122 5055 221 5119 θνοθς·
244 5056 288 5109 καί
312 5056 368 5119 σονς
386 5053 531 5127 ἀγαπῶντας
557 5055 665 5126 μάλιστα
683 5058 768 5119 τοῦτο,
791 5055 833 5109 καί
917 5055 934 5110 b
953 5054 1274 5112 ld.Ttes.tib.xxxt1.
1295 5057 1416 5126 Θτθτητος
1432 5059 1480 5132 γὰρ
1496 5059 1574 5124 ὅντως
1590 5060 1656 5119 idios

69 5142 182 5208 τιμῶντας
207 5138 374 5202 ἀντευποιεῖν,
388 5138 423 5201 ὣς
435 5143 485 5193 τῶν
499 5138 576 5210 φίλων
600 5136 685 5200 sisois
704 5135 833 5211 ίπιριιλου·
880 5137 995 5210 signitur
1011 5137 1118 5210 ἀγνοεῖν.
1131 5139 1201 5196 Vide
1216 5146 1245 5195 θί
1259 5138 1330 5196 libro
1343 5141 1377 5196 X.
1399 5143 1433 5198 tu
1444 5144 1530 5198 Joau.
1548 5159 1576 5215 p·
1590 5145 1655 5204 9⁴15·

71 5219 158 5290 poue

104 5462 114 5505 ί
126 5461 171 5509 iot.
190 5473 274 5507 nmis.
289 5460 382 5507 ss-s
395 5463 491 5507 Βαοιιοίι.
510 5460 645 5508 mou-8
656 5463 717 5507 Psat.
731 5472 802 5507 οιινι.
820 5462 840 5506 s.
850 5463 896 5507 -ί
908 5463 971 5509 Psoi.
989 5473 1092 5507 cxxxrru.
1107 5461 1185 5507 u-ss
1197 5461 1656 5527 cap.u11,m.-osap.m.ss,sr,ss‚

72 5519 248 5573 θί-ίίοστ.
262 5522 491 5571 κίονί-ΒΜ.
504 5522 691 5571 ιντο-Νίσον.
706 5525 784 5570 mss.
