4134 6182
313 430 353 491 38
733 420 772 481 IN
795 419 893 481 OPUS
912 410 1242 478 Tusotoutcouuu
1263 415 1493 478 DOGMATUM.

311 578 374 639 sive
402 576 442 638 sd
469 574 696 654 Scripturarum
724 570 927 633 abditissimas
950 567 1084 629 latebras
1137 567 1409 648 comprehensione
1419 567 1581 648 majorem,
1602 574 1637 629 ut
1656 586 1720 631 non
1748 576 1914 632 evacuetur

310 668 543 752 pertinentibus,
560 684 638 745 quas
648 670 730 726 certo
750 663 853 742 aliquo
872 679 983 741 genere
1004 677 1085 720 com-
1137 661 1214 722 fides
1226 665 1389 723 nostrat»

312 764 403 846 plecti
417 781 453 823 ac
467 761 594 827 definire
620 758 743 820 difficile
764 763 819 832 est,
834 762 865 817 et
884 755 984 815 multa
996 754 1086 833 igno·
1178 758 1217 817 V.
1236 758 1300 817 Hoc
1314 756 1458 836 sapientis
1474 758 1533 818 viri
1553 759 1735 839 praclarum
1759 760 1912 820 monitum

311 859 374 919 rari
406 856 492 917 salva
518 854 683 920 christiana
704 852 776 928 fide,
801 857 831 912 et
851 849 965 910 alicubi
989 846 1087 909 errari
1140 855 1312 930 opponatur
1334 850 1454 910 Erasmi
1481 856 1511 911 et
1533 852 1680 912 similium
1700 851 1914 913 obtrectationi

311 952 375 1012 sine
410 949 514 1029 aliquo
545 947 678 1009 haeretici
716 944 868 1025 dogmatis
903 940 1084 1003 criminet»
1140 962 1175 1003 ac
1187 941 1299 1021 puerili
1313 947 1344 1002 ct
1362 941 1477 1003 inscitae
1494 945 1642 1024 querelis,
1663 946 1717 1025 qui
1731 964 1768 1006 eo
1786 946 1913 1006 minime

351 1039 685 1120 AuctorEcpoattionia
706 1036 789 1121 fido,
811 1037 861 1098 cui
874 1036 986 1098 tustini
1005 1052 1087 1094 mar
1141 1036 1289 1112 contenti,
1319 1037 1404 1116 quod
1422 1043 1506 1098 recta
1536 1040 1613 1100 ratio
1636 1037 1784 1119 praeflnit,
1814 1039 1913 1119 pluris

310 1138 387 1217 tyris
406 1136 418 1160 *
437 1153 551 1196 nomen
570 1133 750 1216 praefigitur,
778 1129 1018 1193 luculentissime
1048 1129 1086 1187 de
1141 1148 1264 1192 morum
1282 1134 1313 1189 ot
1330 1130 1417 1206 vito,
1434 1149 1529 1211 quam
1547 1133 1663 1209 ingenii
1677 1132 1914 1212 perpolitioncm

312 1233 415 1294 haere
428 1229 557 1303 disserit,
571 1227 705 1288 audictis
718 1224 931 1286 nostrisfidem
945 1222 1084 1283 adstruit.
1142 1231 1171 1286 et
1182 1224 1299 1303 judicio
1320 1228 1351 1283 et
1379 1242 1439 1285 usu
1467 1225 1639 1287 faciendam
1661 1244 1741 1301 esse3
1773 1225 1807 1287 in
1836 1226 1912 1287 illud

314 1328 394 1387 Nam
406 1343 478 1385 cum
497 1324 535 1384 de
560 1320 779 1382 lucamationis
799 1318 945 1397 mysterio
969 1321 1084 1394 agaret,
1141 1321 1307 1399 abruptum
1321 1328 1444 1396 exeunt,
1465 1325 1501 1379 ut
1511 1320 1576 1379 solo
1593 1319 1725 1398 digniori
1746 1337 1782 1380 ac
1803 1319 1915 1400 potiori

313 1419 448 1500 primum
470 1415 629 1476 haertfiffls
655 1417 837 1486 summitti,
866 1411 920 1489 qui
941 1409 1086 1469 humans
1139 1414 1256 1491 relicto,
1271 1417 1402 1478 altemm
1428 1412 1615 1474 abolendum
1633 1412 1918 1474 exterminandum·

313 1509 538 1573 ratiocinationi
547 1513 647 1568 totum
666 1504 893 1586 permittebant,
914 1501 1086 1562 christianae
1142 1526 1203 1587 quo
1244 1515 1397 1573 renierus,
1442 1508 1515 1581 Quo,
1562 1505 1714 1567 cavillatio
1740 1523 1843 1566 <omem
1881 1523 1916 1565 ur

312 1604 385 1666 fidei
397 1623 432 1664 ac
444 1601 564 1683 pietatis
579 1600 678 1675 obliti,
695 1618 764 1678 quae
779 1616 873 1678 supra
896 1601 1021 1676 captum
1041 1595 1088 1655 in-
1140 1602 1258 1664 stolidas
1278 1604 1388 1665 mentis
1401 1608 1467 1662 tam
1486 1599 1604 1661 infinite
1627 1605 1711 1679 patet
1730 1598 1769 1660 ad
1786 1600 1916 1678 stupidi-

311 1697 394 1777 genii
405 1696 511 1771 nostri,
525 1712 678 1774 supraque
696 1695 841 1754 bumanae
862 1691 994 1752 scientio
1017 1706 1085 1748 1110·
1139 1701 1244 1772 tatem,
1261 1704 1293 1758 ut
1306 1697 1356 1759 vel
1373 1696 1441 1756 illos
1455 1696 1536 1776 ipsos
1549 1693 1678 1773 pudeat,
1689 1692 1715 1752 si
1722 1692 1805 1773 apud
1814 1709 1846 1752 se
1854 1711 1917 1772 quo

312 1791 387 1850 dum
400 1808 435 1850 ae
445 1789 571 1849 rationis
581 1788 723 1867 assurgit.
735 1789 851 1867 Nempe
865 1784 948 1864 quod
957 1783 1087 1843 illidor·
1140 1807 1189 1850 ros
1207 1790 1334 1851 domum
1348 1805 1478 1850 evasura
1494 1787 1546 1862 sit,
1567 1802 1731 1865 agnoscere
1749 1788 1915 1865 potuerint.

311 1884 399 1945 trinae
425 1880 591 1942 subtilitate
618 1886 724 1940 contra
749 1879 843 1940 fidem
867 1876 1085 1949 abutebantur,
1182 1885 1307 1945 [nterim
1324 1884 1435 1944 modus
1448 1881 1501 1941 illu
1519 1880 1750 1940 commendetur
1769 1879 1916 1960 theologo
1972 1932 1978 1961 Ι

311 1983 392 2038 recte
403 1977 462 2037 bac
475 1975 545 2035 illos
567 1973 743 2054 exceptione
763 1971 960 2053 compescuit.
981 1971 1088 2030 Postea
1141 1984 1256 2055 nostro,
1273 1983 1307 2038 ut
1321 1977 1404 2057 quod
1415 1976 1448 2037 in
1462 1974 1578 2035 coituris
1597 1973 1690 2052 valet,
1703 1974 1801 2035 multo
1817 1975 1918 2053 mugio
1995 2028 2036 2067 rou

313 2070 444 2149 disjectis
463 2069 601 2129 hostibus
625 2087 660 2129 ac
682 2068 789 2148 procul
807 2067 947 2147 repulsis,
963 2064 1004 2124 ad
1022 2062 1089 2142 pios
1142 2071 1175 2131 in
1196 2071 1371 2132 divinarum
1391 2085 1497 2129 rerum
1518 2067 1774 2129 commentatione
1790 2073 1915 2128 teneat:
2028 2090 2044 2141 u¹

314 2170 344 2225 et
373 2163 537 2224 catholicos
561 2162 736 2222 divinarum
759 2178 864 2221 rerum
895 2157 1088 2238 inquisitores
1143 2163 1189 2225 Ne
1202 2163 1276 2245 quid
1287 2164 1388 2227 nimis.
1401 2161 1624 2224 domeminerit
1634 2159 1717 2221 illius
1728 2161 1916 2240 documenti,
1970 2146 2040 2228 “too

315 2257 463 2318 convertit
474 2256 654 2330 orationem,
671 2274 706 2315 ac
715 2272 778 2315 non
789 2254 890 2313 solum
902 2253 940 2311 de
955 2251 992 2310 iis
1004 2267 1088 2330 111111-
1144 2258 1228 2337 quod
1251 2276 1385 2337 mugnus
1400 2256 1565 2335 Gregorius
1585 2254 1634 2315 his
1654 2254 1756 2315 verbis
1771 2255 1916 2316 tradidit:

315 2358 383 2412 rere
399 2369 434 2411 ac
446 2350 602 2428 disputare
620 2367 684 2409 non
704 2346 856 2427 prohibet,
880 2345 934 2404 sed
951 2344 1091 2404 bortatur
1147 2372 1161 2404 «
1177 2351 1297 2411 Haboni
1307 2352 1366 2411 hoo
1379 2349 1515 2411 haerotioi
1525 2349 1696 2430 proprium,
1719 2354 1753 2409 ut
1773 2348 1812 2409 de
1832 2349 1919 2411 inani

314 2444 408 2505 etiam
425 2448 460 2503 ut
475 2460 571 2523 quam
586 2441 734 2502 acerrime
747 2441 780 2501 id
799 2441 923 2515 fuciunt,
937 2439 1011 2497 dum
1031 2437 1091 2497 hoe
1145 2444 1276 2505 scientius
1291 2464 1354 2504 sum
1366 2443 1540 2523 arrogantia
1554 2441 1700 2502 inflentur
1711 2448 1741 2503 et
1757 2448 1839 2504 recte
1855 2462 1920 2503 cm-

316 2538 397 2599 intra
417 2536 573 2598 catholica.
593 2535 709 2615 regulae
726 2534 948 2614 praescriptum,
972 2549 1008 2590 sc
1029 2547 1092 2590 11011
1145 2537 1282 2597 dentum
1297 2538 1522 2618 simplicitatem
1533 2554 1613 2615 saepe
1625 2536 1792 2611 derideant,
1805 2542 1861 2599 etc.
1880 2538 1922 2598 At

317 2629 522 2709 infirmandas,
536 2629 588 2688 sed
600 2627 789 2688 stabiliendae
801 2626 873 2687 fidei
891 2642 985 2685 sauss
996 2622 1093 2683 susti·
1145 2636 1251 2691 contra
1264 2637 1367 2692 sancta
1377 2630 1511 2692 Ecclesia
1519 2629 1551 2690 in
1564 2647 1655 2690 omne
1667 2631 1750 2708 quod
1771 2631 1923 2691 veraciter

317 2723 414 2802 piant.
450 2744 464 2777 t
494 2722 555 2781 Vos
576 2726 690 2795 autem,
714 2720 825 2798 inquit,
853 2717 995 2780 Ecclesiae
1022 2715 1090 2791 filii,
1146 2725 1235 2803 sapit,
1249 2742 1373 2784 sensum
1384 2741 1475 2784 suum
1486 2722 1645 2783 humiliter
1659 2722 1812 2803 deprimit,
1830 2742 1870 2784 nu
1888 2723 1921 2784 in

318 2816 372 2894 qni
382 2815 582 2894 quaestionem
596 2815 645 2893 pie
655 2814 794 2889 movetis,
807 2818 838 2872 at
849 2829 957 2873 eorum
971 2811 1009 2871 dc
1021 2809 1091 2890 qui-
1148 2817 1345 2895 requisitione
1358 2817 1548 2877 occultorum
1559 2821 1676 2876 mineat
1695 2820 1726 2876 ct
1738 2817 1923 2897 perscrutari

316 2909 375 2970 bus
398 2908 555 2983 dubitatis,
582 2925 645 2967 non
667 2906 805 2966 tentandi
831 2905 941 2985 gratia,
957 2904 1011 2964 sed
1029 2904 1091 2964 dis·
1146 2908 1251 2988 aliqua
1264 2929 1333 2990 quae
1355 2910 1437 2971 ultra
1455 2910 1537 2970 vires
1551 2909 1727 2986 suntillius,
1744 2918 1919 2990 praesumat.

317 3003 416 3078 cendi,
432 3001 535 3081 quoad
546 3000 618 3062 licet
626 3001 879 3079 interrogationes
894 2997 1090 3078 explicantes
1148 3002 1258 3063 Utilius
1270 3004 1382 3064 etenim
1399 3004 1500 3064 studet
1515 3003 1632 3064 nescire
1651 3022 1720 3083 qum
1738 3006 1922 3084 perscrutari

315 3098 359 3158 ita
372 3097 448 3158 mibi
460 3100 704 3157 mentesvcstras
721 3093 872 3155 instruite.
896 3093 949 3153 Est
966 3091 1092 3171 quidem
1146 3114 1210 3157 uon
1227 3098 1320 3172 valet,
1340 3114 1435 3177 quam
1452 3097 1597 3157 audacter
1618 3096 1745 3158 definire
1766 3117 1836 3178 qum
1864 3118 1922 3160 ne-

316 3190 426 3251 divinae
438 3189 583 3249 doctrinm
595 3187 756 3267 multiplex
770 3188 881 3262 forma,
895 3186 948 3246 sed
963 3185 995 3244 in
1007 3201 1092 3243 com·
1147 3191 1204 3251 scit
1212 3187 1258 3253 ¹.»
1274 3192 1340 3265 Quo
1351 3197 1382 3251 et
1389 3191 1467 3251 illud
1475 3192 1596 3252 Senecae
1601 3191 1775 3273 philosophi
1786 3198 1921 3274 spectat:

317 3283 464 3364 pendium
476 3283 610 3356 redacta,
626 3281 770 3341 bifariam
781 3278 937 3353 tribuitur,
952 3278 985 3338 in
1003 3294 1092 3336 man·
1150 3284 1309 3364 «Egregie
1323 3284 1497 3345 Aristoteles
1516 3285 1559 3345 ait
1578 3303 1738 3364 nimquam
1759 3304 1815 3347 nos
1833 3305 1922 3347 vere-

317 3377 461 3437 datorum
473 3374 667 3455 disciplinam
681 3379 711 3433 et
724 3371 981 3445 observationem,
1001 3375 1093 3448 atque
1147 3378 1308 3438 ouudioror
1319 3395 1384 3438 roso
1398 3379 1521 3454 debore,
1537 3396 1631 3458 quum
1645 3397 1716 3439 rum
1731 3380 1770 3440 do
1783 3379 1841 3440 rffig
1854 3381 1923 3460 agi.

317 3469 350 3529 in
364 3468 501 3529 divinam
515 3468 721 3548 cognitionem
742 3471 773 3527 et
788 3463 1010 3526 adcrstiffltem·
1031 3463 1094 3541 lgi-
1146 3478 1207 3533 tur.
1225 3472 1257 3532 Si
1269 3471 1419 3531 intramus
1435 3472 1551 3551 templa
1571 3472 1741 3552 compositi,
1764 3473 1791 3533 si
1811 3473 1852 3533 ad
1872 3492 1923 3534 sa·

317 3568 369 3623 tur
396 3561 515 3641 pietatis
546 3566 699 3620 amatores
723 3558 940 3619 mandatorum
967 3556 1093 3636 qtridem
1148 3564 1297 3627 rrifioium
1317 3566 1468 3626 occursuri
1486 3565 1608 3627 vultum
1630 3565 1849 3641 submittimus,
1871 3572 1922 3627 ω.

318 3650 1092 3734 observationcmacdisciplinamnullainreigno·
1148 3679 1220 3740 gum
1254 3660 1453 3734 rodomus,
1478 3659 1504 3719 si
1530 3660 1563 3719 in
1587 3678 1678 3719 omno
1704 3666 1923 3738 argumentum

319 3766 388 3808 rare
411 3747 588 3823 studebunt,
611 3767 646 3809 ae
672 3766 735 3827 pras
753 3748 802 3807 bis
822 3746 959 3807 divinam
981 3745 1094 3804 adora·
1148 3754 1305 3815 modestius
1320 3752 1483 3831 fingimur3
1500 3758 1615 3832 quanto
1633 3752 1693 3812 boe
1709 3752 1923 3832 magistorum

318 3841 444 3903 11θῦ6111·
457 3841 546 3914 0110ίί
555 3846 659 3902 sutem
673 3841 713 3901 sd
727 3840 902 3901 divinarum
919 3854 1024 3898 rerum
1035 3855 1092 3897 1¹0·
1149 3847 1308 3922 debemus,
1321 3863 1393 3906 cum
1404 3845 1443 3905 de
1453 3845 1583 3905 deorum
1595 3851 1705 3906 natura
1718 3845 1922 3926 disputamus,

318 3934 419 3994 titiam
441 3940 568 4013 spectat,
596 3933 678 3995 banc
700 3932 747 3993 illi
776 3932 919 4011 quidem,
942 3936 1093 4011 quantum
1148 3958 1187 4000 ne
1210 3940 1440 4019 mddtemere,
1457 3957 1496 3999 ne
1531 3938 1606 4018 quiid
1633 3938 1837 4019 impudenter,
1869 3947 1925 4002 aut

317 4032 471 4107 poterimt
483 4026 632 4107 indagare
643 4026 757 4100 volent3
770 4042 841 4086 cum
855 4031 958 4087 sutem
965 4043 1029 4104 prae
1037 4025 1095 4083 im·
1148 4032 1324 4112 ignorantes
1339 4031 1540 4106 affirmemm,
1567 4037 1620 4092 aut
1642 4032 1770 4093 scientes
1792 4034 1924 4095 mentia·

316 4120 481 4182 becillitate
495 4121 598 4182 minus
622 4125 834 4199 assequentur,
859 4123 1043 4179 venerentur
1060 4124 1095 4178 ut
1148 4144 1220 4186 mur
1232 4123 1265 4187 11
1290 4152 1304 4184 r

351 4348 368 4387 α
381 4334 452 4388 loss.
476 4330 559 4403 Ὑμεῖς
572 4331 610 4408 δὲ]
623 4333 647 4385 Οἱ
656 4338 699 4401 τῆς
711 4331 856 4400 ’Mida‘
868 4330 939 4396 υἱεῖς,
954 4329 977 4382 οἱ
991 4330 1035 4398 τὴν
1048 4331 1092 4398 tt·
1148 4345 1214 4410 crat,
1228 4344 1272 4411 τὴν
1285 4342 1327 4418 μὲν
1341 4350 1390 4398 τῶν
1404 4342 1509 4398 ἐντολῶν
1522 4344 1640 4415 φυλακὴν,
1654 4345 1694 4398 καὶ
1706 4346 1806 4417 μάθησιν
1819 4347 1872 4400 κατ’
1885 4346 1928 4399 or-

313 4436 381 4486 mort
402 4414 503 4478 diffisis
522 4415 678 4487 tl0t0tt²⁵⁹0lr
702 4417 742 4469 καὶ
761 4421 810 4470 ῖῶν
835 4414 1036 4487 ἶπαπθρῡυμένων
1051 4415 1093 4477 rb<
1149 4427 1188 4481 etv
1204 4428 1300 4501 ἀγνοεῖν
1320 4430 1484 4501 πειράσονται,
1509 4429 1549 4481 καὶ
1569 4428 1617 4500 πρὸ
1636 4429 1728 4482 τούτων
1750 4447 1778 4501 γε
1795 4427 1839 4496 τὴν
1862 4428 1929 4482 θείαν

313 4500 418 4566 asoti,
430 4499 458 4553 05
467 4500 630 4572 tttittfflssts
643 4499 700 4552 ἀλλ’
712 4498 734 4552 εἶ
745 4500 844 4553 δυνατὸν
857 4498 992 4570 Μθάνῑῑνν
1001 4498 1092 4569 ’itm'
1149 4512 1319 4585 προσκύνησιν
1334 4512 1378 4581 τὴν
1401 4532 1429 4584 γε
1450 4513 1497 4585 μὴν
1511 4518 1560 4567 τῶν
1574 4513 1644 4566 θείων
1664 4519 1754 4585 γνῶσιν
1767 4514 1929 4582 Θουλήσονται

313 4604 415 4659 imis
434 4581 483 4638 ὧδε
500 4605 541 4657 t⁸⁰t
559 4584 602 4638 τὸν
625 4588 680 4638 ”05⁹
705 4583 868 4657 ‘tltffltm‘
890 4581 1035 4654 πολυσλῑδὲς
1051 4579 1093 4654 μὲν
1150 4597 1193 4672 μὶν
1214 4598 1315 4672 ἰχνεύειν
1336 4598 1369 4662 εἰς
1381 4600 1491 4672 δύναμιν,
1504 4599 1644 4662 ἀτονοῦντες
1666 4599 1703 4667 δὲ,
1718 4601 1928 4672 προπυνεὶτυηαν

315 4675 358 4738 τῆς
371 4669 436 4731 aar
448 4668 603 4730 δαδααααλῑας
616 4667 645 4722 a
657 4672 751 4743 uias,
767 4671 914 4741 ανναιραῖαα
927 4665 963 4734 δὲ,
976 4666 1009 4729 ὡς
1021 4665 1094 4721 tvae·
1149 4683 1183 4746 ar
1196 4683 1332 4754 arroso,
1345 4684 1386 4737 ro
1401 4684 1433 4756 rt
1446 4689 1556 4739 moro
1569 4684 1599 4740 1
1612 4689 1655 4752 τῆς
1667 4685 1846 4758 armosos.
1857 4687 1927 4743 rue

317 4753 424 4826 φαλαίῳ,
440 4751 473 4815 εἰς
485 4771 512 4807 τι
526 4752 627 4825 μάθησιν
649 4750 766 4819 ἐντολῶν,
777 4753 817 4809 καὶ
835 4751 952 4823 potueris,
967 4749 1000 4813 εἰς
1011 4769 1038 4804 τε
1050 4748 1094 4818 τὴν
1149 4768 1235 4837 ψῃ.
1246 4767 1313 4825 dial·
1326 4767 1358 4825 de
1370 4770 1478 4825 meam

315 4838 381 4892 θείαν
394 4841 495 4911 γνῶσιν,
509 4838 548 4889 καὶ
558 4835 727 4909 προσκύνησιν·
739 4836 849 4892 οἱτοὲνυν
859 4834 1026 4906 τῆςεῦσεὸείας
1039 4832 1095 4906 ἔρα·

344 5015 356 5040 ⁴
370 5014 489 5079 Ejusmodi
505 5014 596 5066 libellus
612 5013 636 5065 in
651 5012 788 5065 aditionibus
811 5014 911 5067 llaurioa
933 5016 1094 5069 vetustioribus
1150 5023 1251 5082 scriptis
1264 5026 1290 5073 et
1312 5021 1433 5085 doctriua,
1444 5025 1504 5086 part.
1519 5023 1540 5086 l,
1557 5025 1618 5074 sact.
1636 5025 1661 5088 3,
1685 5037 1740 5089 cap.
1758 5026 1802 5087 u),
1822 5024 1863 5088 oui
1875 5038 1928 5075 rem

318 5092 466 5145 inscribitur:
490 5093 603 5150 Ἔκθεσις
620 5095 723 5150 πίστεως
737 5094 793 5156 περὶ
810 5099 851 5151 τῆς
870 5094 941 5157 ὀρθῆς
957 5100 1095 5161 ὁμολογίας,
1151 5104 1227 5152 tanen
1241 5100 1264 5151 in
1278 5101 1355 5152 madio
1368 5101 1472 5166 reliquit.
1494 5101 1565 5153 Nobis
1584 5103 1639 5153 setis
1664 5104 1707 5157 crit
1727 5103 1842 5156 nonntsse
1858 5103 1927 5157 libat·

318 5173 372 5231 ttso
395 5174 449 5235 μερὶ
463 5178 505 5228 τῆς
521 5173 590 5234 ἁγίας
617 5174 659 5223 καὶ
684 5176 816 5234 ὁμοουσίου
831 5175 938 5240 rotator,
954 5177 978 5226 iu
994 5178 1095 5230 blamim
1149 5181 1197 5231 lum
1211 5195 1257 5232 ooo
1283 5181 1426 5248 displicuisse
1452 5182 1547 5234 Leontio
1573 5183 1710 5249 byzantino,
1727 5188 1752 5235 ut
1775 5199 1802 5237 er
1822 5185 1927 5250 ejusdem

319 5253 451 5302 1111111111
467 5251 637 5303 rsterttttultm
653 5266 660 5299 2
679 5252 842 5317 Ἔκθισαςτῆς
861 5257 932 5318 ὀρθῆς
954 5257 1092 5323 ὁμολογίας.
1151 5264 1239 5311 constat
1252 5256 1385 5325 fragmentis
1401 5262 1461 5327 apud
1476 5262 1597 5313 1111111111
1615 5262 1730 5314 canisium
1745 5266 1840 5328 (tatto.
1860 5267 1923 5317 tect.

322 5332 355 5382 lte
369 5344 477 5395 germano
506 5331 610 5396 ejusdcm
637 5335 731 5383 1111111
753 5334 807 5397 post
829 5333 886 5385 alios
909 5337 1095 5389 omuesnbarius
1150 5342 1171 5389 t.
1202 5340 1241 5405 lv,
1255 5354 1311 5406 pag.
1329 5343 1370 5403 23)
1400 5345 1424 5393 at
1449 5344 1561 5407 loretum
1584 5344 1627 5395 ltai
1650 5343 1753 5407 (sutri.
1779 5350 1827 5397 cet.
1847 5348 1868 5395 t.
1887 5344 1927 5409 u,

322 5410 430 5463 disseruit
442 5410 578 5463 Theodorus
591 5411 645 5462 Otto
660 5413 805 5476 (commeat.
825 5416 1096 5485 dessusttntjmcrtaris
1149 5431 1206 5483 pag.
1225 5419 1594 5483 ”dimittit-titulat).
1613 5423 1642 5473 ll.
1661 5423 1692 5472 ll.

352 5557 362 5601 t
376 5554 446 5609 Grsg.
468 5554 509 5601 llb.
526 5554 593 5604 XIV.
612 5555 689 5608 Horat,
704 5568 726 5602 c.
741 5566 785 5612 111.
807 5580 833 5592 -
851 5558 1089 5617 281111.1111,ἮΙῙ,,
1105 5567 1186 5614 Notus.
1201 5570 1277 5621 pacat,
1297 5577 1318 5612 r,
1333 5576 1392 5613 xxx.
