4008 6170
285 384 342 447 {20
793 387 1120 450 THEOLOGIGORUM
1142 386 1373 449 BQGMATUM.

284 532 368 596 tione
389 537 555 617 disputant.
571 537 709 611 Quorum
727 539 791 614 illc,
807 558 878 619 quae
898 541 944 601 vis
958 541 997 601 sit
1016 540 1061 600 in-
1114 544 1229 599 tantur.
1245 539 1294 599 Sic
1307 540 1340 599 in
1355 540 1418 599 Deo
1435 539 1550 621 locum,
1564 540 1674 620 inquit,
1689 539 1884 617 habentqusc
1938 600 1942 623 γ

285 626 460 707 telligantiae
480 649 516 691 ac
537 631 670 692 notionis
693 650 757 711 qua
778 651 846 693 rem
865 634 1007 695 eamdem
1027 635 1061 696 in
1113 630 1176 691 κατ’
1199 632 1312 692 ἐπίνοιαν
1330 638 1528 713 usurpantur,
1548 640 1584 694 ut
1601 635 1635 694 in
1651 636 1739 694 Patre
1764 631 1794 692 τὸ
1813 628 1885 711 ἀγίν-
1927 646 1970 711 c„

286 721 378 799 plura
391 723 553 802 cogitando
570 724 768 801 dividimus1,
785 728 902 789 erudita
916 728 1058 808 explieat,
1113 747 1190 798 νητον
1216 724 1249 785 id
1272 730 1317 785 ast
1337 725 1558 787 innascibilem
1579 726 1610 786 τό
1631 726 1759 808 όρόοιρτον
1786 725 1884 784 incoc—
1934 707 1960 743 '¹⁰¹

287 832 359 875 cum
380 816 507 894 quidem
526 818 695 880 Eunomius
709 838 747 880 aa
764 838 834 900 quaa
852 818 918 880 κατ’
934 820 1056 897 ἐπίνοιαν,
1113 817 1259 898 reptibile
1278 837 1314 879 aa
1333 819 1552 899 recapiternam,
1571 839 1641 900 quae
1663 819 1835 879 cumidem
1855 836 1886 877 re

285 904 344 968 hoc
364 915 410 969 est
422 910 584 989 cognitione
603 917 633 972 et
655 911 871 991 intelligentia,
890 913 940 975 vel
959 914 1061 994 reipsa
1114 912 1312 991 subjectoque
1334 912 1405 988 sint,
1429 913 1554 973 notionc
1576 920 1647 974 sunt
1664 913 1795 974 diversa.
1817 912 1887 972 Hac

286 1002 450 1081 conjuncta
470 1005 667 1080 secernimus,
683 1005 733 1066 vel
745 1006 842 1067 divisa
866 1007 1057 1087 copulamus,
1115 1005 1254 1065 Basilius.

285 1095 350 1155 solo
365 1101 502 1156 constare
519 1097 686 1158 verborum
700 1117 776 1158 sono
790 1099 914 1160 dixisset
927 1116 999 1159 cum
1011 1117 1060 1159 eo
1155 1098 1205 1160 lV.
1223 1097 1281 1170 Qui
1295 1099 1328 1158 in
1341 1098 1475 1159 sccimdo
1494 1099 1574 1159 limo
1588 1100 1733 1161 Eunomii
1746 1100 1889 1178 sophisti-

286 1207 347 1268 que
367 1189 492 1249 dissolvi
508 1195 538 1250 ct
556 1209 748 1265 evanescere,
764 1209 864 1270 neque
888 1193 1059 1270 quidquam
1113 1207 1185 1249 cum
1206 1208 1337 1250 acumen
1354 1190 1490 1251 retundit
1503 1193 1666 1253 asserentis
1678 1191 1757 1252 nihil
1777 1192 1810 1250 iu
1825 1191 1887 1250 Deo

286 1282 346 1342 illis
365 1284 399 1343 in
411 1283 523 1363 reipsa
540 1284 724 1363 respondere
738 1283 872 1344 solidum
886 1302 922 1344 aa
937 1303 1057 1345 verum.
1112 1282 1285 1360 significare
1310 1283 1466 1344 diversum
1483 1286 1612 1345 nomina
1632 1284 1688 1345 illa
1709 1284 1797 1344 varia
1820 1300 1887 1362 pro

288 1373 342 1434 Cui
351 1375 483 1436 Basilius
496 1377 640 1452 occurrit,
653 1377 775 1457 taleque
783 1384 1059 1438 commentumnon
1112 1375 1316 1454 prietatcsquc
1328 1376 1475 1452 diversas,
1494 1378 1590 1438 veluti
1603 1378 1709 1438 lumen
1724 1382 1755 1438 et
1772 1375 1889 1455 iugeni-

286 1468 400 1528 ἐπίνοιαν
420 1488 486 1529 csse
511 1469 594 1545 dicit,
615 1470 668 1530 sed
688 1470 841 1553 παράνοιαν.
858 1472 964 1550 Neque
985 1490 1058 1532 vero
1111 1472 1190 1543 tum,
1205 1486 1245 1528 ne
1259 1468 1285 1528 si
1304 1466 1389 1528 aliud
1413 1470 1574 1549 quippiam
1596 1476 1706 1550 praetcr
1725 1469 1887 1530 annuam

143 1558 254 1645 ”mg
286 1561 430 1623 subtilem
458 1562 550 1621 istam
575 1563 785 1643 intelligentia
815 1564 879 1624 vim
903 1584 966 1644 qua
991 1584 1059 1645 par·
1112 1559 1294 1639 significent,
1311 1562 1497 1640 compositus
1519 1581 1558 1623 er
1578 1562 1639 1623 illis
1653 1561 1888 1643 proprietatibus

283 1654 543 1715 tiridatimvaluti
555 1656 758 1717 conciduntur
777 1675 815 1718 ea
834 1676 904 1736 quaa
915 1658 1059 1719 videntiu
1112 1653 1302 1713 existimetur
1323 1654 1438 1714 neusa
1457 1656 1630 1734 Respondet
1652 1674 1725 1716 vero
1746 1654 1886 1730 Basilius,

284 1748 472 1824 uniusmodi,
486 1767 608 1809 merum
623 1748 807 1828 figmeatum
820 1769 938 1829 parcre,
954 1752 1058 1831 cujus·
1112 1747 1274 1808 assentiam
1287 1748 1389 1827 ipsam
1402 1748 1457 1808 Dei
1469 1766 1566 1808 unam
1578 1755 1609 1808 et
1618 1749 1811 1810 individuam
1825 1766 1888 1808 esse

285 1842 369 1901 modi
383 1848 454 1902 sunt
467 1842 605 1903 centauri
623 1842 672 1902 vel
686 1843 869 1923 tragelaphi,
886 1845 939 1904 scd
953 1864 1058 1906 rerum
1112 1858 1148 1900 ac
1162 1840 1390 1920 compositionis
1404 1847 1572 1920 expertam.
1584 1842 1619 1902 ln
1633 1860 1670 1903 ea
1682 1860 1755 1904 vcro
1772 1864 1788 1899 ιι
1800 1849 1887 1901 notas

283 1936 422 2014 ipsarum
435 1935 552 1995 naturis
571 1953 635 1995 csse
649 1943 889 1997 consentaneum
900 1941 924 1997 ⁰.
942 1960 955 1993 ι
970 1939 1059 1998 Vide-
1112 1933 1262 2012 quasdam
1279 1934 1541 2013 proprietatesque
1556 1936 1686 2015 spectari
1700 1934 1814 2014 quibus
1826 1934 1889 1994 dis·

284 2046 365 2104 mus,
387 2028 499 2107 iuquit,
523 2029 556 2088 in
580 2047 637 2088 usu
660 2030 819 2089 communi
850 2049 919 2109 quaa
950 2032 1058 2093 subitis
1112 2033 1277 2088 cernuntur
1299 2028 1433 2088 invicem
1453 2023 1625 2108 personat.
1647 2050 1663 2085 ιι
1686 2029 1765 2088 Item
1788 2045 1888 2107 spro-

284 2122 394 2182 mentis
417 2121 672 2201 applicationibus
695 2122 846 2201 simplicia
866 2124 1008 2185 videntur
1029 2132 1058 2186 et
1111 2120 1265 2199 prietates,
1280 2121 1393 2200 inquit,
1410 2127 1440 2182 at
1452 2127 1533 2181 notae
1547 2140 1602 2182 seu
1616 2122 1808 2182 characteres
1820 2121 1887 2199 qui·

283 2214 462 2293 singularia,
486 2215 533 2274 sin
555 2220 660 2275 autem
686 2215 828 2276 subtilius
849 2216 1055 2296 inquirantur,
1112 2213 1185 2274 dam
1198 2232 1234 2274 ac
1247 2214 1354 2275 forma
1368 2233 1437 2293 quae
1457 2215 1490 2273 in
1505 2214 1676 2275 substantia
1689 2214 1887 2275 consideran-

281 2308 369 2367 varia
388 2314 536 2386 apparent
554 2313 585 2368 et
597 2307 790 2386 multiplicia,
812 2328 849 2369 aa
870 2328 941 2370 cum
955 2317 1058 2371 menta
1111 2312 1172 2383 tur,
1188 2308 1329 2369 dividunt
1350 2309 1477 2388 quidem
1499 2309 1530 2369 id
1552 2308 1636 2387 quod
1658 2314 1704 2368 est
1723 2325 1887 2368 commuue

282 2400 459 2460 ditidaatur
472 2400 538 2460 sola
549 2401 752 2479 intelligentia
765 2402 948 2481 separabiha
960 2405 1059 2464 nomi·
1110 2401 1242 2480 propriis
1266 2402 1358 2477 notis,
1380 2407 1412 2461 at
1434 2401 1686 2461 communionem
1709 2400 1886 2460 substantia

282 2492 573 2553 na1·i⁶.»oeclarat
595 2494 654 2554 hoc
672 2494 822 2554 naturalis
839 2496 980 2575 exemplo
994 2516 1059 2557 οοιν
1110 2512 1173 2553 uon
1202 2494 1488 2574 interrumpimt‘.a
1515 2494 1574 2555 Ubi
1596 2495 1797 2574 pmprietates
1817 2494 1887 2554 illas

284 2585 377 2662 poris,
387 2584 470 2664 quod
482 2603 554 2645 cum
563 2586 664 2665 prima
674 2588 777 2647 statim
792 2589 975 2666 cogitatione
986 2591 1059 2650 sim·
1111 2585 1331 2669 ἐπιθιωροορίνας
1361 2592 1394 2668 τῇ
1426 2587 1502 2669 οὐσία
1528 2593 1635 2664 vocat,
1663 2606 1732 2667 quaa
1764 2590 1796 2647 ia
1825 2587 1889 2648 sub

283 2676 592 2756 plcxessavideatm·,
607 2684 827 2757 posteatamen
840 2681 873 2741 id
887 2683 965 2743 ratio
978 2684 1058 2744 mul-
1109 2680 1222 2739 stantia
1242 2687 1271 2740 et
1296 2679 1376 2739 cirea
1396 2698 1458 2740 euin
1480 2678 1714 2761 considerantur,
1737 2687 1887 2760 tanqiiam

284 2769 379 2848 tiplex
392 2770 592 2849 deprehendit
606 2777 636 2831 ct
656 2773 791 2847 varium,
806 2779 897 2852 atque
911 2775 945 2835 in
958 2793 995 2834 eo
1009 2794 1057 2836 οο-
1111 2772 1177 2831 sola
1195 2772 1437 2833 consideratione
1457 2777 1561 2833 nostra
1580 2773 1819 2852 distinguantur,
1835 2774 1886 2833 sed

283 2863 392 2938 larem,
406 2862 551 2943 figuram,
567 2863 752 2926 soliditatem
765 2865 886 2945 aliaque
900 2867 1054 2929 discernit.
1111 2866 1339 2944 distinguantur
1361 2871 1475 2926 tamen.
1495 2864 1595 2937 Quare
1614 2883 1706 2925 usum
1718 2867 1888 2945 proprieta-

282 2955 375 3016 Addit
393 2973 507 3035 genera
526 2974 591 3016 csse
605 2957 667 3017 duo
686 2957 799 3018 talium
818 2962 948 3020 ἐπινοιῶν.
976 2962 1056 3023 Nam
1111 2964 1178 3018 tum
1191 2959 1320 3018 istarum
1335 2964 1365 3018 ct
1385 2957 1521 3018 officium
1544 2959 1716 3019 accuratius
1733 2977 1888 3039 exponens

281 3047 357 3108 alias
371 3066 458 3108 mera
474 3067 539 3110 esse
562 3057 737 3111 commenta
750 3056 780 3111 ct
798 3052 989 3120 ανυποστοίτοσς
1007 3053 1057 3114 vel
1110 3051 1227 3111 ibidem
1241 3052 1302 3111 ait:
1321 3074 1334 3107 «
1351 3049 1423 3112 Illas
1436 3051 1521 3111 velut
1530 3051 1638 3111 lumen
1652 3052 1811 3130 quoddam
1824 3051 1887 3112 ani-

284 3139 458 3223 ἀνόπαρκτοις
468 3142 622 3224 φαντασίας,
637 3162 727 3204 vonas
737 3144 973 3222 imaginationes,
988 3147 1056 3227 qui·
1110 3144 1169 3204 mis
1182 3144 1294 3204 nostris
1315 3143 1460 3218 inserere,
1477 3150 1507 3204 et
1527 3145 1651 3205 adeam
1669 3163 1765 3223 quam
1779 3163 1887 3224 capam

283 3231 334 3292 bas
362 3233 446 3293 nulla
469 3234 565 3295 subest
595 3236 716 3311 neritus,
746 3235 822 3295 alias
849 3255 922 3298 varo
943 3238 1055 3299 solidas
1109 3243 1238 3317 possunt
1251 3237 1488 3317 intelligentiam
1501 3243 1620 3298 mentes
1640 3243 1760 3298 nostras
1772 3238 1887 3317 perdu-

283 3330 314 3384 et
333 3331 430 3385 certas
444 3326 567 3404 quando
586 3350 601 3384 ιι
615 3332 684 3406 post
698 3327 836 3406 primum
850 3329 950 3407 quiab
964 3332 1055 3391 sensi-
1109 3349 1188 3392 cera.
1208 3353 1223 3388 υ
1242 3331 1286 3391 Αο
1311 3349 1384 3391 mox
1404 3330 1511 3391 tribuit
1532 3331 1594 3391 illis
1613 3335 1666 3391 τῶν
1686 3330 1887 3411 σημαινομένων

281 3416 340 3477 bus
366 3418 557 3498 imprimitur
570 3421 681 3480 mentis
695 3425 890 3500 conceptum,
914 3423 1055 3486 subtilior
1107 3423 1139 3484 τὸ
1157 3423 1289 3507 διάφορον,
1305 3427 1453 3484 stationum
1470 3442 1504 3484 ac
1521 3423 1784 3505 significationum
1802 3422 1889 3503 diffe-

281 3517 315 3571 et
336 3512 507 3573 accuratior
519 3513 564 3573 rei
577 3512 741 3574 intellectas
755 3515 898 3592 cogitatio
912 3534 1054 3595 superva-
1108 3508 1266 3578 rentiams.
1285 3540 1299 3575 ιι
1313 3517 1379 3578 Nisi
1392 3516 1474 3577 enim
1490 3516 1608 3595 aliquid
1629 3524 1708 3578 assat
1720 3517 1805 3597 quod
1818 3516 1889 3577 sub

280 3605 357 3679 nite,
380 3626 395 3661 ιν
428 3624 498 3684 quea
529 3604 700 3686 ἐπενθόμησις
734 3612 764 3666 ct
797 3606 897 3690 ἐπίνοιρί
927 3616 1054 3673 vocabu
1108 3611 1253 3670 stantiam
1278 3610 1405 3689 propria
1434 3609 1571 3688 quadam
1602 3616 1676 3670 uota
1700 3611 1885 3690 designarat,

291 3708 320 3758 et
335 3697 375 3758 ab
390 3697 458 3758 aliis
470 3698 649 3779 ἐπιλογισμός.
665 3699 935 3773 Quemadmodum
955 3703 1054 3764 Chris
1106 3701 1195 3762 nulla
1207 3703 1325 3763 ratione
1338 3703 1511 3781 perveniret
1519 3703 1559 3762 ad
1568 3702 1804 3783 intelligentiam
1813 3722 1886 3764 nos·
1994 3738 1995 3787 ι

277 3795 327 3851 tus
340 3791 406 3870 ipse
420 3808 491 3852 cum
499 3793 733 3873 uuusidcmque
746 3793 795 3869 sit,
809 3794 1054 3876 variisinSorip
1106 3801 1199 3855 tram.
1215 3796 1296 3855 Nam
1316 3812 1388 3855 cum
1402 3813 1466 3855 una
1486 3795 1525 3854 sit
1538 3795 1646 3871 deitas,
1662 3794 1730 3856 fieri
1751 3815 1815 3857 non
1835 3815 1889 3876 po-
1994 3846 1995 3863 ι

277 3889 349 3943 tura
389 3885 567 3946 nominibus
603 3885 784 3961 illustratur,
819 3887 1052 3968 appellaturque
1107 3893 1165 3949 test
1177 3895 1212 3949 ut
1224 3890 1321 3949 Patris
1334 3887 1385 3966 vel
1404 3888 1474 3949 Filii
1490 3890 1650 3969 propriam
1663 3891 1823 3971 capiamini
1835 3910 1889 3951 no-
1994 3894 1995 3935 t

277 3977 358 4058 vitis,
380 3978 442 4054 via,
462 3977 569 4056 janua,
585 3985 690 4059 pastor
709 3986 739 4041 at
753 3986 873 4056 catera,
893 3988 986 4060 prout
1004 3983 1053 4043 di·
1106 3983 1301 4058 tionem,nisi
1310 3982 1533 4062 proprietatum
1542 3984 1697 4046 additione
1704 3985 1888 4046 informetur
1994 3970 1995 4055 i

280 4089 376 4131 tersae
388 4071 471 4133 illius
479 4073 649 4134 functiones
658 4074 961 4154 opportunitatesque
970 4094 1053 4156 speo-
1107 4078 1138 4134 et
1146 4075 1420 4153 quasimticuletur
1430 4076 1574 4154 cogitatio
1587 4084 1723 4139 nostrat.
1734 4099 1749 4136 ιν
1767 4079 1885 4152 Quibus
1994 4058 1995 4141 ί

313 4289 452 4345 aEUttou·
465 4289 540 4364 apud
556 4290 703 4347 busitlib.
723 4290 745 4345 l.
760 4290 796 4342 Τὰ
811 4292 858 4363 γάρ
881 4311 919 4345 τοι
932 4294 985 4345 κατ’
1000 4291 1053 4346 ἐπί·
1142 4304 1156 4343 θ
1177 4288 1249 4344 ibid.
1264 4286 1293 4341 Αί
1313 4290 1360 4361 γάρ
1386 4309 1425 4343 τοι
1443 4289 1563 4358 ίδίοτιγτίς
1580 4290 1731 4362 χαρουιτῆρές
1750 4310 1824 4357 τινες,
1845 4293 1886 4344 καὶ
1994 4360 1995 4363 ¹

276 4391 343 4426 νοιαν
363 4373 485 4445 λεγόμενα
504 4372 529 4426 ἐν
548 4373 652 4445 ὀνόμασι
670 4375 755 4446 μόνον,
770 4375 811 4426 καί
825 4379 937 4447 προφορᾷ
948 4376 977 4429 ab
991 4370 1052 4430 εἶναι
1108 4373 1199 4446 μορφαὶ
1213 4371 1413 4445 ἐπιθεωροῦμεναι
1426 4378 1456 4445 τῇ
1470 4372 1550 4443 οὗαίᾳ,
1564 4375 1684 4446 διαιροῦσι
1697 4373 1740 4446 μέν
1755 4375 1785 4429 ab
1801 4376 1883 4429 acaria

280 4454 370 4528 ἔχοντα
383 4459 436 4519 ταῖς
449 4459 540 4527 φωναῖς
553 4457 732 4511 αυνδιοιλίεσθαι
744 4457 854 4528 πέφυκεν.
1107 4460 1160 4519 τοῖς
1178 4456 1295 4519 ίδιάζουσι
1309 4462 1470 4530 χαρακτῆρσι·
1487 4456 1515 4510 τὸ
1531 4455 1557 4510 δέ
1569 4456 1674 4530 ὁμοφυές
1685 4462 1728 4526 τῆς
1751 4458 1835 4522 οὖσίας
1854 4458 1882 4513 αὖ

315 4540 330 4594 ὁ
352 4542 439 4597 Basra.
453 4540 522 4596 ibid.
547 4540 658 4613 Ὁρῶμεν
678 4541 759 4594 τοίνυν
779 4543 818 4596 ὅτι
833 4541 858 4596 ἐν
872 4542 916 4615 μὲν
933 4549 965 4618 τῇ
983 4552 1052 4620 κοινῇ
1107 4542 1272 4595 bausiatorem.

279 4625 367 4696 χρήσει
378 4624 408 4677 τὰ
427 4627 480 4686 ταῖς
494 4625 591 4696 ἀθρόαις
604 4623 728 4686 ἐπιδολαῗς
745 4630 787 4679 τοῦ
800 4630 842 4679 νοῦ
856 4627 923 4681 ἁπλᾶ
933 4630 1053 4684 δοποῦντα
1141 4627 1160 4694 f
1169 4625 1241 4681 ibid.
1255 4626 1291 4698 Τῇ
1314 4623 1422 4697 ἐνεργείᾳ
1439 4624 1465 4678 δέ
1478 4632 1528 4680 τῶν
1541 4628 1717 4699 γνωρισμάτων
1732 4622 1787 4681 οἶόν
1799 4648 1823 4682 τι
1835 4632 1886 4699 φῶς

280 4702 343 4760 εἶναι
357 4709 397 4761 καὶ
410 4709 517 4781 μοναχὰ,
534 4712 587 4771 ταῖς
605 4707 631 4761 δὲ
648 4709 709 4763 κατὰ
719 4709 809 4764 λεπτὸν
823 4709 942 4774 ἐξετάσεσι
953 4715 1053 4768 ποικίλα
1107 4713 1160 4771 ταῖς
1178 4710 1267 4781 ψυχαῖς
1278 4710 1348 4781 ἡμῶν
1367 4707 1487 4765 ἐντιθένπα
1500 4710 1560 4783 πρὸς
1581 4710 1625 4779 τὴν
1644 4709 1742 4782 ἐφιιιτὴν
1757 4714 1812 4774 ταῖς
1833 4712 1885 4764 δια·

280 4794 425 4865 φαινόμενα,
437 4793 476 4846 καί
495 4792 587 4858 πολλὰ,
599 4797 721 4865 ταῦτατῷ
734 4799 771 4866 νῷ
782 4795 946 4869 διαιρούμενα,
960 4796 1053 4872 ἐπινοίᾳ
1108 4794 1185 4856 toltit
1197 4794 1292 4847 σύνεσίν
1308 4793 1404 4864 ὁδηγεῖ·

279 4879 339 4951 μόνῃ
352 4877 460 4950 διαιρετὰ
471 4877 579 4949 λέγεται.
1142 4876 1247 4947 gibid.
1260 4875 1289 4930 Et
1315 4876 1362 4949 γὰρ
1377 4874 1452 4947 μηδὲν
1481 4875 1520 4945 εἴη
1542 4877 1571 4931 τί)
1592 4878 1636 4946 τὴν
1658 4879 1743 4932 adaias
1765 4900 1889 4953 χαρσατο·

314 4949 411 5004 01bid·
425 4948 503 5002 Ὥσῒῑ
523 4948 584 5021 μετὰ
598 4948 627 5002 τὸ
640 4949 810 5022 aposovqptv
824 4948 904 5020 ἕκῒῆς
920 4952 1052 5022 αἰσθήσεως
1109 4961 1186 5033 ρίζον,
1200 4959 1279 5013 οὐδενί
1301 4962 1329 5014 ἂν
1349 4962 1434 5032 τρόπῳ
1462 4961 1521 5033 πρὸς
1543 4961 1587 5029 τὴν
1613 4961 1707 5016 αὑνεοιν
1730 4963 1804 5035 ἡμῶν
1824 4967 1888 5017 titz-

282 5030 438 5105 ἐγγινόμενον
448 5035 539 5103 νόημα,
551 5033 595 5101 τὴν
609 5033 767 5105 λεπτοτέραν,
781 5035 821 5087 καὶ
830 5035 999 5111 ἀκριὸεστέραν
1010 5048 1053 5093 τοῦ
1106 5047 1185 5097 vairo-
1201 5046 1256 5115 μιᾶς
1275 5044 1322 5116 γὰρ
1336 5042 1409 5113 cinq<
1425 5045 1551 5113 θεότητος,
1571 5044 1700 5117 ἀμήχανον
1719 5046 1816 5101 ἔννοιαν
1831 5048 1891 5101 ἰδιό-

280 5116 408 5183 νοηθέντος
417 5116 573 5190 {serapion
587 5117 694 5171 ἐπίνοιαν
701 5117 869 5191 ὀνομάζεσθαι.
1107 5130 1194 5189 ζουσαν
1206 5127 1299 5199 πατρὸς
1311 5127 1431 5199 tatem
1445 5126 1510 5198 οίοῡ,
1525 5129 1557 5199 μὴ
1571 5134 1659 5203 ipsos
1673 5129 1815 5202 ἰδιωμάτων
1827 5151 1890 5204 προ-

315 5200 425 5256 dlbid·
450 5203 610 5275 Γνωρῑστῑκάς
632 5222 697 5265 τίνας
711 5201 832 5285 ἶῧῑρτητας
850 5205 1053 5280 ἐπιθεωρουμένας
1107 5211 1182 5282 oddag
1194 5215 1238 5277 τῆς
1253 5211 1367 5274 διανοίας
1379 5211 1577 5284 διαρθρουμένης.

280 5289 312 5358 τῇ
326 5284 405 5338 odaia.

323 5470 331 5513 1
345 5466 392 5509 Lib.
408 5465 469 5507 xt'u
479 5472 501 5508 et
514 5466 553 5508 lib.
562 5466 586 5513 ll.
595 5479 616 5520 p,
626 5465 655 5510 70
665 5477 686 5509 et
694 5467 727 5514 lt,
736 5491 761 5501 -
772 5471 786 5514 ἓ
797 5470 862 5523 Apud
873 5470 988 5516 Basibltb,
998 5470 1022 5517 ll,
1031 5483 1054 5525 p.
1063 5468 1102 5520 66.
