3942 6168
312 366 369 425 leti
813 366 1138 432 THEOLOGIGORUM
1166 370 1395 432 DOGMATUM.

310 547 422 609 eosque
442 528 503 590 alio
523 531 650 591 nomine
669 529 728 592 diei
747 529 1081 614 Anthropomerpbitas
1128 535 1291 615 eaetedque
1310 535 1512 611 confirmant,
1533 541 1624 597 uteo
1642 535 1881 614 nominejurenb

310 624 368 683 ait:
389 645 404 679 ι
418 623 571 696 Quomsm
586 625 684 685 Deum
698 623 755 684 sibi
768 623 892 703 fingunt
904 626 1079 704 cognitione
1128 627 1229 689 Audio
1241 628 1295 688 illo
1305 628 1355 688 vel
1366 627 1483 689 Audeo
1494 629 1548 707 qui
1560 627 1603 689 sie
1613 629 1826 708 interpretatus
1835 636 1881 705 est,

310 715 424 776 carnali
443 715 477 775 in
504 715 738 777 similitudinem
763 717 908 796 imaginis
927 721 1078 799 corrupti·
1128 725 1202 781 nate
1212 719 1503 781 memismdicatur.
1517 720 1707 799 theromvis
1718 719 1880 800 lbeopln'li,

309 806 379 869 bilis
391 807 541 884 hominis,
564 808 648 887 quod
669 809 830 870 rusticitati
849 828 960 871 eorum
972 811 1081 872 tribuit
1128 811 1323 892 aliorumque
1342 812 1397 891 qui
1417 817 1493 872 tunc
1510 812 1682 873 eruditione
1704 811 1881 887 obruerunt,

245 944 247 947 -
309 899 498 979 Epiphanius
505 900 879 979 percenseisnedieantur
892 901 1076 963 heretice.»
1128 920 1222 982 opera
1231 909 1263 964 et
1272 902 1391 982 seriptis
1402 902 1762 983 baeresisillaprossigata
1771 903 1818 979 sit,
1828 922 1883 964 non

308 992 426 1053 Verum
439 1010 599 1071 nmqrmm
607 993 797 1073 Epiphanius
809 992 869 1054 hoc
882 993 921 1055 de
933 993 994 1054 illis
1007 1013 1079 1074 pro-
1128 995 1171 1054 sie
1187 1000 1295 1056 tamen
1305 1000 1353 1057 est
1370 994 1483 1056 obtrita
1500 1000 1537 1056 ut
1560 1014 1625 1056 uon
1640 995 1884 1074 superstitiosius

309 1084 399 1159 didit,
427 1085 526 1146 Deum
546 1091 768 1166 ἀνθρωπόμορφον,
790 1085 850 1146 hoc
872 1089 918 1147 est
934 1085 1081 1148 humanis
1127 1087 1266 1166 reliquias
1283 1087 1323 1148 ad
1344 1088 1514 1167 posteriora
1524 1091 1666 1167 tempora
1677 1088 1882 1168 persuaserint.

309 1176 474 1256 preditum
491 1176 641 1239 membris
662 1182 694 1237 et
714 1195 898 1256 corporeum
911 1177 950 1239 ab
963 1177 1001 1239 iis
1014 1197 1078 1241 esse
1130 1179 1250 1240 Etenim
1261 1180 1409 1241 Faustum
1421 1179 1666 1259 Regiensemqui
1674 1179 1884 1259 quintomeulo

309 1268 471 1329 creditum.
495 1269 556 1330 Sed
577 1287 615 1329 en
635 1269 762 1330 illorum
777 1270 816 1330 de
829 1269 965 1348 imagine
977 1270 1032 1331 Dei
1045 1271 1079 1331 in
1128 1271 1296 1334 inclinante
1314 1272 1436 1347 floruit,
1456 1277 1489 1333 et
1512 1272 1693 1333 Ratherim
1711 1271 1885 1333 monachum

308 1358 435 1421 bomine
445 1361 598 1423 metenda
609 1379 800 1440 consequens
810 1362 842 1422 id
854 1362 1079 1441 putavitTheo·
1129 1364 1406 1443 quidecimovixit,
1419 1365 1567 1426 adversus
1577 1364 1885 1444 anthropomorphitas

308 1450 436 1512 doretus
454 1459 489 1512 ut
506 1459 538 1514 et
554 1453 761 1532 Augustinus,
781 1454 834 1533 qui
863 1451 1007 1515 Vedianas
1023 1472 1078 1534 sp·
1128 1456 1281 1536 scripsisse
1299 1458 1394 1518 refert
1410 1456 1598 1518 Tritlremius
1616 1458 1652 1517 **.
1667 1459 1885 1547 Postremonep

309 1543 404 1622 pellat
415 1545 651 1606 becretioosillos
663 1544 973 1626 prerdebeisquod
980 1548 1080 1608 latini
1128 1554 1175 1608 est
1194 1548 1416 1623 omittendum,
1436 1547 1534 1608 videri
1557 1549 1753 1609 Gennadium
1770 1549 1804 1609 in
1818 1548 1884 1610 libro

310 1636 421 1697 dmnde
431 1637 513 1698 illius
523 1638 695 1700 imitatione
705 1637 855 1700 fecerunt.
1128 1638 1163 1700 de
1176 1639 1370 1720 Dopmotibus
1382 1638 1587 1708 ecclesiastibus,
1606 1640 1704 1719 capite
1720 1639 1886 1717 resistim-

149 1728 275 1823 insopor:
351 1728 388 1788 X.
426 1730 575 1790 Postremi
608 1749 682 1809 ergo
716 1729 980 1791 commemorandi
1007 1737 1080 1791 sunt
1123 1732 1322 1814 pomorpbwn
1332 1738 1364 1793 et
1380 1729 1540 1795 Vedienum
1554 1751 1611 1811 pro
1622 1732 1744 1794 duobus
1753 1733 1887 1795 heretice

151 1788 261 1896 ⁰³⁰1de
312 1820 884 1901 Anthropomorpbilae,siveabdudi0,
898 1822 1079 1901 utplerique
1129 1824 1309 1886 hominibus
1330 1843 1510 1904 usmpasse,
1537 1842 1642 1886 errore
1663 1843 1741 1885 sanc
1760 1826 1884 1886 ridiculo

164 1888 260 1931 ''m''
311 1918 431 1990 putant,
451 1913 586 1989 onrrndi,
605 1915 669 1974 sive
687 1932 726 1974 ex
742 1913 809 1993 ejus
820 1914 966 1993 opinione
977 1915 1080 1975 stolidi
1130 1916 1190 1976 Sed
1217 1916 1378 1995 protanam
1401 1917 1482 1977 bane
1504 1922 1535 1977 et
1556 1917 1739 1996 sacrilegam
1753 1917 1886 1997 ineptiam
1947 1984 1952 1991 ,

310 2006 423 2065 erroris
441 2024 550 2067 ansam
569 2006 666 2080 nacti,
684 2006 729 2066 uti
746 2008 809 2067 lieo
821 2006 952 2067 humani
974 2024 1081 2086 corpo-
1129 2027 1194 2069 non
1206 2009 1283 2070 fides
1295 2011 1397 2071 solum
1418 2009 1566 2071 catholica
1583 2011 1768 2087 detestatur,
1781 1995 1941 2078 seona-d

310 2097 352 2156 ris
373 2116 408 2157 ac
439 2097 654 2159 membrorum
693 2099 826 2178 speeiem
850 2098 1078 2161 attribuerent.
1129 2101 1237 2161 turalis
1255 2103 1349 2163 etiam
1368 2102 1447 2162 ratio
1466 2102 1635 2177 convincit,
1656 2121 1718 2182 qua
1731 2101 1888 2181 comptum

311 2189 384 2261 Quae
405 2190 530 2251 haeresis
549 2191 630 2251 cirea
650 2190 814 2251 Theodosii
832 2189 925 2269 primi
940 2196 1082 2270 tempora
1129 2194 1178 2253 usi
1189 2194 1369 2271 gentilium,
1389 2211 1501 2273 corpus
1518 2211 1612 2255 omne
1630 2213 1650 2255 a
1667 2196 1734 2256 Deo
1745 2212 1889 2272 segregan-

310 2286 416 2341 exorta
428 2282 675 2361 estinAEgypto,
684 2287 721 2342 ut
731 2286 901 2343 testessunt
911 2283 1079 2357 Socrates²,
1129 2286 1207 2346 dum
1230 2285 1279 2346 bis
1301 2286 1472 2365 praesertim
1501 2288 1693 2364 argumentis
1722 2286 1887 2366 probarunt
1961 2284 1962 2357 l

196 2404 203 2419 ·
311 2371 528 2449 Soncmenus³,
541 2371 775 2449 etGassianus⁸,
788 2375 1082 2453 atqueamonaclris
1131 2379 1270 2438 Primum
1282 2378 1804 2456 quodcumhseedivinitatisnotio
1813 2394 1888 2439 men·

310 2464 556 2544 poeneomnibus
567 2483 681 2544 magno
694 2465 974 2544 ardoresusoepta,
987 2484 1080 2546 repu·
1130 2469 1212 2530 tibus
1235 2469 1402 2531 hominum
1425 2469 1516 2530 insita
1539 2470 1600 2547 sit,
1624 2476 1661 2531 ut
1683 2471 1840 2551 quippiam
1857 2470 1890 2530 sit
1961 2520 1962 2573 p

308 2556 830 2634 gnanteeontreillosdlexendrino
842 2555 972 2635 praesule
984 2558 1082 2620 Theo
1129 2561 1537 2641 longeprsestantissimnm,
1559 2568 1591 2623 et
1610 2562 1639 2623 ei
1657 2563 1748 2623 omni
1757 2563 1888 2642 quodoo
1961 2574 1962 2647 t

310 2648 410 2728 philo,
435 2655 466 2709 et
489 2649 682 2729 paschalibus
705 2649 769 2710 suis
791 2649 901 2710 litteris
917 2666 970 2709 eos
986 2650 1082 2712 inces-
1129 2652 1221 2731 gitari
1233 2658 1334 2733 potest
1344 2654 1548 2715 antecellens:
1568 2656 1599 2715 ei
1613 2673 1688 2716 vero
1699 2656 1785 2735 quod
1796 2672 1888 2734 corpo·

309 2748 410 2817 sente,
436 2747 472 2801 nt
489 2742 571 2803 inter
588 2742 664 2803 elios
681 2741 842 2803 Cassiams
864 2747 971 2802 auctor
989 2748 1083 2803 estet
1129 2761 1221 2806 reum
1235 2750 1297 2822 est,
1317 2747 1403 2824 quod
1425 2751 1471 2806 est
1494 2746 1686 2826 intelligibile
1706 2747 1888 2827 minimatum

309 2834 487 2896 Gennadius
500 2831 523 2895 ⁸.
554 2836 598 2896 Ae
633 2835 825 2914 praecipuum
847 2834 1080 2896 firmamentum
1131 2837 1230 2898 Deum
1239 2837 1891 2919 oporteteorporisexpertcm,aosimplicem

308 2926 549 2988 dementissime
570 2927 653 2989 illins
673 2926 828 3007 opinionis
846 2945 885 2987 ex
903 2944 941 2987 eo
967 2924 1082 2990 Genesis
1132 2946 1198 2989 esse
1209 2929 1363 3008 spiritum.
1382 2930 1526 2990 «Eonim
1534 2936 1694 3009 quaesunt,
1703 2931 1891 2992 aitllarimus

308 3020 614 3099 locopetitnmesse‚
629 3019 905 3100 quofaetushomo
918 3018 1081 3080 didnnad
1131 3021 1233 3099 Tyrus
1255 3039 1295 3082 en
1313 3021 1448 3082 Platonis
1468 3020 1650 3097 sententia⁶,
1668 3022 1812 3101 qraemm
1830 3025 1892 3083 snnt
1961 3036 1962 3111 p

309 3111 465 3193 imepeitem
490 3121 520 3173 et
543 3111 766 3175 similitudieem
792 3110 861 3181 bei,
890 3129 1000 3173 omnes
1017 3111 1078 3187 illi,
1131 3112 1286 3188 inanima,
1307 3113 1451 3192 quodam
1471 3115 1640 3175 animatust
1661 3115 1891 3194 lnanimsporro

1961 3118 1962 3155 l

346 3317 366 3356 a
386 3302 458 3359 Msx.
478 3300 544 3370 Tyr.
562 3301 618 3353 Τῶν
639 3300 717 3354 ὄντων
731 3300 812 3354 τοίνυν
832 3299 864 3354 rb
879 3298 922 3371 μὲν
943 3300 1036 3372 ἄψυχα,
1051 3299 1082 3354 ιὰ
1132 3298 1284 3370 αἰσθητικὸν,
1298 3302 1434 3370 κινητικὸν,
1449 3302 1598 3371 παθητικὸν,
1612 3301 1739 3372 νοητικὸν·
1755 3304 1784 3356 bs
1797 3298 1837 3357 obe
1849 3302 1891 3375 ips,

138 3395 185 3449 ιιι.
202 3386 285 3458 ἄψυχα
309 3382 346 3450 δὲ,
359 3383 466 3456 ἔμψυχα·
489 3384 530 3436 set
550 3382 583 3438 rb
604 3382 648 3455 pis
670 3382 781 3455 ἔμψυχα,
802 3382 878 3448 λίθοι,
900 3401 941 3436 ιιι
956 3382 1026 3451 itte,
1040 3384 1082 3436 sal
1130 3383 1206 3455 λόγον
1221 3383 1251 3436 rb
1273 3383 1382 3456 ἶμψιγον
1404 3384 1466 3457 πρὸς
1486 3385 1516 3439 τὸ
1537 3385 1649 3458 ἄψυχον,
1671 3385 1716 3439 τὸν
1732 3386 1805 3440 ababa
1818 3390 1891 3441 τοῦτον

309 3468 357 3521 ὅσοι
371 3469 480 3521 τοιαῦτα·
496 3465 528 3520 τὰ
542 3465 568 3518 bb
582 3466 691 3538 ἔμψυχα,
713 3465 776 3537 φυτὰ
793 3466 835 3519 sel
850 3468 912 3528 ζῶα·
928 3468 1040 3539 κρεῖττον
1055 3466 1081 3521 bi
1131 3463 1183 3538 ἔχει
1195 3466 1237 3521 καλ
1251 3467 1266 3535 l,
1282 3465 1365 3529 ἔννους
1379 3466 1443 3539 ψυχὴ
1459 3468 1519 3540 πρὸς
1532 3467 1577 3537 rba
1593 3470 1753 3543 ὅληνψυχήν·
1762 3470 1802 3523 καλ
1811 3468 1891 3536 bricii,

310 3550 420 3625 ἔμψυχον
435 3548 539 3621 ἆψῦχου·
556 3553 599 3604 τοῦ
615 3547 641 3602 bl
657 3548 777 3622 ἐμψῦχου,
792 3549 821 3604 rb
835 3547 879 3622 μὶν
893 3550 1002 3621 φυτικὸν,
1018 3549 1082 3604 etet
1130 3549 1164 3611 ιὐς
1178 3548 1317 3622 sepsissent
1335 3548 1416 3611 ἔννους
1430 3550 1494 3623 ψυχὴ
1510 3555 1554 3618 τῆς
1569 3548 1592 3612 ἐξ
1607 3550 1723 3604 ἁπάντων
1737 3552 1890 3624 ἠθροισμένης·

311 3631 461 3700 αἰσθητικόν·
483 3631 512 3684 rb
527 3629 553 3684 cl
569 3630 707 3699 αἰσθητικὸν
728 3634 773 3685 τοῦ
786 3636 886 3704 φυτικοῦ
899 3634 1022 3705 κρεῖττον·
1037 3637 1082 3687 τοῦ
1130 3635 1178 3685 ποῦ
1199 3632 1280 3685 τοίνυν
1301 3635 1389 3685 τοῦτον
1410 3632 1452 3686 τὸν
1474 3632 1528 3686 θεὸν
1550 3633 1694 3706 τάττωμιν;
1718 3637 1811 3707 πότερα
1830 3632 1892 3704 ἓντῷ

310 3713 337 3768 bb
352 3711 493 3783 αἰσθητικοῦ
507 3713 537 3768 rb
552 3712 595 3786 μὲν
617 3714 737 3786 λογικὸν,
759 3713 789 3769 τὶν
804 3712 830 3768 δὲ
851 3716 954 3787 ἄλογον·
969 3718 1080 3788 κρεῖττον
1130 3714 1276 3787 ἀθροίσματι
1284 3733 1296 3783 ;,
1307 3713 1372 3768 ἀλλὰ
1387 3714 1505 3788 ιῦφημεῖν
1520 3715 1597 3778 ἄξιον·
1614 3717 1765 3786 λείπεταιδὴ
1780 3712 1891 3789 desecet

310 3795 337 3851 bb
350 3797 380 3852 rb
395 3796 494 3869 λογικὸν
516 3801 561 3852 τοῦ
581 3798 683 3869 οιλόγου·
709 3796 826 3851 ἀλλὰκαὶ
848 3795 976 3871 ἔνλογιιῇ
996 3798 1079 3872 ψυχῇ,
1130 3797 1263 3870 ἀκρόπολιν
1285 3797 1506 3871 ἂναὸιῦοιοαμένους
1526 3805 1563 3871 τῷ
1583 3800 1653 3871 λόγῳ
1671 3800 1716 3855 τὀν
1738 3800 1792 3855 θεὸν
1811 3799 1892 3870 lbpiost

311 3878 392 3950 ἐπειδή
407 3900 452 3953 περ
466 3879 531 3935 ἐστὶν
545 3881 560 3949 ἡ
581 3884 648 3935 πᾶσι
661 3881 745 3954 ὥσπερ
758 3882 879 3955 ἄθροιομά
892 3900 926 3949 τι,
941 3881 1078 3955 θρεπτικὸν,
1129 3879 1193 3935 κατὰ
1207 3882 1250 3936 τὸν
1264 3884 1326 3934 νοῦν
1341 3875 1373 3934 ab
1386 3882 1429 3936 rba
1444 3881 1656 3954 ἂρχηγιιιώτοιτον.

344 4050 487 4117 promor
515 4056 563 4102 οιι
578 4050 858 4117 dampnosum
877 4051 986 4112 ιοιοοι,
1013 4065 1082 4118 qnam
1130 4063 1212 4116 pm
1230 4063 1282 4102 ese
1297 4049 1402 4116 mcum
1422 4050 1586 4114 nameus,
1600 4056 1649 4103 an
1670 4052 1750 4105 mene
1765 4056 1830 4105 m
1841 4050 1893 4103 ιιι
1961 4024 1962 4073 l

311 4126 417 4180 ardon
438 4127 555 4179 Peneius.
577 4128 670 4180 Veteres
686 4126 746 4179 enim
766 4126 887 4190 Ebionitoe,
907 4141 922 4179 a
935 4127 1020 4180 seculo
1041 4141 1082 4180 se-
1130 4138 1212 4190 genses
1230 4125 1306 4193 (Apud
1319 4125 1404 4178 buenni
1416 4126 1554 4191 liniensem,
1568 4126 1610 4180 lib.
1623 4127 1652 4179 ll.
1668 4141 1722 4195 esp.
1738 4127 1789 4196 rx.)
1801 4128 1823 4179 in
1835 4126 1892 4180 ffli-

311 4203 395 4265 eume,
410 4202 484 4254 simile
497 4202 550 4268 quid
557 4206 684 4264 ιιιιιοιιιιι,
698 4207 724 4253 ut
736 4201 841 4268 liquelsr
848 4203 1014 4255 Remitterem
1027 4202 1083 4257 Cle·
1130 4200 1175 4251 lem
1189 4200 1282 4254 omnino
1300 4201 1419 4267 scopulum
1434 4201 1564 4269 impegisse.
1580 4202 1681 4256 Ratberii
1699 4203 1772 4257 verbs
1784 4205 1823 4272 (de
1835 4202 1893 4268 Ωιι-

309 4279 478 4328 mentionem
499 4288 574 4329 srrrr.
590 4292 613 4343 p.
637 4276 695 4328 ⁵132.
712 4276 754 4327 lid.
776 4276 997 4329 lmstelodamensis.
1016 4276 1083 4330 Unde
1131 4276 1201 4343 drop.
1215 4291 1284 4329 serm.
1298 4277 1326 4329 ll.
1338 4277 1369 4328 nl.
1387 4278 1405 4329 1.
1417 4292 1456 4329 nn.
1468 4278 1509 4329 29.
1522 4277 1598 4345 seqq.)
1608 4278 1636 4331 de
1649 4278 1891 4347 snumpomorpnmo
1961 4338 1962 4357 χ

311 4366 384 4419 panes
401 4351 471 4403 rerba
483 4351 561 4403 labne
578 4350 727 4418 proferemus,
742 4350 857 4403 brevitatis
875 4365 965 4404 muse:
984 4372 994 4400 ι
1011 4353 1083 4405 Habet
1131 4366 1173 4404 sue
1192 4353 1273 4405 iterum
1297 4359 1363 4407 etate
1383 4353 1529 4405 disseminato
1550 4353 1733 4408 luculentissima
1747 4362 1810 4416 sunt,
1831 4367 1893 4419 nque
1961 4370 1962 4397 ι

311 4426 372 4478 enin
386 4427 491 4488 tormen,
509 4425 583 4493 inquit
594 4427 676 4478 Petras
692 4425 721 4477 ds
734 4425 791 4490 beo,
807 4431 899 4493 propter
911 4427 984 4479 solnm
1001 4432 1024 4480 et
1036 4429 1084 4495 pri·
1132 4427 1258 4480 mirmillo
1271 4429 1392 4495 splendent
1405 4428 1488 4495 quibus
1497 4428 1699 4495 predicabmare
1711 4431 1893 4497 ῦοοιιίιιιιιιιι·
1961 4418 1962 4475 ἶ

311 4516 372 4553 men
392 4501 589 4567 pulchribrdinen.
611 4501 683 4554 llabet
704 4503 780 4554 omnis
796 4501 907 4564 membra,
925 4516 971 4554 non
991 4509 1083 4570 propter
1131 4516 1234 4569 pugnans
1249 4504 1317 4571 (λοι).
1339 4505 1431 4571 apolog.
1448 4509 1529 4556 cenna
1542 4505 1717 4571 reprehensores
1734 4506 1843 4559 semonls
1857 4505 1891 4557 eit
1961 4486 1962 4579 b

312 4590 391 4638 ιιιιιιις
412 4590 458 4628 non
476 4577 536 4629 enirn
553 4577 604 4629 ideo
623 4576 692 4629 babet
710 4577 798 4638 oeulos,
812 4581 838 4628 nt
855 4575 908 4627 inde
929 4576 1012 4640 disat,
1030 4579 1084 4644 qnia
1132 4593 1156 4629 n.
1179 4577 1215 4646 1.)
1228 4580 1308 4631 scribit
1322 4598 1329 4633 r
1354 4600 1365 4628 ι
1381 4581 1431 4632 Non
1448 4580 1505 4633 dicit
1526 4580 1646 4633 Ratberius
1660 4581 1799 4635 Veronensis
1811 4582 1892 4648 epm-
1961 4626 1962 4639 ,

312 4651 385 4702 cernit
396 4651 506 4713 undique,
526 4656 571 4703 ele.
587 4651 632 4703 Sed
648 4666 691 4703 ncc
703 4651 772 4703 babet
788 4664 863 4710 surm,
883 4656 909 4702 nt
923 4652 1014 4714 auden
1030 4653 1084 4718 qnia
1131 4668 1183 4719 pus,
1198 4655 1259 4719 quod
1272 4654 1333 4706 Deos
1347 4656 1388 4707 liei
1402 4655 1482 4719 Filios,
1497 4656 1607 4707 boninus
1619 4660 1696 4708 noster
1708 4657 1777 4709 lesos
1792 4656 1890 4715 mssa.
1961 4646 1962 4703 l

312 4726 373 4778 omni
387 4740 414 4777 er
427 4729 491 4792 perte
501 4726 573 4789 audit,
588 4726 700 4792 intelligit,
716 4731 800 4789 nord,
816 4730 931 4792 operatrr,
945 4726 1008 4780 lacit.
1020 4729 1088 4781 Pul-⁵
1131 4728 1177 4781 boe
1192 4734 1228 4780 est
1242 4729 1372 4783 inremotus
1382 4744 1423 4797 pro
1436 4729 1502 4782 nobis
1511 4731 1552 4782 bei
1561 4732 1671 4798 sapientia
1684 4742 1730 4784 non
1739 4732 1891 4799 babestoemt.
1961 4728 1962 4753 ¹

312 4800 447 4853 cherriman
465 4808 539 4852 ιιιιιιι
562 4801 659 4853 forman
681 4801 758 4864 babet,
781 4806 873 4867 propter
892 4801 1015 4867 tombam,
1038 4819 1083 4870 quo
1132 4804 1354 4867 massmanno
1372 4807 1450 4872 pedes,
1465 4812 1591 4873 ceteraque
1610 4806 1703 4858 bunsni
1717 4809 1820 4873 eorporis
1832 4819 1891 4857 nere
1961 4804 1962 4863 ἕ

311 4877 390 4930 mnndi
403 4875 472 4930 eorde
487 4875 551 4927 illum
561 4875 637 4929 ridere
651 4877 747 4943 possint,
761 4882 789 4928 ot
804 4890 845 4942 pro
859 4875 887 4927 iis
900 4889 951 4942 qun
961 4879 1021 4944 passi
1030 4883 1084 4930 sunt
1131 4878 1173 4930 bra
1186 4893 1239 4931 enm
1251 4879 1440 4932 animambonali
1449 4880 1496 4933 lieo
1510 4880 1632 4947 plena....;
1647 4881 1687 4933 wi
1701 4882 1758 4934 dicit
1766 4880 1891 4948 quotenos
1961 4940 1962 4943 Ἰ

311 4952 424 5017 letentur,
440 4957 485 5005 eto.
510 4970 521 5000 ι
540 4951 601 5003 snei
622 4952 705 5004 sinilia
718 4955 849 5014 resumunt,
864 4951 893 5003 de
911 4951 993 5018 quibus
1011 4954 1083 5007 mults
1131 4953 1200 5007 idest
1211 4955 1334 5008 divinitatis
1346 4955 1471 5008 snbsnnlie
1484 4970 1530 5008 non
1543 4956 1767 5023 babeteorpns,nee
1778 4961 1892 5021 moron
1961 4952 1962 4995 ἶ

311 5028 356 5081 diei
369 5034 470 5095 possent,
485 5027 530 5080 nisi
539 5026 619 5079 breves
636 5031 701 5079 noes
714 5026 874 5081 scriberemus.
890 5027 918 5078 Τ.
927 5028 954 5079 λ.
1131 5031 1191 5095 qnod
1205 5031 1292 5097 palpari
1305 5032 1377 5098 possit
1388 5036 1412 5083 et
1423 5031 1504 5093 rideri,
1519 5031 1572 5096 quia
1588 5029 1893 5097 matellicatensi
1961 5078 1962 5095 ,

345 5104 361 5121 ‘'
378 5104 457 5169 Neque
475 5104 534 5155 amn
555 5102 637 5156 adduci
657 5103 679 5155 ic
693 5103 869 5155 mnnoversian
883 5107 967 5168 potest,
983 5108 1031 5155 tum
1043 5117 1083 5154 re·
1130 5104 1187 5156 dixit
1207 5106 1351 5174 (loconis,
1369 5106 1422 5174 il.)
1436 5106 1545 5159 Dominus
1553 5106 1620 5159 lesia
1632 5106 1745 5169 (brisim,
1764 5111 1788 5159 et
1801 5107 1892 5172 ιρίιῦιι
1961 5106 1962 5173 l

311 5184 371 5229 teres
394 5179 532 5231 lleniebeos
554 5178 637 5246 (Penes
659 5178 810 5243 ligusticum
829 5191 884 5229 eon.
911 5182 982 5246 epist.
1004 5179 1084 5233 lierti-
1131 5186 1268 5233 semmei
1288 5196 1345 5234 οιιο
1357 5196 1408 5234 eon
1421 5182 1501 5245 tebet,
1517 5182 1576 5234 dent
1593 5182 1653 5234 iden
1673 5181 1729 5235 dieii
1741 5181 1767 5233 tn
1781 5178 1891 5246 cmm
1961 5192 1962 5245 1

311 5253 382 5313 οιαὶ,
393 5268 416 5305 n.
432 5254 479 5315 20;
494 5258 560 5306 cont.
575 5254 659 5307 Fnast.
675 5254 716 5307 lib.
728 5254 779 5306 xl.
795 5268 820 5306 n.
837 5257 866 5315 l;
881 5254 923 5307 lib.
938 5255 1008 5308 lxv.
1019 5259 1043 5306 n.
1055 5257 1080 5319 l,
1132 5254 1199 5323 (tue.
1216 5267 1289 5309 xxiv.
1306 5256 1359 5323 39.)
1374 5256 1510 5310 Christus.»
1530 5256 1618 5318 Quibus
1638 5257 1774 5324 compendio
1786 5254 1890 5316 boob,
1961 5252 1962 5297 l

310 5332 336 5381 et
348 5327 458 5393 Consus.
473 5328 515 5382 lib.
530 5328 559 5381 l.
578 5344 602 5382 n.
619 5328 673 5392 10.)
689 5330 713 5382 in
727 5344 755 5382 es
770 5330 840 5383 luisse
860 5331 952 5393 heresi,
967 5335 993 5383 nt
1010 5331 1082 5382 Deum
1131 5332 1246 5384 ndens
1260 5331 1491 5386 ιῦιιοιιιίοιιιιιιιι
1500 5332 1558 5385 eitra
1567 5333 1673 5385 damnum
1685 5346 1814 5401 possimus.
1823 5331 1852 5383 Ε.
1863 5330 1889 5384 lt.
1961 5330 1962 5383 ἶ

1961 5408 1962 5437 l

338 5494 349 5535 l
363 5491 425 5536 Toni.
437 5489 473 5536 ll.
491 5491 532 5536 lib.
543 5492 570 5536 eie
585 5493 665 5538 Hoeres
682 5505 731 5549 cap.
748 5494 824 5539 s.-2
835 5494 884 5539 tlt.
901 5494 937 5538 Vl.
954 5506 1002 5549 cap.
1019 5495 1114 5538 rin-8
1125 5494 1173 5538 Lib.
1187 5493 1245 5538 l'lll.
1258 5505 1307 5550 esp.
1321 5495 1406 5538 rr.—l
1418 5496 1473 5539 cett.
1487 5495 1520 5538 ro.
1538 5506 1587 5550 esp.
1601 5507 1618 5538 ιι
1633 5502 1653 5538 ιι
1667 5496 1741 5539 ι.-5
1754 5495 1802 5539 lib.
1814 5495 1839 5537 rr
1851 5493 1890 5538 tir.
1961 5440 1962 5507 b

312 5554 397 5598 illustr.
409 5565 457 5610 cap.
470 5554 603 5599 mne-t
614 5555 670 5599 lites.
683 5556 703 5599 t.
1961 5572 1962 5577 ¹
