3942 6168
312 342 362 402 DE
382 342 456 403 DEO
476 341 620 418 DElOUE
640 343 981 420 PROPRIETATIBUS,
1003 344 1075 407 LlB.
1100 345 1136 418 ll,
1159 345 1242 404 CAP.
1266 343 1317 403 lll.
1552 341 1607 400 ltll

41 505 250 569 demnotiones
264 512 338 571 sont
351 507 455 583 varie,
468 508 611 588 quiedam
626 509 665 571 de
679 509 792 590 bacip
839 510 938 572 rande
951 509 1183 571 communicari.
1198 511 1279 571 Deus
1289 513 1394 569 autem
1417 525 1483 569 non
1506 506 1610 567 minus

41 616 67 659 sa
85 616 114 659 re
139 598 336 662 affirmantsu
362 606 416 662 aut
440 607 596 680 negantur
618 602 791 663 secundum
840 600 1519 683 propriegignidicitur,quamFilins.Quippe
1529 600 1610 661 netu

41 709 120 779 unam
135 691 301 765 rationem,
321 712 391 773 que
413 695 531 756 ratione
555 696 652 757 altera
668 714 734 757 non
748 696 792 757 di·
839 693 1606 775 illicpersonamcertamsignificat,quaeestFilius.
1694 712 1698 719 ·

40 786 144 843 umtrr.
158 783 253 845 Velut
260 790 317 863 est,
325 786 484 848 relativam
497 788 717 868 proprietatem
726 806 791 849 non
839 789 883 848 Ac
895 807 934 849 ne
949 790 1132 868 cogitatione
1137 789 1263 868 quidem
1272 785 1390 865 concipi
1399 791 1500 866 potest
1513 805 1607 865 gene·

40 893 221 938 communem
239 896 305 939 esse
326 879 465 959 personis
486 880 596 957 tribus,
618 879 792 941 absolutam
839 881 902 940 rari
913 881 1327 961 lilium,quingenerati0ne
1338 878 1391 939 illa
1401 896 1466 939 esse
1474 880 1555 940 Deus
1564 880 1609 941 in-

40 974 128 1029 autem
147 969 248 1031 tribus
275 971 451 1033 convenire.
482 973 583 1052 Atque
612 973 672 1033 hoc
698 990 792 1034 sensu
840 972 1005 1051 telligatur,
1025 992 1157 1054 eumque
1172 974 1303 1034 nihilsit
1323 972 1382 1033 nisi
1397 973 1607 1050 generatione,

40 1060 200 1123 lbeodoms
234 1063 376 1124 ΑΙιιιοοιο
413 1065 447 1125 in
485 1064 633 1145 opusculo
656 1066 791 1126 secundo
840 1064 898 1126 hae
910 1066 977 1146 ipsa
988 1067 1187 1146 generatione
1200 1068 1280 1128 Deus
1288 1066 1327 1125 sit
1340 1070 1472 1144 oportet.

39 1152 122 1213 dixit:
138 1153 712 1219 «SubstantiamvelessentiamPatris
726 1176 791 1218 non
879 1159 988 1221 Melius
1011 1178 1085 1239 ergo
1115 1159 1247 1239 Cyrillus
1276 1157 1503 1220 Alexandrinus
1528 1157 1608 1217 libro

39 1246 393 1327 mermemipsumr.»
411 1250 481 1310 Non
497 1256 603 1312 tamen
617 1267 707 1315 exeo
720 1269 793 1314 con·
843 1249 988 1313 Thesauri
1000 1253 1131 1334 septimo
1147 1273 1154 1313 :
1169 1274 1185 1310 ο
1200 1252 1283 1312 Nihil
1301 1269 1365 1312 esse
1388 1251 1443 1311 Dei
1463 1255 1609 1310 naturam

39 1338 105 1399 dudi
117 1357 204 1419 posse
214 1359 288 1402 cum
301 1342 432 1402 dicimus
445 1342 558 1404 Filium
572 1362 589 1404 e
609 1344 707 1405 Patris
727 1362 792 1407 esse
840 1349 952 1423 preter
971 1346 1086 1425 ipsum,
1110 1347 1164 1421 ait,
1186 1363 1224 1405 eo
1244 1344 1328 1424 quod
1349 1342 1480 1423 simplex
1512 1347 1558 1403 est
1578 1346 1610 1403 et

39 1430 252 1493 stbshntinvel
265 1451 305 1493 ex
314 1435 415 1511 Patre,
430 1452 470 1495 ex
483 1435 603 1497 duabus
616 1435 706 1498 illum
727 1455 792 1499 esse
840 1437 1062 1516 compositione
1070 1443 1154 1499 caret
1166 1436 1180 1474 ό
1185 1483 1192 1497 .
1204 1458 1220 1494 ο
1236 1438 1273 1498 Et
1282 1435 1472 1515 Augustinus
1481 1434 1610 1514 epistola

39 1521 144 1585 reboet
162 1525 228 1586 lmo
249 1544 325 1587 vero
353 1545 392 1588 ex
403 1529 646 1609 unaeademque
660 1547 725 1590 esse
737 1531 791 1591 de·
841 1528 1399 1592 ccmTrinitatissubstentiamnihil
1414 1526 1609 1589 atribusdis

39 1614 186 1693 leodimus,
199 1619 284 1697 quod
298 1620 441 1699 exemplo
450 1622 574 1682 nummi
588 1622 675 1683 aurei
689 1621 790 1685 deela-
839 1626 905 1683 tare
918 1624 1057 1702 personis
1066 1622 1210 1697 ostendit,
1224 1622 1358 1700 indeque
1371 1619 1483 1681 refellit
1491 1637 1544 1679 eos
1555 1619 1609 1699 qui

39 1713 87 1768 rat.
101 1709 399 1791 Utenimsidixeris‚
414 1714 538 1775 nummi
551 1732 664 1775 eurum
678 1733 792 1795 appen-
840 1713 1043 1777 substantiam
1060 1732 1261 1777 communem
1281 1715 1381 1775 tribus
1408 1713 1523 1791 ubique
1544 1730 1609 1772 esse

40 1798 176 1880 di,ipsum
186 1804 526 1886 metallnmnppensum
540 1807 788 1888 essesigniiicas:
840 1813 995 1886 putantes,
1014 1824 1162 1888 personas
1180 1809 1261 1888 ipsas
1277 1807 1385 1867 itidem
1407 1805 1523 1885 ubique
1544 1823 1609 1866 esse

40 1893 98 1951 resi
109 1893 199 1971 deas,
214 1914 384 1958 nummum
406 1900 551 1978 appendi,
574 1900 673 1961 nihilo
694 1904 792 1963 secius
840 1901 1013 1979 negabant:
1032 1900 1238 1980 ‹sqnssialiud
1249 1899 1288 1960 sit
1304 1899 1404 1973 Pater,
1425 1898 1510 1957 alind
1529 1898 1606 1958 divi-

40 2001 136 2046 sorum
143 1987 219 2048 dicis
230 2008 416 2069 appensum.
431 1991 502 2053 Non
515 1992 602 2052 enim
625 1992 792 2074 impressus
840 1993 1308 2074 nitnsejnsquseillicommunis
1328 1997 1463 2052 osteum
1483 1990 1557 2049 Filio
1579 1996 1609 2051 ot

41 2075 179 2139 emxscter
187 2081 321 2160 appendi
335 2088 444 2161 potest.
462 2106 477 2143 ιι
493 2085 538 2145 lta
551 2090 583 2145 et
596 2103 654 2146 nos
680 2105 790 2166 quam
841 2086 957 2166 Spiritu
965 2094 1082 2149 sancto.
1096 2110 1112 2145 n
1126 2086 1311 2148 Athanasius
1332 2084 1407 2143 item
1427 2083 1609 2162 imperitum

41 2168 219 2234 sodomus
231 2192 249 2234 e
262 2174 362 2235 Patris
382 2175 553 2237 substantia
570 2178 713 2257 genitum
727 2197 792 2241 esse
841 2178 958 2241 calvini
966 2186 1179 2243 commentum
1190 2184 1221 2239 et
1230 2178 1363 2239 nimium
1378 2176 1456 2236 illud
1465 2174 1608 2235 diunita-

42 2260 146 2341 lilium,
169 2284 234 2326 non
257 2267 399 2345 cogimur
425 2286 599 2329 asseverare
616 2289 656 2331 en
672 2271 792 2334 duabus
839 2273 918 2334 tiset
929 2291 1069 2353 persone
1077 2271 1284 2334 inveetxmsb
1298 2288 1335 2331 eo
1348 2270 1514 2330 discrimen
1523 2286 1609 2329 ever-

42 2356 225 2435 ipsummbus
238 2365 343 2420 ortum
358 2359 518 2440 accepisse,
537 2361 592 2424 sed
614 2381 653 2424 ex
675 2382 740 2425 une
761 2371 793 2427 et
839 2367 877 2427 tit
894 2367 928 2427 in
946 2366 1026 2427 libro
1045 2366 1084 2427 de
1106 2366 1237 2426 decretis
1252 2364 1383 2425 Nicaene
1404 2362 1527 2441 synodi.
1549 2361 1610 2422 Ubi

42 2448 134 2509 ⁸³de
145 2469 179 2511 re
193 2461 245 2511 ⁶.»
841 2464 949 2520 contre
960 2460 1090 2520 Arianos
1101 2457 1236 2519 ostendit
1251 2457 1335 2517 idem
1353 2473 1418 2516 esse
1438 2454 1550 2514 Filium
1570 2471 1609 2514 ex

0 2565 1 2637 γ
74 2542 117 2604 ll.
132 2543 388 2606 Exiismrollarii
401 2545 434 2606 id
449 2546 518 2608 looo
545 2546 708 2610 conficitur
728 2550 793 2611 ina-
842 2552 1121 2630 Patreesse,ntque
1137 2569 1176 2612 ex
1190 2547 1444 2628 ejussubstantia.
1463 2547 1610 2607 «Etenim

41 2650 110 2707 nem,
133 2635 284 2697 imorem
303 2637 433 2716 impiam
446 2657 511 2700 esse
534 2639 652 2701 Calvini
670 2647 702 2703 et
721 2644 786 2705 Αιι-
839 2643 1002 2722 siquidem,
1016 2644 1178 2719 ait,Deum
1191 2640 1301 2721 aliquis
1313 2645 1473 2721 putatesse
1483 2656 1608 2718 compo-

1 2722 17 2781 .“
39 2725 410 2809 tothemommargutiam,
425 2732 480 2810 qui
491 2732 615 2810 Filium,
631 2753 694 2815 qua
710 2736 792 2798 Dens
840 2737 946 2811 situm,
971 2744 1007 2797 ut
1024 2737 1058 2797 in
1076 2735 1248 2796 substantia
1262 2734 1402 2795 accidens
1418 2732 1540 2812 aliquod
1556 2737 1611 2793 aut

1 2824 86 2911 ⁸:⁰³¹*
110 2839 129 2881 ἃ
151 2822 240 2882 Patre
257 2823 411 2901 originem
430 2827 582 2905 accepisse
602 2836 730 2908 negant,
749 2830 801 2892 fa:
841 2831 1031 2891 extrinsecus
1046 2827 1269 2890 circumfusum
1289 2826 1375 2886 velut
1392 2824 1540 2886 amictum
1556 2824 1611 2885 ha-

40 2915 251 2990 tenturautem,
265 2933 327 2994 qen
340 2921 386 2976 est
395 2916 498 2994 Filius,
512 2918 576 2980 sive
592 2920 712 2983 ratione
734 2923 791 2984 ha-
840 2921 914 2983 bere
924 2939 986 3001 quo
992 2921 1118 3000 tegitur,
1129 2920 1180 2981 vel
1188 2937 1253 2981 esse
1263 2918 1406 2998 quasdem
1418 2918 1497 2979 circa
1507 2918 1609 2996 ipsum

41 3002 245 3084 bitapersonae.
259 3009 303 3069 De
317 3026 379 3087 quo
391 3028 496 3071 errore
513 3011 651 3073 dicemus
669 3014 743 3076 alibi
767 3016 790 3079 ¹.
841 3014 907 3093 ejus
928 3013 1156 3091 complementa
1174 3011 1363 3084 substantiae,
1386 3010 1463 3069 adeo
1485 3014 1520 3069 nt
1537 3025 1610 3068 cum

41 3094 180 3159 Ftenimsi
192 3099 283 3160 lilius
294 3119 357 3181 qua
374 3103 455 3163 Dens
475 3108 506 3164 et
530 3122 593 3183 qua
613 3105 706 3168 Filius
729 3116 785 3189 est,
840 3126 898 3169 nos
915 3108 1015 3168 lleum
1035 3105 1166 3166 dicimus
1190 3109 1244 3165 aut
1267 3103 1465 3163 nominamus
1475 3103 1608 3177 Patrem,

40 3206 93 3249 una
103 3208 148 3251 res
160 3198 204 3253 est
216 3200 247 3254 et
261 3193 496 3273 simplicissima,
517 3214 575 3258 nec
595 3198 685 3260 uhter
711 3203 791 3265 Deus
841 3218 906 3261 non
914 3200 1014 3279 ipsam
1025 3197 1234 3278 significemus
1250 3194 1436 3257 invisibilem
1447 3200 1481 3271 ,et
1490 3195 1609 3254 incom-

40 3288 86 3357 est,
100 3302 186 3363 qnam
198 3291 233 3346 nt
248 3286 343 3346 Filius
363 3292 420 3363 est,
445 3289 493 3349 uti
514 3306 616 3369 neque
629 3292 685 3353 Dei
698 3294 792 3357 Filius
840 3292 1027 3372 prehensam
1040 3290 1123 3351 illius
1141 3290 1356 3363 substantiam,
1376 3288 1430 3349 sed
1450 3286 1610 3366 quippiam

40 3372 117 3434 ahter
127 3395 216 3456 qoam
226 3383 262 3439 ut
273 3380 497 3455 Deus,tsmetsi
507 3382 636 3445 divemoe
649 3385 712 3446 sint
723 3406 791 3450 em-
840 3402 1031 3463 eorumquse
1041 3384 1158 3445 circum
1171 3383 1270 3462 ipsam
1288 3382 1360 3455 sint,
1381 3379 1611 3460 reprehendant

40 3464 294 3547 horumnotiones,
310 3472 447 3551 protecto
466 3474 553 3553 gigni
576 3493 595 3536 a
619 3478 708 3540 Patre
726 3499 792 3543 non
839 3478 995 3558 synodum
1012 3494 1083 3556 quae
1103 3494 1142 3537 ex
1160 3476 1216 3537 Dei
1232 3473 1403 3536 ssmstsntia
1419 3490 1485 3533 esse
1498 3471 1610 3533 Filium

41 3565 127 3636 potest
141 3568 174 3624 ut
191 3564 299 3641 lilim,
326 3566 403 3644 quin
422 3565 507 3627 idem
526 3568 673 3647 gignatm
696 3578 792 3634 otest
840 3571 971 3651 scripsit,
984 3576 1042 3631 ete.
1061 3569 1122 3630 Sed
1132 3568 1158 3629 si
1169 3570 1251 3629 Deus
1267 3567 1384 3647 aliquid
1402 3571 1448 3628 est
1467 3565 1608 3646 simplex,

41 3650 118 3717 Dens.
129 3655 236 3717 Neeex
251 3675 289 3717 eo
314 3657 454 3737 seqnitur
478 3658 566 3738 gigni
585 3660 789 3739 divimtatem,
840 3669 876 3724 ut
896 3668 942 3724 est
959 3681 1079 3737 revera,
1102 3661 1300 3723 manifestim
1320 3666 1377 3736 est,
1393 3677 1465 3720 eum
1481 3657 1611 3720 dicimus

40 3746 238 3822 nummatis
251 3754 298 3811 est
311 3768 421 3812 eorum
442 3752 608 3815 nominum
626 3772 696 3833 quae
723 3755 790 3817 ads·
840 3756 940 3817 Deum
949 3760 980 3816 et
990 3755 1191 3816 nominamus
1211 3755 1343 3827 Patrem,
1357 3772 1422 3815 non
1431 3751 1547 3830 aliquid
1555 3769 1610 3830 ap-

41 3843 122 3898 tracta
133 3847 290 3916 vocantur,
303 3842 364 3903 alia
374 3843 589 3925 mpheorum
602 3846 692 3907 ratio.
708 3848 788 3909 Nam
840 3848 966 3927 pellere,
979 3849 1062 3927 quod
1075 3847 1191 3908 circum
1198 3847 1302 3926 ipsum
1311 3847 1359 3915 sit,
1372 3846 1425 3905 sed
1437 3846 1534 3924 ipsam
1545 3843 1612 3920 ejus

40 3927 163 3993 ditinitm
172 3935 296 4014 proprie
308 3936 472 4014 gigninon
484 3937 607 4013 dieitur,
621 3939 676 3999 sed
698 3956 792 4017 gene
840 3941 1004 4020 designare
1013 3939 1218 4001 substantiam
1230 3947 1252 4000 ⁶.
1267 3960 1282 3996 ι)

40 4158 195 4238 όντῷπατρλ,
209 4166 275 4219 κατὰ
289 4165 320 4220 rh
333 4166 420 4237 κοινὰ,
443 4166 523 4239 ρημλ,
544 4170 584 4221 καὶ
606 4168 788 4243 ἀπολελυμένα·
878 4186 893 4228 c
912 4170 980 4227 lbib.
1000 4168 1072 4224 Οότω
1085 4172 1125 4224 καὶ
1139 4170 1211 4244 ἡμεῖς
1224 4172 1269 4243 κᾷν
1290 4170 1400 4245 εἴποιμεν
1423 4166 1448 4223 ἔκ
1462 4175 1506 4224 τοῦ
1521 4174 1612 4246 πατρό.

40 4244 108 4319 ὕπαρ
119 4248 146 4315 tl,
159 4251 198 4302 καὶ
213 4250 259 4322 μία
272 4249 357 4321 σοφία,
372 4251 412 4302 καλ
427 4248 513 4322 mola,
529 4252 570 4304 καὶ
585 4252 714 4325 δόναμιςὴ
729 4252 790 4323 αὕτη
840 4254 924 4317 odola<
936 4256 1092 4327 γεγεννῆσθαι
1113 4254 1155 4307 τόν
1175 4253 1247 4326 υἱόν,
1268 4252 1312 4308 οὖν
1333 4253 1519 4327 ἀναγκαζόμεθα
1532 4255 1611 4327 λέγειν

40 4324 81 4382 toa
92 4329 259 4403 ἀμφοῖνιιατα
272 4331 299 4386 td
313 4334 344 4386 τό
358 4333 391 4405 μὴ
406 4333 551 4406 θεωρεῖσθαι
564 4335 628 4389 κατὰ
642 4337 684 4390 τόν
699 4337 791 4410 τρόπον
841 4338 913 4392 αὐτὸν
930 4337 1011 4392 hato
1025 4343 1098 4409 φῦναι
1113 4338 1281 4412 πραγμάτων,
1305 4336 1367 4392 ἀλλ’
1381 4336 1405 4401 ἔξ
1419 4337 1487 4409 ἑνός,
1513 4339 1611 4395 καὶτοῦ

40 4416 75 4477 tlt
85 4412 175 4485 ὠσίας,
188 4417 229 4469 ναὶ
244 4422 295 4470 τῶν
311 4413 336 4469 ἐν
351 4414 413 4489 αὐτῇ
427 4415 554 4479 muetos
566 4418 718 4491 λεγομένων,
733 4419 793 4475 κατ’
841 4421 916 4476 αὐτοῦ
928 4423 1082 4495 πράγματος.

41 4491 112 4549 &tou
129 4500 218 4571 τρόπον
238 4499 397 4571 ητατρότης
416 4497 481 4553 ἐστὶν
504 4500 605 4571 sloede,
629 4499 717 4574 ἀρόσον
730 4504 792 4576 πρός
875 4504 897 4561 d
915 4507 1009 4562 Crntt.
1027 4504 1128 4569 ’Ἄλλως
1148 4525 1175 4561 τε
1196 4505 1279 4581 ἕτερον
1293 4504 1338 4560 oda
1358 4508 1388 4560 ἀν
1410 4504 1448 4575 εἴη
1469 4505 1538 4577 odore
1555 4505 1610 4560 όιοΰ

40 4573 132 4647 ἀλλήλας
145 4582 314 4655 &meruitne
327 4572 440 4655 λέγονῖαι
452 4583 516 4637 κατὰ
530 4584 573 4637 τόν
581 4585 658 4655 λόγον
673 4590 717 4639 τοῦ
731 4588 791 4659 πρός
839 4587 902 4660 παρ’
916 4588 1001 4643 αὑτόν·
1016 4589 1110 4652 ἁπλοῦς
1122 4588 1170 4663 γὰρ
1184 4591 1225 4644 stol
1239 4589 1377 4652 ἀαόνθετος.

40 4675 65 4709 ³·
83 4662 136 4717 καθ’
153 4666 180 4718 όν
202 4667 295 4737 τρόπον
316 4667 358 4718 καὶ
377 4664 394 4732 ᾖ
414 4666 517 4738 γεννητὴ
540 4666 615 4739 eopia
637 4667 681 4722 οὖν
696 4668 760 4723 ἔστιν
775 4668 791 4738 ἡ
876 4687 892 4727 e
909 4672 1008 4728 Athon.
1029 4671 1059 4725 Ei
1074 4672 1117 4744 μὲν
1132 4667 1175 4726 οὖν
1191 4673 1234 4727 τόν
1248 4674 1302 4727 debs
1316 4673 1413 4745 ἡγεῖταί
1428 4692 1466 4735 τις
1479 4667 1542 4727 εἶναι
1556 4672 1612 4728 σόν-

39 4747 157 4815 mquid·
177 4748 217 4800 ιιαό
237 4767 277 4801 τοι
298 4751 356 4819 μιᾶς
376 4746 449 4817 οὔσης
463 4748 572 4821 ἀμφοῖν,
589 4751 684 4822 μᾶλλον
705 4750 732 4805 st
747 4752 791 4824 pic
839 4754 919 4821 θετον,
934 4755 967 4817 ὣς
983 4753 1052 4828 ἀνιῇ
1074 4754 1147 4826 οόοίρ
1159 4756 1325 4827 σομόσόηκός,
1342 4758 1357 4824 ἢ
1373 4754 1458 4818 ἔξωθέν
1473 4775 1528 4811 τινα
1541 4776 1610 4829 περι·

38 4822 105 4894 ἧψα-
840 4837 915 4906 Solis
931 4837 1014 4911 ἔχειν,
1036 4841 1078 4893 καὶ
1091 4839 1270 4907 καλύπτεσθαι,
1290 4842 1306 4908 ἢ
1323 4834 1386 4893 εἶναί
1399 4859 1454 4894 τινα
1467 4841 1522 4912 περὶ
1536 4839 1609 4894 αιἰτόν

65 4924 84 4961 o
100 4912 177 4968 λιιι.
195 4913 238 4982 Μὴ
253 4913 298 4982 τὴν
312 4915 462 4987 τοῦπατρὸς
481 4914 566 4969 obedes
581 4914 655 4970 αότόν
671 4911 733 4971 εἶναι
747 4919 790 4972 τόν
839 4919 871 4974 τὰ
891 4922 1084 4994 συμπληροῦντα
1110 4921 1154 4989 τὴν
1182 4921 1267 4976 οόσόαν
1295 4921 1386 4993 astos,
1408 4924 1473 4977 ὥστε
1492 4923 1610 4994 λέγοντας

36 4992 125 5063 mipe-
839 5001 903 5075 ἡμας
916 5004 1003 5076 deind
1019 5005 1187 5077 ὀνομάζοντας
1200 5006 1346 5079 πατέρα,μη
1362 5005 1489 5074 αότὴντλν
1504 5005 1609 5077 ἀόρατον

66 5072 81 5127 ό
97 5075 260 5152 1όῑο.Ειγὰρ
274 5082 315 5133 καὶ
334 5079 348 5133 ό
369 5082 449 5156 πατὴρ
462 5081 527 5135 ἄλλό
544 5083 569 5137 τί
582 5080 648 5150 ἔστι,
662 5085 732 5154 καλή
747 5091 790 5141 τοῦ
839 5086 923 5157 αὐτοῦ,
939 5088 980 5141 καὶ
993 5087 1167 5156 ἀκατάληπτον
1189 5088 1273 5144 odolen
1288 5089 1425 5161 σημαίνειν,
1442 5088 1506 5141 ἀλλά
1519 5106 1543 5140 τι
1557 5094 1608 5142 τῶν

38 5156 117 5226 ’πρός
128 5160 197 5215 odola
210 5163 284 5217 ἀλλο·
300 5161 362 5217 ἀλλ’
374 5159 418 5218 οὖν
437 5164 510 5237 ἡμεῖς
523 5165 566 5220 τόν
580 5166 633 5219 υἱόν
649 5163 675 5220 ἀνι
689 5173 732 5236 τῆς
746 5175 790 5224 τοῦ
839 5171 893 5242 περὶ
907 5170 1000 5240 αὐτὴν,
1017 5171 1191 5244 μτμρόσόοσαν
1207 5172 1251 5244 μὲν
1266 5172 1309 5240 τὴν
1325 5172 1427 5225 σύνοδον
1441 5171 1566 5243 γράψασαν
1582 5170 1610 5226 ἐκ

39 5239 117 5309 mede
129 5242 243 5314 odelmi
259 5244 286 5299 lx
299 5251 344 5300 τοῦ
357 5248 450 5320 πατρὸς
463 5250 619 5320 γεγεννῆσθαι
632 5250 791 5322 bipenne&
839 5257 883 5321 τῆς
896 5252 980 5316 odolen
993 5248 1055 5309 εἶναι
1069 5260 1113 5309 τοῦ
1133 5256 1188 5309 deod
1208 5256 1251 5309 τόν
1266 5254 1336 5325 oddo,
1354 5260 1407 5312 etc.
1431 5254 1461 5309 El
1474 5254 1501 5309 dd
1515 5254 1609 5309 ἁπλοῦν

40 5324 76 5371 ῖῶ
88 5322 158 5380 deso
170 5333 239 5398 ρῦναι
252 5330 398 5403 πράγματος
411 5332 573 5404 σημαόνομσν.
840 5336 865 5390 τό
879 5334 943 5390 ἔστιν
958 5336 973 5390 ό
986 5337 1049 5410 θεός,
1064 5338 1149 5413 ὥσπερ
1162 5334 1206 5394 οὖν
1220 5339 1262 5393 καί
1276 5336 1336 5410 ἐστι,
1351 5340 1428 5406 δῆλον
1442 5340 1481 5394 ότι
1494 5339 1609 5411 λέγοντες

64 5540 73 5581 1
85 5539 129 5588 nt.
141 5544 178 5601 m,
188 5548 214 5593 de
225 5550 304 5595 nno.
317 5562 366 5607 esp.
379 5562 414 5603 m,
426 5562 490 5598 nom.
501 5552 516 5596 8
526 5560 549 5599 et
560 5552 601 5598 tlt.
612 5551 648 5605 lv,
660 5563 710 5612 erp.
721 5566 751 5599 ιι.
