<?xml version="1.0" encoding="UTF-8"?>
<!DOCTYPE html PUBLIC "-//W3C//DTD XHTML 1.0 Transitional//EN"
    "http://www.w3.org/TR/xhtml1/DTD/xhtml1-transitional.dtd">
<html xmlns="http://www.w3.org/1999/xhtml" xml:lang="en" lang="en">
 <head>
  <title>
</title>
<meta http-equiv="Content-Type" content="text/html;charset=utf-8" />
  <meta name='ocr-system' content='tesseract 3.04.00' />
  <meta name='ocr-capabilities' content='ocr_page ocr_carea ocr_par ocr_line ocrx_word'/>
</head>
<body>
  <div class='ocr_page' id='page_1' title='image "./dogmatatheologi01goog_0551.png"; bbox 0 0 4030 6204; ppageno 0'>
   <div class='ocr_carea' id='block_1_1' title="bbox 315 322 1385 390">
    <p class='ocr_par' dir='ltr' id='par_1_1' title="bbox 315 322 1385 390">
     <span class='ocr_line' id='line_1_1' title="bbox 315 322 1385 390; baseline -0.007 0"><span class='ocrx_word' id='word_1_1' title='bbox 315 331 375 390; x_wconf 77' lang='lat' dir='ltr'><strong>sta</strong></span> <span class='ocrx_word' id='word_1_2' title='bbox 819 322 1142 385; x_wconf 81' lang='lat' dir='ltr'><strong>THEQLOGICORUM</strong></span> <span class='ocrx_word' id='word_1_3' title='bbox 1167 322 1385 384; x_wconf 73' lang='lat' dir='ltr'><strong>mutuarum</strong></span> 
     </span>
    </p>
   </div>
   <div class='ocr_carea' id='block_1_2' title="bbox 286 482 1902 3774">
    <p class='ocr_par' dir='ltr' id='par_1_2' title="bbox 286 482 1985 3774">
     <span class='ocr_line' id='line_1_2' title="bbox 314 482 1899 563; baseline -0.007 -10"><span class='ocrx_word' id='word_1_4' title='bbox 314 492 530 553; x_wconf 89' lang='lat' dir='ltr'><strong>illustrandam</strong></span> <span class='ocrx_word' id='word_1_5' title='bbox 558 490 612 551; x_wconf 88' lang='lat' dir='ltr'><strong>Dei</strong></span> <span class='ocrx_word' id='word_1_6' title='bbox 638 488 810 549; x_wconf 86' lang='lat' dir='ltr'><strong>bonitatem</strong></span> <span class='ocrx_word' id='word_1_7' title='bbox 842 487 931 548; x_wconf 88' lang='lat' dir='ltr'><strong>valde</strong></span> <span class='ocrx_word' id='word_1_8' title='bbox 954 486 1082 547; x_wconf 84' lang='lat' dir='ltr'><strong>iaciunt.</strong></span> <span class='ocrx_word' id='word_1_9' title='bbox 1133 486 1301 548; x_wconf 77' lang='lat' dir='ltr'><strong>habuisset.</strong></span> <span class='ocrx_word' id='word_1_10' title='bbox 1340 485 1504 558; x_wconf 81' lang='lat' dir='ltr'><strong>«Virtutis,</strong></span> <span class='ocrx_word' id='word_1_11' title='bbox 1532 484 1645 563; x_wconf 90' lang='lat' dir='ltr'><strong>inquit,</strong></span> <span class='ocrx_word' id='word_1_12' title='bbox 1677 489 1708 543; x_wconf 89' lang='lat' dir='ltr'><strong>ct</strong></span> <span class='ocrx_word' id='word_1_13' title='bbox 1734 482 1899 543; x_wconf 72' lang='lat' dir='ltr'><strong>vitiositatis</strong></span> 
     </span>
     <span class='ocr_line' id='line_1_3' title="bbox 319 575 1900 662; baseline -0.003 -23"><span class='ocrx_word' id='word_1_14' title='bbox 319 585 409 643; x_wconf 82' lang='lat' dir='ltr'><strong>«Hoc</strong></span> <span class='ocrx_word' id='word_1_15' title='bbox 422 601 496 660; x_wconf 90' lang='lat' dir='ltr'><strong>ergo</strong></span> <span class='ocrx_word' id='word_1_16' title='bbox 505 601 560 662; x_wconf 90' lang='lat' dir='ltr'><strong>per</strong></span> <span class='ocrx_word' id='word_1_17' title='bbox 574 582 747 655; x_wconf 89' lang='lat' dir='ltr'><strong>sebonum,</strong></span> <span class='ocrx_word' id='word_1_18' title='bbox 761 580 824 639; x_wconf 88' lang='lat' dir='ltr'><strong>sive</strong></span> <span class='ocrx_word' id='word_1_19' title='bbox 839 579 922 657; x_wconf 89' lang='lat' dir='ltr'><strong>quud</strong></span> <span class='ocrx_word' id='word_1_20' title='bbox 937 585 982 638; x_wconf 89' lang='lat' dir='ltr'><strong>est</strong></span> <span class='ocrx_word' id='word_1_21' title='bbox 991 597 1085 657; x_wconf 91' lang='lat' dir='ltr'><strong>supra</strong></span> <span class='ocrx_word' id='word_1_22' title='bbox 1133 578 1191 638; x_wconf 90' lang='lat' dir='ltr'><strong>sibi</strong></span> <span class='ocrx_word' id='word_1_23' title='bbox 1210 579 1344 638; x_wconf 89' lang='lat' dir='ltr'><strong>invicem</strong></span> <span class='ocrx_word' id='word_1_24' title='bbox 1363 577 1577 656; x_wconf 89' lang='lat' dir='ltr'><strong>oppositorum</strong></span> <span class='ocrx_word' id='word_1_25' title='bbox 1598 575 1754 636; x_wconf 89' lang='lat' dir='ltr'><strong>distinctio</strong></span> <span class='ocrx_word' id='word_1_26' title='bbox 1777 593 1842 634; x_wconf 92' lang='lat' dir='ltr'><strong>non</strong></span> <span class='ocrx_word' id='word_1_27' title='bbox 1862 575 1900 635; x_wconf 85' lang='lat' dir='ltr'><strong>iu</strong></span> 
     </span>
     <span class='ocr_line' id='line_1_4' title="bbox 313 667 1900 752; baseline -0.005 -17"><span class='ocrx_word' id='word_1_28' title='bbox 313 675 445 750; x_wconf 90' lang='lat' dir='ltr'><strong>bonnm,</strong></span> <span class='ocrx_word' id='word_1_29' title='bbox 457 679 488 734; x_wconf 93' lang='lat' dir='ltr'><strong>et</strong></span> <span class='ocrx_word' id='word_1_30' title='bbox 500 675 602 752; x_wconf 89' lang='lat' dir='ltr'><strong>ipsum</strong></span> <span class='ocrx_word' id='word_1_31' title='bbox 617 691 688 733; x_wconf 86' lang='lat' dir='ltr'><strong>vere</strong></span> <span class='ocrx_word' id='word_1_32' title='bbox 701 676 757 746; x_wconf 91' lang='lat' dir='ltr'><strong>est,</strong></span> <span class='ocrx_word' id='word_1_33' title='bbox 774 677 805 730; x_wconf 91' lang='lat' dir='ltr'><strong>et</strong></span> <span class='ocrx_word' id='word_1_34' title='bbox 817 688 873 749; x_wconf 91' lang='lat' dir='ltr'><strong>per</strong></span> <span class='ocrx_word' id='word_1_35' title='bbox 891 688 923 729; x_wconf 90' lang='lat' dir='ltr'><strong>sc</strong></span> <span class='ocrx_word' id='word_1_36' title='bbox 941 669 1036 743; x_wconf 90' lang='lat' dir='ltr'><strong>dedit,</strong></span> <span class='ocrx_word' id='word_1_37' title='bbox 1054 675 1085 729; x_wconf 91' lang='lat' dir='ltr'><strong>et</strong></span> <span class='ocrx_word' id='word_1_38' title='bbox 1133 670 1355 745; x_wconf 77' lang='lat' dir='ltr'><strong>consideratur,</strong></span> <span class='ocrx_word' id='word_1_39' title='bbox 1370 674 1523 747; x_wconf 89' lang='lat' dir='ltr'><strong>tanquam</strong></span> <span class='ocrx_word' id='word_1_40' title='bbox 1536 668 1598 728; x_wconf 89' lang='lat' dir='ltr'><strong>duo</strong></span> <span class='ocrx_word' id='word_1_41' title='bbox 1610 667 1683 742; x_wconf 90' lang='lat' dir='ltr'><strong>sint,</strong></span> <span class='ocrx_word' id='word_1_42' title='bbox 1694 686 1767 746; x_wconf 85' lang='lat' dir='ltr'><strong>quae</strong></span> <span class='ocrx_word' id='word_1_43' title='bbox 1776 667 1900 727; x_wconf 84' lang='lat' dir='ltr'><strong>solidam</strong></span> 
     </span>
     <span class='ocr_line' id='line_1_5' title="bbox 314 759 1902 845; baseline -0.006 -19"><span class='ocrx_word' id='word_1_44' title='bbox 314 766 426 841; x_wconf 92' lang='lat' dir='ltr'><strong>datiis,</strong></span> <span class='ocrx_word' id='word_1_45' title='bbox 442 784 512 845; x_wconf 78' lang='lat' dir='ltr'><strong>quae</strong></span> <span class='ocrx_word' id='word_1_46' title='bbox 526 771 609 841; x_wconf 90' lang='lat' dir='ltr'><strong>sunt,</strong></span> <span class='ocrx_word' id='word_1_47' title='bbox 624 763 803 823; x_wconf 70' lang='lat' dir='ltr'><strong>facultatem</strong></span> <span class='ocrx_word' id='word_1_48' title='bbox 813 768 848 821; x_wconf 91' lang='lat' dir='ltr'><strong>ut</strong></span> <span class='ocrx_word' id='word_1_49' title='bbox 861 761 1037 839; x_wconf 88' lang='lat' dir='ltr'><strong>gignantur,</strong></span> <span class='ocrx_word' id='word_1_50' title='bbox 1054 766 1085 820; x_wconf 89' lang='lat' dir='ltr'><strong>et</strong></span> <span class='ocrx_word' id='word_1_51' title='bbox 1133 760 1270 821; x_wconf 79' lang='lat' dir='ltr'><strong>habeant</strong></span> <span class='ocrx_word' id='word_1_52' title='bbox 1284 760 1468 835; x_wconf 84' lang='lat' dir='ltr'><strong>extantiam;</strong></span> <span class='ocrx_word' id='word_1_53' title='bbox 1489 760 1543 819; x_wconf 88' lang='lat' dir='ltr'><strong>scd</strong></span> <span class='ocrx_word' id='word_1_54' title='bbox 1565 759 1693 839; x_wconf 80' lang='lat' dir='ltr'><strong>perinde</strong></span> <span class='ocrx_word' id='word_1_55' title='bbox 1715 763 1843 836; x_wconf 81' lang='lat' dir='ltr'><strong>atquae</strong></span> <span class='ocrx_word' id='word_1_56' title='bbox 1860 778 1902 818; x_wconf 76' lang='lat' dir='ltr'><strong>re</strong></span> 
     </span>
     <span class='ocr_line' id='line_1_6' title="bbox 313 851 1901 937; baseline -0.006 -19"><span class='ocrx_word' id='word_1_57' title='bbox 313 865 349 918; x_wconf 92' lang='lat' dir='ltr'><strong>ut</strong></span> <span class='ocrx_word' id='word_1_58' title='bbox 364 858 397 917; x_wconf 91' lang='lat' dir='ltr'><strong>in</strong></span> <span class='ocrx_word' id='word_1_59' title='bbox 411 876 460 933; x_wconf 92' lang='lat' dir='ltr'><strong>eo,</strong></span> <span class='ocrx_word' id='word_1_60' title='bbox 482 858 566 937; x_wconf 88' lang='lat' dir='ltr'><strong>quod</strong></span> <span class='ocrx_word' id='word_1_61' title='bbox 586 861 669 931; x_wconf 88' lang='lat' dir='ltr'><strong>sunt,</strong></span> <span class='ocrx_word' id='word_1_62' title='bbox 694 858 908 933; x_wconf 90' lang='lat' dir='ltr'><strong>permaneant.</strong></span> <span class='ocrx_word' id='word_1_63' title='bbox 930 852 1084 930; x_wconf 84' lang='lat' dir='ltr'><strong>Quidquid</strong></span> <span class='ocrx_word' id='word_1_64' title='bbox 1132 852 1225 929; x_wconf 89' lang='lat' dir='ltr'><strong>gione</strong></span> <span class='ocrx_word' id='word_1_65' title='bbox 1243 853 1322 913; x_wconf 91' lang='lat' dir='ltr'><strong>entis</strong></span> <span class='ocrx_word' id='word_1_66' title='bbox 1336 871 1401 912; x_wconf 93' lang='lat' dir='ltr'><strong>non</strong></span> <span class='ocrx_word' id='word_1_67' title='bbox 1415 870 1470 911; x_wconf 87' lang='lat' dir='ltr'><strong>ens</strong></span> <span class='ocrx_word' id='word_1_68' title='bbox 1488 851 1699 929; x_wconf 65' lang='lat' dir='ltr'><strong>distingutur.</strong></span> <span class='ocrx_word' id='word_1_69' title='bbox 1720 851 1785 910; x_wconf 85' lang='lat' dir='ltr'><strong>Nec</strong></span> <span class='ocrx_word' id='word_1_70' title='bbox 1808 857 1901 928; x_wconf 87' lang='lat' dir='ltr'><strong>potest</strong></span> 
     </span>
     <span class='ocr_line' id='line_1_7' title="bbox 313 942 1900 1028; baseline -0.004 -19"><span class='ocrx_word' id='word_1_71' title='bbox 313 955 419 1011; x_wconf 89' lang='lat' dir='ltr'><strong>autem</strong></span> <span class='ocrx_word' id='word_1_72' title='bbox 428 955 516 1010; x_wconf 84' lang='lat' dir='ltr'><strong>extra</strong></span> <span class='ocrx_word' id='word_1_73' title='bbox 526 950 628 1028; x_wconf 90' lang='lat' dir='ltr'><strong>ipsum</strong></span> <span class='ocrx_word' id='word_1_74' title='bbox 638 947 860 1020; x_wconf 87' lang='lat' dir='ltr'><strong>consideratur,</strong></span> <span class='ocrx_word' id='word_1_75' title='bbox 872 962 909 1004; x_wconf 90' lang='lat' dir='ltr'><strong>eo</strong></span> <span class='ocrx_word' id='word_1_76' title='bbox 921 943 1081 1022; x_wconf 79' lang='lat' dir='ltr'><strong>redigitur,</strong></span> <span class='ocrx_word' id='word_1_77' title='bbox 1133 942 1192 1003; x_wconf 93' lang='lat' dir='ltr'><strong>dici</strong></span> <span class='ocrx_word' id='word_1_78' title='bbox 1204 963 1269 1004; x_wconf 90' lang='lat' dir='ltr'><strong>non</strong></span> <span class='ocrx_word' id='word_1_79' title='bbox 1282 962 1337 1004; x_wconf 91' lang='lat' dir='ltr'><strong>ens</strong></span> <span class='ocrx_word' id='word_1_80' title='bbox 1350 944 1521 1004; x_wconf 89' lang='lat' dir='ltr'><strong>secundum</strong></span> <span class='ocrx_word' id='word_1_81' title='bbox 1534 942 1706 1003; x_wconf 77' lang='lat' dir='ltr'><strong>extantium</strong></span> <span class='ocrx_word' id='word_1_82' title='bbox 1725 948 1836 1002; x_wconf 75' lang='lat' dir='ltr'><strong>(unua</strong></span> <span class='ocrx_word' id='word_1_83' title='bbox 1852 962 1900 1002; x_wconf 89' lang='lat' dir='ltr'><strong>ens</strong></span> 
     </span>
     <span class='ocr_line' id='line_1_8' title="bbox 313 1034 1900 1115; baseline -0.006 -14"><span class='ocrx_word' id='word_1_84' title='bbox 313 1048 432 1103; x_wconf 90' lang='lat' dir='ltr'><strong>utnon</strong></span> <span class='ocrx_word' id='word_1_85' title='bbox 461 1041 614 1101; x_wconf 89' lang='lat' dir='ltr'><strong>consistat.</strong></span> <span class='ocrx_word' id='word_1_86' title='bbox 646 1039 735 1111; x_wconf 89' lang='lat' dir='ltr'><strong>Quod</strong></span> <span class='ocrx_word' id='word_1_87' title='bbox 762 1038 847 1097; x_wconf 91' lang='lat' dir='ltr'><strong>enim</strong></span> <span class='ocrx_word' id='word_1_88' title='bbox 867 1041 913 1097; x_wconf 91' lang='lat' dir='ltr'><strong>est</strong></span> <span class='ocrx_word' id='word_1_89' title='bbox 931 1041 1018 1096; x_wconf 85' lang='lat' dir='ltr'><strong>extra</strong></span> <span class='ocrx_word' id='word_1_90' title='bbox 1038 1035 1081 1111; x_wconf 89' lang='lat' dir='ltr'><strong>id,</strong></span> <span class='ocrx_word' id='word_1_91' title='bbox 1132 1034 1295 1115; x_wconf 90' lang='lat' dir='ltr'><strong>distingui;</strong></span> <span class='ocrx_word' id='word_1_92' title='bbox 1311 1036 1364 1097; x_wconf 90' lang='lat' dir='ltr'><strong>sed</strong></span> <span class='ocrx_word' id='word_1_93' title='bbox 1384 1054 1449 1095; x_wconf 92' lang='lat' dir='ltr'><strong>non</strong></span> <span class='ocrx_word' id='word_1_94' title='bbox 1465 1035 1634 1094; x_wconf 81' lang='lat' dir='ltr'><strong>extantium</strong></span> <span class='ocrx_word' id='word_1_95' title='bbox 1648 1034 1781 1094; x_wconf 83' lang='lat' dir='ltr'><strong>dicimus</strong></span> <span class='ocrx_word' id='word_1_96' title='bbox 1801 1039 1900 1093; x_wconf 72' lang='lat' dir='ltr'><strong>eatan</strong></span> 
     </span>
     <span class='ocr_line' id='line_1_9' title="bbox 312 1124 1897 1214; baseline -0.006 -20"><span class='ocrx_word' id='word_1_97' title='bbox 312 1134 396 1214; x_wconf 91' lang='lat' dir='ltr'><strong>quod</strong></span> <span class='ocrx_word' id='word_1_98' title='bbox 412 1139 469 1209; x_wconf 92' lang='lat' dir='ltr'><strong>est,</strong></span> <span class='ocrx_word' id='word_1_99' title='bbox 492 1151 558 1193; x_wconf 89' lang='lat' dir='ltr'><strong>non</strong></span> <span class='ocrx_word' id='word_1_100' title='bbox 575 1137 631 1192; x_wconf 89' lang='lat' dir='ltr'><strong>est.</strong></span> <span class='ocrx_word' id='word_1_101' title='bbox 658 1130 811 1203; x_wconf 82' lang='lat' dir='ltr'><strong>Quoniam</strong></span> <span class='ocrx_word' id='word_1_102' title='bbox 827 1129 921 1207; x_wconf 89' lang='lat' dir='ltr'><strong>igitur</strong></span> <span class='ocrx_word' id='word_1_103' title='bbox 941 1127 1084 1187; x_wconf 87' lang='lat' dir='ltr'><strong>charitati</strong></span> <span class='ocrx_word' id='word_1_104' title='bbox 1132 1126 1183 1187; x_wconf 84' lang='lat' dir='ltr'><strong>tiae</strong></span> <span class='ocrx_word' id='word_1_105' title='bbox 1198 1146 1236 1188; x_wconf 83' lang='lat' dir='ltr'><strong>ex</strong></span> <span class='ocrx_word' id='word_1_106' title='bbox 1252 1128 1381 1188; x_wconf 87' lang='lat' dir='ltr'><strong>adverso</strong></span> <span class='ocrx_word' id='word_1_107' title='bbox 1397 1128 1431 1187; x_wconf 93' lang='lat' dir='ltr'><strong>in</strong></span> <span class='ocrx_word' id='word_1_108' title='bbox 1444 1127 1640 1187; x_wconf 71' lang='lat' dir='ltr'><strong>duhncfione</strong></span> <span class='ocrx_word' id='word_1_109' title='bbox 1653 1124 1897 1204; x_wconf 54' lang='lat' dir='ltr'><strong>responderet»</strong></span> 
     </span>
     <span class='ocr_line' id='line_1_10' title="bbox 312 1217 1899 1303; baseline -0.004 -18"><span class='ocrx_word' id='word_1_110' title='bbox 312 1225 503 1285; x_wconf 84' lang='lat' dir='ltr'><strong>contrarium</strong></span> <span class='ocrx_word' id='word_1_111' title='bbox 516 1228 671 1303; x_wconf 89' lang='lat' dir='ltr'><strong>spectatur</strong></span> <span class='ocrx_word' id='word_1_112' title='bbox 684 1223 813 1295; x_wconf 90' lang='lat' dir='ltr'><strong>vitium;</strong></span> <span class='ocrx_word' id='word_1_113' title='bbox 829 1222 910 1281; x_wconf 90' lang='lat' dir='ltr'><strong>Deus</strong></span> <span class='ocrx_word' id='word_1_114' title='bbox 923 1225 1028 1279; x_wconf 90' lang='lat' dir='ltr'><strong>autem</strong></span> <span class='ocrx_word' id='word_1_115' title='bbox 1038 1224 1083 1279; x_wconf 90' lang='lat' dir='ltr'><strong>est</strong></span> <span class='ocrx_word' id='word_1_116' title='bbox 1132 1218 1169 1277; x_wconf 91' lang='lat' dir='ltr'><strong>Et</strong></span> <span class='ocrx_word' id='word_1_117' title='bbox 1180 1219 1279 1297; x_wconf 91' lang='lat' dir='ltr'><strong>capite</strong></span> <span class='ocrx_word' id='word_1_118' title='bbox 1293 1236 1395 1295; x_wconf 81' lang='lat' dir='ltr'><strong>xxuu,</strong></span> <span class='ocrx_word' id='word_1_119' title='bbox 1413 1220 1535 1279; x_wconf 77' lang='lat' dir='ltr'><strong>«Deum</strong></span> <span class='ocrx_word' id='word_1_120' title='bbox 1548 1218 1592 1278; x_wconf 87' lang='lat' dir='ltr'><strong>ait</strong></span> <span class='ocrx_word' id='word_1_121' title='bbox 1606 1217 1646 1277; x_wconf 89' lang='lat' dir='ltr'><strong>ab</strong></span> <span class='ocrx_word' id='word_1_122' title='bbox 1660 1217 1726 1276; x_wconf 87' lang='lat' dir='ltr'><strong>sola</strong></span> <span class='ocrx_word' id='word_1_123' title='bbox 1743 1217 1899 1278; x_wconf 85' lang='lat' dir='ltr'><strong>vitiositate</strong></span> 
     </span>
     <span class='ocr_line' id='line_1_11' title="bbox 311 1311 1899 1396; baseline -0.006 -18"><span class='ocrx_word' id='word_1_124' title='bbox 311 1317 446 1396; x_wconf 86' lang='lat' dir='ltr'><strong>perfecta</strong></span> <span class='ocrx_word' id='word_1_125' title='bbox 469 1322 500 1377; x_wconf 92' lang='lat' dir='ltr'><strong>ct</strong></span> <span class='ocrx_word' id='word_1_126' title='bbox 521 1315 664 1376; x_wconf 86' lang='lat' dir='ltr'><strong>absoluta</strong></span> <span class='ocrx_word' id='word_1_127' title='bbox 680 1315 788 1389; x_wconf 77' lang='lat' dir='ltr'><strong>virurs,</strong></span> <span class='ocrx_word' id='word_1_128' title='bbox 809 1318 897 1373; x_wconf 81' lang='lat' dir='ltr'><strong>extra</strong></span> <span class='ocrx_word' id='word_1_129' title='bbox 918 1314 1017 1372; x_wconf 85' lang='lat' dir='ltr'><strong>Deum</strong></span> <span class='ocrx_word' id='word_1_130' title='bbox 1037 1317 1083 1372; x_wconf 89' lang='lat' dir='ltr'><strong>est</strong></span> <span class='ocrx_word' id='word_1_131' title='bbox 1131 1311 1278 1389; x_wconf 90' lang='lat' dir='ltr'><strong>separari,</strong></span> <span class='ocrx_word' id='word_1_132' title='bbox 1312 1316 1343 1372; x_wconf 90' lang='lat' dir='ltr'><strong>et</strong></span> <span class='ocrx_word' id='word_1_133' title='bbox 1373 1311 1454 1371; x_wconf 86' lang='lat' dir='ltr'><strong>hanc</strong></span> <span class='ocrx_word' id='word_1_134' title='bbox 1484 1311 1585 1390; x_wconf 89' lang='lat' dir='ltr'><strong>ipsam</strong></span> <span class='ocrx_word' id='word_1_135' title='bbox 1619 1315 1732 1370; x_wconf 86' lang='lat' dir='ltr'><strong>natura</strong></span> <span class='ocrx_word' id='word_1_136' title='bbox 1767 1315 1899 1369; x_wconf 86' lang='lat' dir='ltr'><strong>constare</strong></span> 
     </span>
     <span class='ocr_line' id='line_1_12' title="bbox 311 1401 1278 1487; baseline -0.008 -19"><span class='ocrx_word' id='word_1_137' title='bbox 311 1409 432 1485; x_wconf 90' lang='lat' dir='ltr'><strong>vitium,</strong></span> <span class='ocrx_word' id='word_1_138' title='bbox 449 1408 536 1487; x_wconf 88' lang='lat' dir='ltr'><strong>cujus</strong></span> <span class='ocrx_word' id='word_1_139' title='bbox 557 1413 670 1467; x_wconf 89' lang='lat' dir='ltr'><strong>natura</strong></span> <span class='ocrx_word' id='word_1_140' title='bbox 694 1425 759 1466; x_wconf 91' lang='lat' dir='ltr'><strong>non</strong></span> <span class='ocrx_word' id='word_1_141' title='bbox 772 1406 806 1465; x_wconf 91' lang='lat' dir='ltr'><strong>in</strong></span> <span class='ocrx_word' id='word_1_142' title='bbox 826 1423 874 1480; x_wconf 91' lang='lat' dir='ltr'><strong>eo,</strong></span> <span class='ocrx_word' id='word_1_143' title='bbox 898 1410 933 1464; x_wconf 94' lang='lat' dir='ltr'><strong>ut</strong></span> <span class='ocrx_word' id='word_1_144' title='bbox 950 1404 1081 1482; x_wconf 73' lang='lat' dir='ltr'><strong>ipsunt,</strong></span> <span class='ocrx_word' id='word_1_145' title='bbox 1131 1401 1250 1462; x_wconf 76' lang='lat' dir='ltr'><strong>nulla⁶.</strong></span> <span class='ocrx_word' id='word_1_146' title='bbox 1263 1424 1278 1460; x_wconf 82' lang='grc' dir='ltr'>ν</span> 
     </span>
     <span class='ocr_line' id='line_1_13' title="bbox 310 1483 1896 1579; baseline -0.006 -18"><span class='ocrx_word' id='word_1_147' title='bbox 310 1502 364 1561; x_wconf 87' lang='lat' dir='ltr'><strong>scd</strong></span> <span class='ocrx_word' id='word_1_148' title='bbox 381 1501 414 1561; x_wconf 91' lang='lat' dir='ltr'><strong>in</strong></span> <span class='ocrx_word' id='word_1_149' title='bbox 427 1519 476 1575; x_wconf 90' lang='lat' dir='ltr'><strong>cu,</strong></span> <span class='ocrx_word' id='word_1_150' title='bbox 491 1500 575 1579; x_wconf 89' lang='lat' dir='ltr'><strong>quod</strong></span> <span class='ocrx_word' id='word_1_151' title='bbox 592 1498 712 1559; x_wconf 90' lang='lat' dir='ltr'><strong>bonurn</strong></span> <span class='ocrx_word' id='word_1_152' title='bbox 729 1497 860 1571; x_wconf 89' lang='lat' dir='ltr'><strong>nonsit,</strong></span> <span class='ocrx_word' id='word_1_153' title='bbox 878 1496 1081 1575; x_wconf 89' lang='lat' dir='ltr'><strong>comprehen·</strong></span> <span class='ocrx_word' id='word_1_154' title='bbox 1171 1494 1231 1554; x_wconf 88' lang='lat' dir='ltr'><strong>Sed</strong></span> <span class='ocrx_word' id='word_1_155' title='bbox 1244 1483 1441 1554; x_wconf 83' lang='lat' dir='ltr'><strong>disertissime</strong></span> <span class='ocrx_word' id='word_1_156' title='bbox 1455 1512 1491 1554; x_wconf 89' lang='lat' dir='ltr'><strong>ac</strong></span> <span class='ocrx_word' id='word_1_157' title='bbox 1515 1491 1759 1553; x_wconf 84' lang='lat' dir='ltr'><strong>luculentissime</strong></span> <span class='ocrx_word' id='word_1_158' title='bbox 1772 1492 1896 1572; x_wconf 86' lang='lat' dir='ltr'><strong>idipsum</strong></span> 
     </span>
     <span class='ocr_line' id='line_1_14' title="bbox 286 1585 1895 1668; baseline -0.004 -15"><span class='ocrx_word' id='word_1_159' title='bbox 286 1593 404 1668; x_wconf 87' lang='lat' dir='ltr'><strong>ditur.</strong></span> <span class='ocrx_word' id='word_1_160' title='bbox 429 1593 509 1652; x_wconf 89' lang='lat' dir='ltr'><strong>Nam</strong></span> <span class='ocrx_word' id='word_1_161' title='bbox 531 1591 643 1651; x_wconf 91' lang='lat' dir='ltr'><strong>vitium</strong></span> <span class='ocrx_word' id='word_1_162' title='bbox 662 1589 856 1649; x_wconf 90' lang='lat' dir='ltr'><strong>ostendimus</strong></span> <span class='ocrx_word' id='word_1_163' title='bbox 877 1599 995 1647; x_wconf 89' lang='lat' dir='ltr'><strong>nomen</strong></span> <span class='ocrx_word' id='word_1_164' title='bbox 1017 1606 1082 1648; x_wconf 84' lang='lat' dir='ltr'><strong>esse</strong></span> <span class='ocrx_word' id='word_1_165' title='bbox 1130 1586 1262 1665; x_wconf 86' lang='lat' dir='ltr'><strong>explicat</strong></span> <span class='ocrx_word' id='word_1_166' title='bbox 1275 1586 1427 1665; x_wconf 88' lang='lat' dir='ltr'><strong>inquintu</strong></span> <span class='ocrx_word' id='word_1_167' title='bbox 1442 1585 1895 1664; x_wconf 82' lang='lat' dir='ltr'><strong>capiteejusdcmoperis.h&#39;an</strong></span> 
     </span>
     <span class='ocr_line' id='line_1_15' title="bbox 311 1677 1895 1761; baseline -0.004 -17"><span class='ocrx_word' id='word_1_168' title='bbox 311 1684 445 1745; x_wconf 89' lang='lat' dir='ltr'><strong>notionis</strong></span> <span class='ocrx_word' id='word_1_169' title='bbox 459 1683 631 1761; x_wconf 86' lang='lat' dir='ltr'><strong>eujusdam,</strong></span> <span class='ocrx_word' id='word_1_170' title='bbox 647 1700 717 1760; x_wconf 78' lang='lat' dir='ltr'><strong>quae</strong></span> <span class='ocrx_word' id='word_1_171' title='bbox 736 1686 780 1740; x_wconf 87' lang='lat' dir='ltr'><strong>est</strong></span> <span class='ocrx_word' id='word_1_172' title='bbox 793 1686 881 1741; x_wconf 80' lang='lat' dir='ltr'><strong>extra</strong></span> <span class='ocrx_word' id='word_1_173' title='bbox 895 1680 1023 1739; x_wconf 89' lang='lat' dir='ltr'><strong>bonum.</strong></span> <span class='ocrx_word' id='word_1_174' title='bbox 1036 1679 1082 1739; x_wconf 90' lang='lat' dir='ltr'><strong>lta</strong></span> <span class='ocrx_word' id='word_1_175' title='bbox 1131 1683 1289 1756; x_wconf 87' lang='lat' dir='ltr'><strong>peccatum</strong></span> <span class='ocrx_word' id='word_1_176' title='bbox 1312 1698 1349 1739; x_wconf 90' lang='lat' dir='ltr'><strong>ac</strong></span> <span class='ocrx_word' id='word_1_177' title='bbox 1362 1678 1563 1739; x_wconf 86' lang='lat' dir='ltr'><strong>vitiositatem</strong></span> <span class='ocrx_word' id='word_1_178' title='bbox 1574 1677 1750 1737; x_wconf 68' lang='lat' dir='ltr'><strong>alienatore</strong></span> <span class='ocrx_word' id='word_1_179' title='bbox 1764 1678 1829 1738; x_wconf 87' lang='lat' dir='ltr'><strong>Deo</strong></span> <span class='ocrx_word' id='word_1_180' title='bbox 1842 1697 1895 1738; x_wconf 89' lang='lat' dir='ltr'><strong>nou</strong></span> 
     </span>
     <span class='ocr_line' id='line_1_16' title="bbox 311 1769 1896 1852; baseline -0.004 -16"><span class='ocrx_word' id='word_1_181' title='bbox 311 1775 522 1836; x_wconf 83' lang='lat' dir='ltr'><strong>consideratur</strong></span> <span class='ocrx_word' id='word_1_182' title='bbox 535 1775 647 1834; x_wconf 89' lang='lat' dir='ltr'><strong>vitium</strong></span> <span class='ocrx_word' id='word_1_183' title='bbox 655 1778 691 1833; x_wconf 89' lang='lat' dir='ltr'><strong>ut</strong></span> <span class='ocrx_word' id='word_1_184' title='bbox 702 1772 878 1852; x_wconf 84' lang='lat' dir='ltr'><strong>oppositum</strong></span> <span class='ocrx_word' id='word_1_185' title='bbox 887 1770 988 1845; x_wconf 87' lang='lat' dir='ltr'><strong>bouo;</strong></span> <span class='ocrx_word' id='word_1_186' title='bbox 1003 1771 1082 1831; x_wconf 88' lang='lat' dir='ltr'><strong>sieut</strong></span> <span class='ocrx_word' id='word_1_187' title='bbox 1130 1788 1195 1831; x_wconf 88' lang='lat' dir='ltr'><strong>esse</strong></span> <span class='ocrx_word' id='word_1_188' title='bbox 1209 1770 1331 1851; x_wconf 86' lang='lat' dir='ltr'><strong>probat,</strong></span> <span class='ocrx_word' id='word_1_189' title='bbox 1353 1771 1426 1849; x_wconf 89' lang='lat' dir='ltr'><strong>quia</strong></span> <span class='ocrx_word' id='word_1_190' title='bbox 1449 1771 1526 1831; x_wconf 88' lang='lat' dir='ltr'><strong>nihil</strong></span> <span class='ocrx_word' id='word_1_191' title='bbox 1549 1775 1596 1830; x_wconf 87' lang='lat' dir='ltr'><strong>est</strong></span> <span class='ocrx_word' id='word_1_192' title='bbox 1613 1769 1709 1845; x_wconf 86' lang='lat' dir='ltr'><strong>aliud,</strong></span> <span class='ocrx_word' id='word_1_193' title='bbox 1728 1788 1827 1848; x_wconf 87' lang='lat' dir='ltr'><strong>quam</strong></span> <span class='ocrx_word' id='word_1_194' title='bbox 1845 1772 1896 1850; x_wconf 91' lang='lat' dir='ltr'><strong>pri-</strong></span> 
     </span>
     <span class='ocr_line' id='line_1_17' title="bbox 310 1862 1893 1947; baseline -0.004 -19"><span class='ocrx_word' id='word_1_195' title='bbox 310 1869 395 1947; x_wconf 88' lang='lat' dir='ltr'><strong>qued</strong></span> <span class='ocrx_word' id='word_1_196' title='bbox 413 1885 477 1926; x_wconf 89' lang='lat' dir='ltr'><strong>nun</strong></span> <span class='ocrx_word' id='word_1_197' title='bbox 495 1872 552 1941; x_wconf 90' lang='lat' dir='ltr'><strong>est,</strong></span> <span class='ocrx_word' id='word_1_198' title='bbox 576 1865 615 1925; x_wconf 89' lang='lat' dir='ltr'><strong>ah</strong></span> <span class='ocrx_word' id='word_1_199' title='bbox 637 1883 674 1925; x_wconf 88' lang='lat' dir='ltr'><strong>ee</strong></span> <span class='ocrx_word' id='word_1_200' title='bbox 698 1863 781 1943; x_wconf 91' lang='lat' dir='ltr'><strong>quod</strong></span> <span class='ocrx_word' id='word_1_201' title='bbox 804 1868 860 1937; x_wconf 88' lang='lat' dir='ltr'><strong>est,</strong></span> <span class='ocrx_word' id='word_1_202' title='bbox 883 1869 1033 1942; x_wconf 88' lang='lat' dir='ltr'><strong>tanquam</strong></span> <span class='ocrx_word' id='word_1_203' title='bbox 1053 1863 1082 1923; x_wconf 92' lang='lat' dir='ltr'><strong>ei</strong></span> <span class='ocrx_word' id='word_1_204' title='bbox 1129 1862 1224 1937; x_wconf 91' lang='lat' dir='ltr'><strong>vatio,</strong></span> <span class='ocrx_word' id='word_1_205' title='bbox 1248 1862 1298 1922; x_wconf 91' lang='lat' dir='ltr'><strong>vel</strong></span> <span class='ocrx_word' id='word_1_206' title='bbox 1318 1880 1454 1923; x_wconf 81' lang='lat' dir='ltr'><strong>recessus</strong></span> <span class='ocrx_word' id='word_1_207' title='bbox 1477 1863 1517 1922; x_wconf 86' lang='lat' dir='ltr'><strong>ab</strong></span> <span class='ocrx_word' id='word_1_208' title='bbox 1536 1862 1709 1922; x_wconf 85' lang='lat' dir='ltr'><strong>honestate.</strong></span> <span class='ocrx_word' id='word_1_209' title='bbox 1741 1863 1807 1922; x_wconf 82' lang='lat' dir='ltr'><strong>uUt</strong></span> <span class='ocrx_word' id='word_1_210' title='bbox 1822 1862 1893 1922; x_wconf 88' lang='lat' dir='ltr'><strong>enin</strong></span> 
     </span>
     <span class='ocr_line' id='line_1_18' title="bbox 310 1953 1892 2036; baseline -0.003 -17"><span class='ocrx_word' id='word_1_211' title='bbox 310 1960 475 2020; x_wconf 90' lang='lat' dir='ltr'><strong>adversum</strong></span> <span class='ocrx_word' id='word_1_212' title='bbox 504 1957 760 2036; x_wconf 72' lang='lat' dir='ltr'><strong>disungutrurr.»</strong></span> <span class='ocrx_word' id='word_1_213' title='bbox 795 1956 830 2015; x_wconf 92' lang='lat' dir='ltr'><strong>ln</strong></span> <span class='ocrx_word' id='word_1_214' title='bbox 861 1955 909 2015; x_wconf 87' lang='lat' dir='ltr'><strong>his</strong></span> <span class='ocrx_word' id='word_1_215' title='bbox 943 1955 1081 2033; x_wconf 76' lang='lat' dir='ltr'><strong>Gregorii</strong></span> <span class='ocrx_word' id='word_1_216' title='bbox 1129 1953 1206 2013; x_wconf 89' lang='lat' dir='ltr'><strong>visio</strong></span> <span class='ocrx_word' id='word_1_217' title='bbox 1220 1959 1341 2014; x_wconf 75' lang='lat' dir='ltr'><strong>naturae</strong></span> <span class='ocrx_word' id='word_1_218' title='bbox 1355 1959 1401 2015; x_wconf 91' lang='lat' dir='ltr'><strong>est</strong></span> <span class='ocrx_word' id='word_1_219' title='bbox 1415 1953 1570 2032; x_wconf 81' lang='lat' dir='ltr'><strong>operati03</strong></span> <span class='ocrx_word' id='word_1_220' title='bbox 1586 1953 1706 2013; x_wconf 84' lang='lat' dir='ltr'><strong>caecitas</strong></span> <span class='ocrx_word' id='word_1_221' title='bbox 1723 1971 1801 2013; x_wconf 86' lang='lat' dir='ltr'><strong>vcro</strong></span> <span class='ocrx_word' id='word_1_222' title='bbox 1814 1960 1892 2014; x_wconf 79' lang='lat' dir='ltr'><strong>natr-</strong></span> 
     </span>
     <span class='ocr_line' id='line_1_19' title="bbox 309 2044 1893 2126; baseline -0.002 -18"><span class='ocrx_word' id='word_1_223' title='bbox 309 2049 411 2111; x_wconf 88' lang='lat' dir='ltr'><strong>verhis</strong></span> <span class='ocrx_word' id='word_1_224' title='bbox 431 2048 741 2110; x_wconf 87' lang='lat' dir='ltr'><strong>animadvertendum</strong></span> <span class='ocrx_word' id='word_1_225' title='bbox 761 2047 896 2106; x_wconf 86' lang='lat' dir='ltr'><strong>maxime</strong></span> <span class='ocrx_word' id='word_1_226' title='bbox 916 2051 972 2121; x_wconf 91' lang='lat' dir='ltr'><strong>est,</strong></span> <span class='ocrx_word' id='word_1_227' title='bbox 997 2047 1081 2126; x_wconf 88' lang='lat' dir='ltr'><strong>quod</strong></span> <span class='ocrx_word' id='word_1_228' title='bbox 1129 2045 1202 2105; x_wconf 90' lang='lat' dir='ltr'><strong>ralis</strong></span> <span class='ocrx_word' id='word_1_229' title='bbox 1217 2051 1262 2107; x_wconf 86' lang='lat' dir='ltr'><strong>est</strong></span> <span class='ocrx_word' id='word_1_230' title='bbox 1275 2046 1404 2105; x_wconf 73' lang='lat' dir='ltr'><strong>achonis</strong></span> <span class='ocrx_word' id='word_1_231' title='bbox 1417 2044 1549 2124; x_wconf 89' lang='lat' dir='ltr'><strong>privatio</strong></span> <span class='ocrx_word' id='word_1_232' title='bbox 1567 2063 1574 2103; x_wconf 73' lang='grc' dir='ltr'>ε</span> <span class='ocrx_word' id='word_1_233' title='bbox 1589 2045 1632 2104; x_wconf 87' lang='lat' dir='ltr'><strong>ita</strong></span> <span class='ocrx_word' id='word_1_234' title='bbox 1645 2050 1677 2104; x_wconf 91' lang='lat' dir='ltr'><strong>et</strong></span> <span class='ocrx_word' id='word_1_235' title='bbox 1690 2044 1791 2105; x_wconf 82' lang='lat' dir='ltr'><strong>virtus</strong></span> <span class='ocrx_word' id='word_1_236' title='bbox 1812 2066 1893 2126; x_wconf 82' lang='lat' dir='ltr'><strong>oppo</strong></span> 
     </span>
     <span class='ocr_line' id='line_1_20' title="bbox 310 2136 1892 2218; baseline -0.002 -17"><span class='ocrx_word' id='word_1_237' title='bbox 310 2142 364 2218; x_wconf 89' lang='lat' dir='ltr'><strong>ait,</strong></span> <span class='ocrx_word' id='word_1_238' title='bbox 375 2141 494 2201; x_wconf 90' lang='lat' dir='ltr'><strong>melum</strong></span> <span class='ocrx_word' id='word_1_239' title='bbox 507 2146 538 2200; x_wconf 90' lang='lat' dir='ltr'><strong>et</strong></span> <span class='ocrx_word' id='word_1_240' title='bbox 548 2140 658 2200; x_wconf 86' lang='lat' dir='ltr'><strong>vitimn</strong></span> <span class='ocrx_word' id='word_1_241' title='bbox 670 2139 715 2198; x_wconf 86' lang='lat' dir='ltr'><strong>ita</strong></span> <span class='ocrx_word' id='word_1_242' title='bbox 725 2138 820 2198; x_wconf 88' lang='lat' dir='ltr'><strong>dividi</strong></span> <span class='ocrx_word' id='word_1_243' title='bbox 834 2156 853 2196; x_wconf 89' lang='lat' dir='ltr'><strong>a</strong></span> <span class='ocrx_word' id='word_1_244' title='bbox 867 2137 961 2211; x_wconf 87' lang='lat' dir='ltr'><strong>hono,</strong></span> <span class='ocrx_word' id='word_1_245' title='bbox 975 2137 1033 2212; x_wconf 87' lang='lat' dir='ltr'><strong>vel,</strong></span> <span class='ocrx_word' id='word_1_246' title='bbox 1044 2143 1082 2197; x_wconf 91' lang='lat' dir='ltr'><strong>ut</strong></span> <span class='ocrx_word' id='word_1_247' title='bbox 1130 2136 1188 2197; x_wconf 87' lang='lat' dir='ltr'><strong>sita</strong></span> <span class='ocrx_word' id='word_1_248' title='bbox 1202 2142 1248 2197; x_wconf 87' lang='lat' dir='ltr'><strong>est</strong></span> <span class='ocrx_word' id='word_1_249' title='bbox 1261 2136 1431 2197; x_wconf 88' lang='lat' dir='ltr'><strong>vitiositati.</strong></span> <span class='ocrx_word' id='word_1_250' title='bbox 1450 2137 1519 2197; x_wconf 90' lang='lat' dir='ltr'><strong>Non</strong></span> <span class='ocrx_word' id='word_1_251' title='bbox 1531 2136 1616 2196; x_wconf 91' lang='lat' dir='ltr'><strong>enim</strong></span> <span class='ocrx_word' id='word_1_252' title='bbox 1628 2141 1729 2215; x_wconf 88' lang='lat' dir='ltr'><strong>potest</strong></span> <span class='ocrx_word' id='word_1_253' title='bbox 1743 2137 1805 2197; x_wconf 85' lang='lat' dir='ltr'><strong>aha</strong></span> <span class='ocrx_word' id='word_1_254' title='bbox 1819 2139 1892 2199; x_wconf 79' lang='lat' dir='ltr'><strong>vitio</strong></span> 
     </span>
     <span class='ocr_line' id='line_1_21' title="bbox 308 2228 1890 2309; baseline -0.001 -17"><span class='ocrx_word' id='word_1_255' title='bbox 308 2233 343 2292; x_wconf 93' lang='lat' dir='ltr'><strong>in</strong></span> <span class='ocrx_word' id='word_1_256' title='bbox 359 2232 470 2293; x_wconf 87' lang='lat' dir='ltr'><strong>scholis</strong></span> <span class='ocrx_word' id='word_1_257' title='bbox 492 2232 645 2292; x_wconf 86' lang='lat' dir='ltr'><strong>familiare</strong></span> <span class='ocrx_word' id='word_1_258' title='bbox 665 2236 711 2291; x_wconf 91' lang='lat' dir='ltr'><strong>est</strong></span> <span class='ocrx_word' id='word_1_259' title='bbox 733 2229 831 2309; x_wconf 90' lang='lat' dir='ltr'><strong>loqui,</strong></span> <span class='ocrx_word' id='word_1_260' title='bbox 857 2237 958 2289; x_wconf 85' lang='lat' dir='ltr'><strong>contra</strong></span> <span class='ocrx_word' id='word_1_261' title='bbox 978 2228 1081 2290; x_wconf 83' lang='grc' dir='ltr'>ὄοιιιιιιι</span> <span class='ocrx_word' id='word_1_262' title='bbox 1130 2228 1227 2288; x_wconf 88' lang='lat' dir='ltr'><strong>sitatis</strong></span> <span class='ocrx_word' id='word_1_263' title='bbox 1243 2229 1330 2308; x_wconf 89' lang='lat' dir='ltr'><strong>origo</strong></span> <span class='ocrx_word' id='word_1_264' title='bbox 1345 2229 1485 2308; x_wconf 88' lang='lat' dir='ltr'><strong>cogitari,</strong></span> <span class='ocrx_word' id='word_1_265' title='bbox 1501 2247 1597 2307; x_wconf 88' lang='lat' dir='ltr'><strong>quam</strong></span> <span class='ocrx_word' id='word_1_266' title='bbox 1610 2228 1734 2289; x_wconf 90' lang='lat' dir='ltr'><strong>virtutis</strong></span> <span class='ocrx_word' id='word_1_267' title='bbox 1750 2228 1890 2291; x_wconf 77' lang='lat' dir='ltr'><strong>abscede</strong></span> 
     </span>
     <span class='ocr_line' id='line_1_22' title="bbox 309 2319 1891 2401; baseline -0.001 -17"><span class='ocrx_word' id='word_1_268' title='bbox 309 2323 415 2391; x_wconf 76' lang='lat' dir='ltr'><strong>dividi,</strong></span> <span class='ocrx_word' id='word_1_269' title='bbox 442 2329 592 2401; x_wconf 87' lang='lat' dir='ltr'><strong>tanquam</strong></span> <span class='ocrx_word' id='word_1_270' title='bbox 605 2342 661 2382; x_wconf 83' lang='lat' dir='ltr'><strong>aaa</strong></span> <span class='ocrx_word' id='word_1_271' title='bbox 674 2340 723 2381; x_wconf 82' lang='lat' dir='ltr'><strong>erra</strong></span> <span class='ocrx_word' id='word_1_272' title='bbox 740 2329 905 2382; x_wconf 82' lang='lat' dir='ltr'><strong>contraeas</strong></span> <span class='ocrx_word' id='word_1_273' title='bbox 923 2319 1078 2382; x_wconf 78' lang='lat' dir='ltr'><strong>dividitor.</strong></span> <span class='ocrx_word' id='word_1_274' title='bbox 1130 2321 1289 2399; x_wconf 86' lang='lat' dir='ltr'><strong>Siquidem</strong></span> <span class='ocrx_word' id='word_1_275' title='bbox 1299 2321 1344 2381; x_wconf 87' lang='lat' dir='ltr'><strong>uti</strong></span> <span class='ocrx_word' id='word_1_276' title='bbox 1358 2321 1514 2382; x_wconf 88' lang='lat' dir='ltr'><strong>subtracto</strong></span> <span class='ocrx_word' id='word_1_277' title='bbox 1529 2319 1660 2396; x_wconf 90' lang='lat' dir='ltr'><strong>lumine,</strong></span> <span class='ocrx_word' id='word_1_278' title='bbox 1677 2322 1815 2383; x_wconf 77' lang='lat' dir='ltr'><strong>tenebra</strong></span> <span class='ocrx_word' id='word_1_279' title='bbox 1829 2342 1891 2383; x_wconf 88' lang='lat' dir='ltr'><strong>con·</strong></span> 
     </span>
     <span class='ocr_line' id='line_1_23' title="bbox 310 2411 1892 2494; baseline 0.001 -20"><span class='ocrx_word' id='word_1_280' title='bbox 310 2415 385 2487; x_wconf 84' lang='lat' dir='ltr'><strong>Quae</strong></span> <span class='ocrx_word' id='word_1_281' title='bbox 398 2415 551 2474; x_wconf 89' lang='lat' dir='ltr'><strong>sententia</strong></span> <span class='ocrx_word' id='word_1_282' title='bbox 565 2431 719 2493; x_wconf 81' lang='lat' dir='ltr'><strong>nuperum</strong></span> <span class='ocrx_word' id='word_1_283' title='bbox 731 2413 818 2472; x_wconf 84' lang='lat' dir='ltr'><strong>iilam</strong></span> <span class='ocrx_word' id='word_1_284' title='bbox 830 2412 868 2472; x_wconf 91' lang='lat' dir='ltr'><strong>de</strong></span> <span class='ocrx_word' id='word_1_285' title='bbox 883 2411 959 2472; x_wconf 85' lang='lat' dir='ltr'><strong>mali</strong></span> <span class='ocrx_word' id='word_1_286' title='bbox 970 2417 1002 2471; x_wconf 91' lang='lat' dir='ltr'><strong>et</strong></span> <span class='ocrx_word' id='word_1_287' title='bbox 1014 2432 1081 2491; x_wconf 89' lang='lat' dir='ltr'><strong>pec·</strong></span> <span class='ocrx_word' id='word_1_288' title='bbox 1129 2419 1313 2491; x_wconf 87' lang='lat' dir='ltr'><strong>sequuntur,</strong></span> <span class='ocrx_word' id='word_1_289' title='bbox 1327 2419 1489 2493; x_wconf 76' lang='lat' dir='ltr'><strong>prasente,</strong></span> <span class='ocrx_word' id='word_1_290' title='bbox 1508 2431 1573 2473; x_wconf 91' lang='lat' dir='ltr'><strong>non</strong></span> <span class='ocrx_word' id='word_1_291' title='bbox 1585 2418 1658 2473; x_wconf 88' lang='lat' dir='ltr'><strong>sunt</strong></span> <span class='ocrx_word' id='word_1_292' title='bbox 1669 2433 1677 2488; x_wconf 84' lang='lat'>3</span> <span class='ocrx_word' id='word_1_293' title='bbox 1692 2415 1738 2474; x_wconf 90' lang='lat' dir='ltr'><strong>ita</strong></span> <span class='ocrx_word' id='word_1_294' title='bbox 1753 2416 1892 2494; x_wconf 87' lang='lat' dir='ltr'><strong>quamdiu</strong></span> 
     </span>
     <span class='ocr_line' id='line_1_24' title="bbox 310 2502 1891 2586; baseline 0.002 -21"><span class='ocrx_word' id='word_1_295' title='bbox 310 2505 370 2565; x_wconf 87' lang='lat' dir='ltr'><strong>eati</strong></span> <span class='ocrx_word' id='word_1_296' title='bbox 385 2505 529 2586; x_wconf 82' lang='lat' dir='ltr'><strong>poeitr&#39;co,</strong></span> <span class='ocrx_word' id='word_1_297' title='bbox 552 2511 587 2564; x_wconf 89' lang='lat' dir='ltr'><strong>nt</strong></span> <span class='ocrx_word' id='word_1_298' title='bbox 609 2508 732 2579; x_wconf 89' lang='lat' dir='ltr'><strong>vocant,</strong></span> <span class='ocrx_word' id='word_1_299' title='bbox 756 2503 881 2564; x_wconf 81' lang='lat' dir='ltr'><strong>eutitate</strong></span> <span class='ocrx_word' id='word_1_300' title='bbox 903 2502 1081 2582; x_wconf 88' lang='lat' dir='ltr'><strong>opinionem</strong></span> <span class='ocrx_word' id='word_1_301' title='bbox 1129 2503 1248 2564; x_wconf 92' lang='lat' dir='ltr'><strong>bonum</strong></span> <span class='ocrx_word' id='word_1_302' title='bbox 1262 2505 1343 2565; x_wconf 88' lang='lat' dir='ltr'><strong>inest</strong></span> <span class='ocrx_word' id='word_1_303' title='bbox 1355 2511 1488 2579; x_wconf 85' lang='lat' dir='ltr'><strong>naturae,</strong></span> <span class='ocrx_word' id='word_1_304' title='bbox 1507 2504 1655 2565; x_wconf 88' lang='lat' dir='ltr'><strong>vitiositas</strong></span> <span class='ocrx_word' id='word_1_305' title='bbox 1674 2524 1731 2584; x_wconf 87' lang='lat' dir='ltr'><strong>per</strong></span> <span class='ocrx_word' id='word_1_306' title='bbox 1749 2526 1782 2567; x_wconf 88' lang='lat' dir='ltr'><strong>se</strong></span> <span class='ocrx_word' id='word_1_307' title='bbox 1798 2513 1891 2568; x_wconf 80' lang='lat' dir='ltr'><strong>exten</strong></span> 
     </span>
     <span class='ocr_line' id='line_1_25' title="bbox 310 2595 1890 2678; baseline 0.002 -21"><span class='ocrx_word' id='word_1_308' title='bbox 310 2598 430 2662; x_wconf 88' lang='lat' dir='ltr'><strong>evertit.</strong></span> <span class='ocrx_word' id='word_1_309' title='bbox 455 2598 520 2657; x_wconf 91' lang='lat' dir='ltr'><strong>Hoc</strong></span> <span class='ocrx_word' id='word_1_310' title='bbox 543 2596 629 2657; x_wconf 91' lang='lat' dir='ltr'><strong>enim</strong></span> <span class='ocrx_word' id='word_1_311' title='bbox 651 2596 806 2674; x_wconf 70' lang='lat' dir='ltr'><strong>precipue</strong></span> <span class='ocrx_word' id='word_1_312' title='bbox 835 2601 1031 2673; x_wconf 89' lang='lat' dir='ltr'><strong>argumento,</strong></span> <span class='ocrx_word' id='word_1_313' title='bbox 1056 2597 1081 2656; x_wconf 90' lang='lat' dir='ltr'><strong>si</strong></span> <span class='ocrx_word' id='word_1_314' title='bbox 1129 2595 1205 2656; x_wconf 89' lang='lat' dir='ltr'><strong>tiam</strong></span> <span class='ocrx_word' id='word_1_315' title='bbox 1217 2615 1282 2656; x_wconf 93' lang='lat' dir='ltr'><strong>non</strong></span> <span class='ocrx_word' id='word_1_316' title='bbox 1295 2596 1404 2673; x_wconf 75' lang='lat' dir='ltr'><strong>habet,</strong></span> <span class='ocrx_word' id='word_1_317' title='bbox 1419 2616 1453 2657; x_wconf 88' lang='lat' dir='ltr'><strong>ac</strong></span> <span class='ocrx_word' id='word_1_318' title='bbox 1466 2596 1595 2676; x_wconf 87' lang='lat' dir='ltr'><strong>potioris</strong></span> <span class='ocrx_word' id='word_1_319' title='bbox 1608 2615 1747 2659; x_wconf 85' lang='lat' dir='ltr'><strong>recessus</strong></span> <span class='ocrx_word' id='word_1_320' title='bbox 1762 2600 1798 2659; x_wconf 82' lang='lat' dir='ltr'><strong>fit</strong></span> <span class='ocrx_word' id='word_1_321' title='bbox 1814 2603 1890 2678; x_wconf 85' lang='lat' dir='ltr'><strong>origo</strong></span> 
     </span>
     <span class='ocr_line' id='line_1_26' title="bbox 309 2686 1332 2766; baseline -0.003 -18"><span class='ocrx_word' id='word_1_322' title='bbox 309 2689 389 2750; x_wconf 88' lang='lat' dir='ltr'><strong>bene</strong></span> <span class='ocrx_word' id='word_1_323' title='bbox 402 2689 542 2764; x_wconf 92' lang='lat' dir='ltr'><strong>memini,</strong></span> <span class='ocrx_word' id='word_1_324' title='bbox 558 2688 721 2765; x_wconf 82' lang='lat' dir='ltr'><strong>Gajetanus</strong></span> <span class='ocrx_word' id='word_1_325' title='bbox 734 2687 815 2747; x_wconf 88' lang='lat' dir='ltr'><strong>hanc</strong></span> <span class='ocrx_word' id='word_1_326' title='bbox 829 2686 975 2762; x_wconf 87' lang='lat' dir='ltr'><strong>affirmat,</strong></span> <span class='ocrx_word' id='word_1_327' title='bbox 997 2689 1081 2766; x_wconf 87' lang='lat' dir='ltr'><strong>quod</strong></span> <span class='ocrx_word' id='word_1_328' title='bbox 1129 2687 1305 2748; x_wconf 62' lang='lat' dir='ltr'><strong>contrariid.</strong></span> <span class='ocrx_word' id='word_1_329' title='bbox 1317 2709 1332 2747; x_wconf 81' lang='lat' dir='ltr'><strong>u</strong></span> 
     </span>
     <span class='ocr_line' id='line_1_27' title="bbox 309 2778 1890 2859; baseline 0 -19"><span class='ocrx_word' id='word_1_330' title='bbox 309 2780 368 2841; x_wconf 90' lang='lat' dir='ltr'><strong>sub</strong></span> <span class='ocrx_word' id='word_1_331' title='bbox 389 2781 498 2840; x_wconf 90' lang='lat' dir='ltr'><strong>eodem</strong></span> <span class='ocrx_word' id='word_1_332' title='bbox 515 2779 629 2857; x_wconf 79' lang='lat' dir='ltr'><strong>genere</strong></span> <span class='ocrx_word' id='word_1_333' title='bbox 651 2778 776 2839; x_wconf 88' lang='lat' dir='ltr'><strong>habitus</strong></span> <span class='ocrx_word' id='word_1_334' title='bbox 798 2778 910 2838; x_wconf 88' lang='lat' dir='ltr'><strong>vitium</strong></span> <span class='ocrx_word' id='word_1_335' title='bbox 928 2797 964 2838; x_wconf 88' lang='lat' dir='ltr'><strong>ac</strong></span> <span class='ocrx_word' id='word_1_336' title='bbox 984 2779 1081 2839; x_wconf 91' lang='lat' dir='ltr'><strong>virtus</strong></span> <span class='ocrx_word' id='word_1_337' title='bbox 1170 2780 1298 2841; x_wconf 90' lang='lat' dir='ltr'><strong>Basilius</strong></span> <span class='ocrx_word' id='word_1_338' title='bbox 1309 2798 1433 2859; x_wconf 89' lang='lat' dir='ltr'><strong>quoque</strong></span> <span class='ocrx_word' id='word_1_339' title='bbox 1444 2778 1483 2839; x_wconf 85' lang='lat' dir='ltr'><strong>ad</strong></span> <span class='ocrx_word' id='word_1_340' title='bbox 1499 2781 1616 2858; x_wconf 86' lang='lat' dir='ltr'><strong>peccati</strong></span> <span class='ocrx_word' id='word_1_341' title='bbox 1633 2786 1666 2840; x_wconf 91' lang='lat' dir='ltr'><strong>et</strong></span> <span class='ocrx_word' id='word_1_342' title='bbox 1680 2780 1832 2842; x_wconf 83' lang='lat' dir='ltr'><strong>mendacii</strong></span> <span class='ocrx_word' id='word_1_343' title='bbox 1844 2800 1890 2840; x_wconf 91' lang='lat' dir='ltr'><strong>ua·</strong></span> 
     </span>
     <span class='ocr_line' id='line_1_28' title="bbox 310 2869 1889 2951; baseline 0.001 -20"><span class='ocrx_word' id='word_1_344' title='bbox 310 2872 509 2946; x_wconf 89' lang='lat' dir='ltr'><strong>collocentur,</strong></span> <span class='ocrx_word' id='word_1_345' title='bbox 518 2876 549 2931; x_wconf 87' lang='lat' dir='ltr'><strong>et</strong></span> <span class='ocrx_word' id='word_1_346' title='bbox 562 2876 692 2931; x_wconf 71' lang='lat' dir='ltr'><strong>‹tcontra</strong></span> <span class='ocrx_word' id='word_1_347' title='bbox 705 2889 737 2930; x_wconf 88' lang='lat' dir='ltr'><strong>se</strong></span> <span class='ocrx_word' id='word_1_348' title='bbox 747 2875 856 2930; x_wconf 89' lang='lat' dir='ltr'><strong>mutuo</strong></span> <span class='ocrx_word' id='word_1_349' title='bbox 866 2869 1077 2930; x_wconf 74' lang='lat' dir='ltr'><strong>dividentia.»</strong></span> <span class='ocrx_word' id='word_1_350' title='bbox 1130 2876 1233 2931; x_wconf 88' lang='lat' dir='ltr'><strong>turam</strong></span> <span class='ocrx_word' id='word_1_351' title='bbox 1243 2871 1395 2950; x_wconf 86' lang='lat' dir='ltr'><strong>ejusmodi</strong></span> <span class='ocrx_word' id='word_1_352' title='bbox 1408 2877 1582 2951; x_wconf 87' lang='lat' dir='ltr'><strong>respectum</strong></span> <span class='ocrx_word' id='word_1_353' title='bbox 1591 2872 1722 2948; x_wconf 85' lang='lat' dir='ltr'><strong>habens,</strong></span> <span class='ocrx_word' id='word_1_354' title='bbox 1734 2892 1798 2933; x_wconf 90' lang='lat' dir='ltr'><strong>non</strong></span> <span class='ocrx_word' id='word_1_355' title='bbox 1806 2874 1889 2933; x_wconf 89' lang='lat' dir='ltr'><strong>modu</strong></span> 
     </span>
     <span class='ocr_line' id='line_1_29' title="bbox 309 2961 1889 3044; baseline 0.001 -21"><span class='ocrx_word' id='word_1_356' title='bbox 309 2964 384 3037; x_wconf 74' lang='lat' dir='ltr'><strong>Quas</strong></span> <span class='ocrx_word' id='word_1_357' title='bbox 413 2969 519 3023; x_wconf 88' lang='lat' dir='ltr'><strong>autem</strong></span> <span class='ocrx_word' id='word_1_358' title='bbox 542 2969 614 3024; x_wconf 89' lang='lat' dir='ltr'><strong>sunt</strong></span> <span class='ocrx_word' id='word_1_359' title='bbox 634 2963 796 3040; x_wconf 85' lang='lat' dir='ltr'><strong>ejusmodi,</strong></span> <span class='ocrx_word' id='word_1_360' title='bbox 819 2961 887 3040; x_wconf 91' lang='lat' dir='ltr'><strong>pari</strong></span> <span class='ocrx_word' id='word_1_361' title='bbox 907 2962 1081 3024; x_wconf 90' lang='lat' dir='ltr'><strong>conditione</strong></span> <span class='ocrx_word' id='word_1_362' title='bbox 1129 2961 1220 3021; x_wconf 77' lang='lat' dir='ltr'><strong>labus</strong></span> <span class='ocrx_word' id='word_1_363' title='bbox 1234 2964 1312 3023; x_wconf 85' lang='lat' dir='ltr'><strong>Deos</strong></span> <span class='ocrx_word' id='word_1_364' title='bbox 1333 2963 1373 3023; x_wconf 88' lang='lat' dir='ltr'><strong>ab</strong></span> <span class='ocrx_word' id='word_1_365' title='bbox 1388 2965 1533 3043; x_wconf 85' lang='lat' dir='ltr'><strong>Apostolo</strong></span> <span class='ocrx_word' id='word_1_366' title='bbox 1547 2972 1602 3033; x_wconf 68' lang='grc' dir='ltr'>τοὺς</span> <span class='ocrx_word' id='word_1_367' title='bbox 1616 2971 1649 3044; x_wconf 80' lang='grc' dir='ltr'><strong>μὴ</strong></span> <span class='ocrx_word' id='word_1_368' title='bbox 1665 2973 1740 3035; x_wconf 80' lang='grc' dir='ltr'>ὄντας</span> <span class='ocrx_word' id='word_1_369' title='bbox 1753 2964 1889 3044; x_wconf 84' lang='lat' dir='ltr'><strong>appellari</strong></span> 
     </span>
     <span class='ocr_line' id='line_1_30' title="bbox 308 3052 1888 3133; baseline -0.001 -17"><span class='ocrx_word' id='word_1_370' title='bbox 308 3061 491 3130; x_wconf 82' lang='lat' dir='ltr'><strong>censentur3</strong></span> <span class='ocrx_word' id='word_1_371' title='bbox 523 3061 559 3114; x_wconf 93' lang='lat' dir='ltr'><strong>ut</strong></span> <span class='ocrx_word' id='word_1_372' title='bbox 590 3055 616 3114; x_wconf 90' lang='lat' dir='ltr'><strong>si</strong></span> <span class='ocrx_word' id='word_1_373' title='bbox 643 3071 745 3114; x_wconf 91' lang='lat' dir='ltr'><strong>unum</strong></span> <span class='ocrx_word' id='word_1_374' title='bbox 771 3053 931 3133; x_wconf 79' lang='lat' dir='ltr'><strong>perdicum</strong></span> <span class='ocrx_word' id='word_1_375' title='bbox 961 3054 1014 3129; x_wconf 91' lang='lat' dir='ltr'><strong>sit,</strong></span> <span class='ocrx_word' id='word_1_376' title='bbox 1051 3061 1082 3115; x_wconf 94' lang='lat' dir='ltr'><strong>et</strong></span> <span class='ocrx_word' id='word_1_377' title='bbox 1130 3052 1230 3128; x_wconf 87' lang='lat' dir='ltr'><strong>dicit¹,</strong></span> <span class='ocrx_word' id='word_1_378' title='bbox 1260 3055 1429 3115; x_wconf 88' lang='lat' dir='ltr'><strong>sedetiam</strong></span> <span class='ocrx_word' id='word_1_379' title='bbox 1451 3056 1507 3133; x_wconf 92' lang='lat' dir='ltr'><strong>qui</strong></span> <span class='ocrx_word' id='word_1_380' title='bbox 1528 3055 1598 3116; x_wconf 92' lang='lat' dir='ltr'><strong>illos</strong></span> <span class='ocrx_word' id='word_1_381' title='bbox 1622 3056 1760 3116; x_wconf 82' lang='lat' dir='ltr'><strong>colrmt².</strong></span> <span class='ocrx_word' id='word_1_382' title='bbox 1788 3057 1888 3125; x_wconf 67' lang='lat' dir='ltr'><strong>«Nam,</strong></span> 
     </span>
     <span class='ocr_line' id='line_1_31' title="bbox 305 3145 1889 3227; baseline 0.001 -21"><span class='ocrx_word' id='word_1_383' title='bbox 305 3147 434 3226; x_wconf 75' lang='lat' dir='ltr'><strong>positiva</strong></span> <span class='ocrx_word' id='word_1_384' title='bbox 473 3146 646 3207; x_wconf 87' lang='lat' dir='ltr'><strong>differentia</strong></span> <span class='ocrx_word' id='word_1_385' title='bbox 686 3145 923 3224; x_wconf 90' lang='lat' dir='ltr'><strong>amplitudinem</strong></span> <span class='ocrx_word' id='word_1_386' title='bbox 958 3146 1080 3222; x_wconf 89' lang='lat' dir='ltr'><strong>generis</strong></span> <span class='ocrx_word' id='word_1_387' title='bbox 1128 3147 1296 3206; x_wconf 72' lang='lat' dir='ltr'><strong>namneus</strong></span> <span class='ocrx_word' id='word_1_388' title='bbox 1312 3146 1473 3222; x_wconf 89' lang='lat' dir='ltr'><strong>sitens,et</strong></span> <span class='ocrx_word' id='word_1_389' title='bbox 1492 3147 1606 3207; x_wconf 83' lang='lat' dir='ltr'><strong>veritas</strong></span> <span class='ocrx_word' id='word_1_390' title='bbox 1626 3147 1889 3227; x_wconf 82' lang='lat' dir='ltr'><strong>etvita,quicum</strong></span> 
     </span>
     <span class='ocr_line' id='line_1_32' title="bbox 309 3237 1888 3318; baseline 0.001 -20"><span class='ocrx_word' id='word_1_391' title='bbox 309 3238 494 3317; x_wconf 81' lang='lat' dir='ltr'><strong>adstringat,</strong></span> <span class='ocrx_word' id='word_1_392' title='bbox 528 3238 656 3316; x_wconf 89' lang='lat' dir='ltr'><strong>perinde</strong></span> <span class='ocrx_word' id='word_1_393' title='bbox 690 3238 749 3298; x_wconf 91' lang='lat' dir='ltr'><strong>hoc</strong></span> <span class='ocrx_word' id='word_1_394' title='bbox 781 3238 814 3297; x_wconf 93' lang='lat' dir='ltr'><strong>in</strong></span> <span class='ocrx_word' id='word_1_395' title='bbox 853 3237 949 3297; x_wconf 87' lang='lat' dir='ltr'><strong>altero</strong></span> <span class='ocrx_word' id='word_1_396' title='bbox 981 3237 1079 3298; x_wconf 87' lang='lat' dir='ltr'><strong>inesse</strong></span> <span class='ocrx_word' id='word_1_397' title='bbox 1128 3237 1202 3314; x_wconf 87' lang='lat' dir='ltr'><strong>Deo,</strong></span> <span class='ocrx_word' id='word_1_398' title='bbox 1219 3238 1340 3318; x_wconf 89' lang='lat' dir='ltr'><strong>quiest,</strong></span> <span class='ocrx_word' id='word_1_399' title='bbox 1356 3237 1512 3315; x_wconf 84' lang='lat' dir='ltr'><strong>conjuncti</strong></span> <span class='ocrx_word' id='word_1_400' title='bbox 1524 3239 1888 3313; x_wconf 73' lang='lat' dir='ltr'><strong>nonsuntfidasedcum</strong></span> 
     </span>
     <span class='ocr_line' id='line_1_33' title="bbox 309 3328 1889 3410; baseline 0 -21"><span class='ocrx_word' id='word_1_401' title='bbox 309 3329 429 3395; x_wconf 87' lang='lat' dir='ltr'><strong>debeat.</strong></span> <span class='ocrx_word' id='word_1_402' title='bbox 445 3330 519 3403; x_wconf 85' lang='lat' dir='ltr'><strong>Quae</strong></span> <span class='ocrx_word' id='word_1_403' title='bbox 537 3348 586 3389; x_wconf 88' lang='lat' dir='ltr'><strong>res</strong></span> <span class='ocrx_word' id='word_1_404' title='bbox 600 3329 728 3389; x_wconf 90' lang='lat' dir='ltr'><strong>alterius</strong></span> <span class='ocrx_word' id='word_1_405' title='bbox 743 3334 787 3388; x_wconf 90' lang='lat' dir='ltr'><strong>est</strong></span> <span class='ocrx_word' id='word_1_406' title='bbox 804 3328 874 3388; x_wconf 87' lang='lat' dir='ltr'><strong>loci.</strong></span> <span class='ocrx_word' id='word_1_407' title='bbox 1128 3330 1300 3405; x_wconf 89' lang='lat' dir='ltr'><strong>mendacio,</strong></span> <span class='ocrx_word' id='word_1_408' title='bbox 1316 3331 1400 3410; x_wconf 90' lang='lat' dir='ltr'><strong>quod</strong></span> <span class='ocrx_word' id='word_1_409' title='bbox 1416 3331 1587 3390; x_wconf 80' lang='lat' dir='ltr'><strong>extantium</strong></span> <span class='ocrx_word' id='word_1_410' title='bbox 1600 3349 1665 3390; x_wconf 94' lang='lat' dir='ltr'><strong>non</strong></span> <span class='ocrx_word' id='word_1_411' title='bbox 1683 3331 1788 3406; x_wconf 89' lang='lat' dir='ltr'><strong>habet,</strong></span> <span class='ocrx_word' id='word_1_412' title='bbox 1807 3350 1889 3410; x_wconf 71' lang='lat' dir='ltr'><strong>copie</strong></span> 
     </span>
     <span class='ocr_line' id='line_1_34' title="bbox 349 3419 1887 3502; baseline 0.001 -22"><span class='ocrx_word' id='word_1_413' title='bbox 349 3422 399 3480; x_wconf 90' lang='lat' dir='ltr'><strong>lV.</strong></span> <span class='ocrx_word' id='word_1_414' title='bbox 422 3422 510 3481; x_wconf 88' lang='lat' dir='ltr'><strong>Nunc</strong></span> <span class='ocrx_word' id='word_1_415' title='bbox 534 3421 618 3498; x_wconf 87' lang='lat' dir='ltr'><strong>quod</strong></span> <span class='ocrx_word' id='word_1_416' title='bbox 640 3420 734 3479; x_wconf 89' lang='lat' dir='ltr'><strong>instat</strong></span> <span class='ocrx_word' id='word_1_417' title='bbox 753 3425 790 3479; x_wconf 91' lang='lat' dir='ltr'><strong>ut</strong></span> <span class='ocrx_word' id='word_1_418' title='bbox 814 3438 954 3498; x_wconf 88' lang='lat' dir='ltr'><strong>agamus,</strong></span> <span class='ocrx_word' id='word_1_419' title='bbox 982 3419 1079 3480; x_wconf 89' lang='lat' dir='ltr'><strong>aliurn</strong></span> <span class='ocrx_word' id='word_1_420' title='bbox 1127 3420 1887 3502; x_wconf 85' lang='lat' dir='ltr'><strong>latiperidololatriaeerrorem,merito,utopiuor,</strong></span> 
     </span>
     <span class='ocr_line' id='line_1_35' title="bbox 308 3511 1888 3592; baseline 0.002 -20"><span class='ocrx_word' id='word_1_421' title='bbox 308 3512 451 3573; x_wconf 87' lang='lat' dir='ltr'><strong>dabimus</strong></span> <span class='ocrx_word' id='word_1_422' title='bbox 478 3513 615 3590; x_wconf 84' lang='lat' dir='ltr'><strong>ejusdem</strong></span> <span class='ocrx_word' id='word_1_423' title='bbox 643 3511 781 3589; x_wconf 81' lang='lat' dir='ltr'><strong>Gregorii</strong></span> <span class='ocrx_word' id='word_1_424' title='bbox 808 3511 912 3572; x_wconf 89' lang='lat' dir='ltr'><strong>locum</strong></span> <span class='ocrx_word' id='word_1_425' title='bbox 939 3512 983 3572; x_wconf 87' lang='lat' dir='ltr'><strong>ita</strong></span> <span class='ocrx_word' id='word_1_426' title='bbox 1008 3531 1080 3572; x_wconf 91' lang='lat' dir='ltr'><strong>cun·</strong></span> <span class='ocrx_word' id='word_1_427' title='bbox 1127 3519 1252 3592; x_wconf 91' lang='lat' dir='ltr'><strong>propter</strong></span> <span class='ocrx_word' id='word_1_428' title='bbox 1272 3514 1409 3574; x_wconf 85' lang='lat' dir='ltr'><strong>veritatis</strong></span> <span class='ocrx_word' id='word_1_429' title='bbox 1420 3514 1627 3592; x_wconf 90' lang='lat' dir='ltr'><strong>privationem</strong></span> <span class='ocrx_word' id='word_1_430' title='bbox 1639 3519 1670 3575; x_wconf 88' lang='lat' dir='ltr'><strong>et</strong></span> <span class='ocrx_word' id='word_1_431' title='bbox 1680 3515 1888 3575; x_wconf 84' lang='lat' dir='ltr'><strong>alienationem</strong></span> 
     </span>
     <span class='ocr_line' id='line_1_36' title="bbox 308 3602 1888 3687; baseline 0.002 -23"><span class='ocrx_word' id='word_1_432' title='bbox 308 3609 443 3682; x_wconf 86' lang='lat' dir='ltr'><strong>ceptum,</strong></span> <span class='ocrx_word' id='word_1_433' title='bbox 467 3609 617 3682; x_wconf 91' lang='lat' dir='ltr'><strong>tanquam</strong></span> <span class='ocrx_word' id='word_1_434' title='bbox 638 3602 785 3679; x_wconf 83' lang='lat' dir='ltr'><strong>Cajetaui,</strong></span> <span class='ocrx_word' id='word_1_435' title='bbox 809 3604 1078 3681; x_wconf 86' lang='lat' dir='ltr'><strong>recentiorumque</strong></span> <span class='ocrx_word' id='word_1_436' title='bbox 1127 3624 1147 3664; x_wconf 91' lang='lat' dir='ltr'><strong>a</strong></span> <span class='ocrx_word' id='word_1_437' title='bbox 1160 3605 1233 3680; x_wconf 87' lang='lat' dir='ltr'><strong>vita,</strong></span> <span class='ocrx_word' id='word_1_438' title='bbox 1245 3624 1311 3666; x_wconf 88' lang='lat' dir='ltr'><strong>uon</strong></span> <span class='ocrx_word' id='word_1_439' title='bbox 1325 3607 1489 3666; x_wconf 81' lang='lat' dir='ltr'><strong>existentes</strong></span> <span class='ocrx_word' id='word_1_440' title='bbox 1507 3607 1653 3687; x_wconf 89' lang='lat' dir='ltr'><strong>appellati</strong></span> <span class='ocrx_word' id='word_1_441' title='bbox 1666 3613 1768 3668; x_wconf 78' lang='lat' dir='ltr'><strong>snnt‘.</strong></span> <span class='ocrx_word' id='word_1_442' title='bbox 1780 3630 1797 3665; x_wconf 82' lang='lat' dir='ltr'><strong>u</strong></span> <span class='ocrx_word' id='word_1_443' title='bbox 1814 3607 1888 3668; x_wconf 88' lang='lat' dir='ltr'><strong>Etin</strong></span> 
     </span>
     <span class='ocr_line' id='line_1_37' title="bbox 307 3694 1888 3774; baseline 0.001 -18"><span class='ocrx_word' id='word_1_444' title='bbox 307 3694 493 3757; x_wconf 87' lang='lat' dir='ltr'><strong>sententiam</strong></span> <span class='ocrx_word' id='word_1_445' title='bbox 520 3700 550 3755; x_wconf 92' lang='lat' dir='ltr'><strong>et</strong></span> <span class='ocrx_word' id='word_1_446' title='bbox 573 3699 794 3773; x_wconf 76' lang='lat' dir='ltr'><strong>argumentum</strong></span> <span class='ocrx_word' id='word_1_447' title='bbox 810 3694 963 3774; x_wconf 81' lang='lat' dir='ltr'><strong>illudprae</strong></span> <span class='ocrx_word' id='word_1_448' title='bbox 983 3695 1078 3755; x_wconf 88' lang='lat' dir='ltr'><strong>oculis</strong></span> <span class='ocrx_word' id='word_1_449' title='bbox 1127 3696 1265 3771; x_wconf 88' lang='lat' dir='ltr'><strong>homilia,</strong></span> <span class='ocrx_word' id='word_1_450' title='bbox 1305 3695 1388 3772; x_wconf 80' lang='lat' dir='ltr'><strong>Quod</strong></span> <span class='ocrx_word' id='word_1_451' title='bbox 1416 3697 1495 3759; x_wconf 85' lang='lat' dir='ltr'><strong>Deus</strong></span> <span class='ocrx_word' id='word_1_452' title='bbox 1523 3707 1625 3761; x_wconf 67' lang='lat' dir='ltr'><strong>aanor</strong></span> <span class='ocrx_word' id='word_1_453' title='bbox 1652 3719 1713 3760; x_wconf 83' lang='grc' dir='ltr'><strong>κοκ</strong></span> <span class='ocrx_word' id='word_1_454' title='bbox 1734 3708 1776 3760; x_wconf 81' lang='lat' dir='ltr'><strong>eet</strong></span> <span class='ocrx_word' id='word_1_455' title='bbox 1803 3696 1888 3760; x_wconf 68' lang='lat' dir='ltr'><strong>mali·</strong></span> 
     </span>
    </p>
   </div>
   <div class='ocr_carea' id='block_1_3' title="bbox 303 3894 1888 5378">
    <p class='ocr_par' dir='ltr' id='par_1_3' title="bbox 305 3894 1888 4878">
     <span class='ocr_line' id='line_1_38' title="bbox 343 3894 1888 3971; baseline 0.001 -19"><span class='ocrx_word' id='word_1_456' title='bbox 343 3912 364 3952; x_wconf 88' lang='grc' dir='ltr'><strong>ιι</strong></span> <span class='ocrx_word' id='word_1_457' title='bbox 383 3897 506 3951; x_wconf 82' lang='lat' dir='ltr'><strong>Gnaeos.</strong></span> <span class='ocrx_word' id='word_1_458' title='bbox 531 3895 609 3953; x_wconf 84' lang='lat' dir='ltr'><strong>Nrss.</strong></span> <span class='ocrx_word' id='word_1_459' title='bbox 631 3896 712 3950; x_wconf 89' lang='lat' dir='ltr'><strong>llum.</strong></span> <span class='ocrx_word' id='word_1_460' title='bbox 738 3911 791 3957; x_wconf 75' lang='lat' dir='ltr'><strong>vn,</strong></span> <span class='ocrx_word' id='word_1_461' title='bbox 815 3895 846 3950; x_wconf 93' lang='lat' dir='ltr'><strong>in</strong></span> <span class='ocrx_word' id='word_1_462' title='bbox 865 3894 973 3951; x_wconf 79' lang='lat' dir='ltr'><strong>Erotes.</strong></span> <span class='ocrx_word' id='word_1_463' title='bbox 1000 3897 1078 3949; x_wconf 80' lang='grc' dir='ltr'>Τοῦτο</span> <span class='ocrx_word' id='word_1_464' title='bbox 1163 3896 1536 3955; x_wconf 77' lang='lat' dir='ltr'><strong>cGarcou.Nrss.Oatecd.</strong></span> <span class='ocrx_word' id='word_1_465' title='bbox 1553 3895 1809 3970; x_wconf 61' lang='lat' dir='ltr'><strong>eapuxvmAElotv</strong></span> <span class='ocrx_word' id='word_1_466' title='bbox 1821 3901 1888 3971; x_wconf 65' lang='grc' dir='ltr'>μύας</span> 
     </span>
     <span class='ocr_line' id='line_1_39' title="bbox 306 3976 1840 4053; baseline 0.002 -21"><span class='ocrx_word' id='word_1_467' title='bbox 306 3979 386 4033; x_wconf 82' lang='grc' dir='ltr'>τοίνυν</span> <span class='ocrx_word' id='word_1_468' title='bbox 401 3979 430 4032; x_wconf 88' lang='grc' dir='ltr'>τό</span> <span class='ocrx_word' id='word_1_469' title='bbox 444 3978 544 4049; x_wconf 78' lang='grc' dir='ltr'>ἀγαίόν,</span> <span class='ocrx_word' id='word_1_470' title='bbox 559 3979 615 4045; x_wconf 74' lang='grc' dir='ltr'>ἤτοι</span> <span class='ocrx_word' id='word_1_471' title='bbox 629 3977 688 4048; x_wconf 77' lang='grc' dir='ltr'>’νπὲρ</span> <span class='ocrx_word' id='word_1_472' title='bbox 702 3977 731 4030; x_wconf 85' lang='grc' dir='ltr'>τό</span> <span class='ocrx_word' id='word_1_473' title='bbox 744 3976 844 4049; x_wconf 73' lang='grc' dir='ltr'>ἀγαθόν,</span> <span class='ocrx_word' id='word_1_474' title='bbox 860 3977 920 4030; x_wconf 79' lang='grc' dir='ltr'>αὐτό</span> <span class='ocrx_word' id='word_1_475' title='bbox 934 3997 960 4030; x_wconf 87' lang='grc' dir='ltr'>τε</span> <span class='ocrx_word' id='word_1_476' title='bbox 975 3980 1009 4039; x_wconf 82' lang='grc' dir='ltr'>ὡς</span> <span class='ocrx_word' id='word_1_477' title='bbox 1018 3977 1078 4046; x_wconf 79' lang='grc' dir='ltr'>ἀλη-</span> <span class='ocrx_word' id='word_1_478' title='bbox 1126 3979 1211 4041; x_wconf 87' lang='grc' dir='ltr'>κακίας</span> <span class='ocrx_word' id='word_1_479' title='bbox 1225 3979 1254 4033; x_wconf 76' lang='grc' dir='ltr'>τὸ</span> <span class='ocrx_word' id='word_1_480' title='bbox 1268 3981 1332 4033; x_wconf 78' lang='grc' dir='ltr'>θεῖον</span> <span class='ocrx_word' id='word_1_481' title='bbox 1343 3983 1502 4053; x_wconf 74' lang='grc' dir='ltr'>κεχώρισται·</span> <span class='ocrx_word' id='word_1_482' title='bbox 1513 3982 1583 4053; x_wconf 79' lang='grc' dir='ltr'>ρίσις</span> <span class='ocrx_word' id='word_1_483' title='bbox 1593 3981 1620 4036; x_wconf 80' lang='grc' dir='ltr'><strong>δὲ</strong></span> <span class='ocrx_word' id='word_1_484' title='bbox 1629 3984 1714 4045; x_wconf 83' lang='grc' dir='ltr'>κσσιίας</span> <span class='ocrx_word' id='word_1_485' title='bbox 1728 3982 1772 4036; x_wconf 70' lang='lat' dir='ltr'><strong>cix</strong></span> <span class='ocrx_word' id='word_1_486' title='bbox 1781 3984 1840 4038; x_wconf 81' lang='grc' dir='ltr'>ἔστι.</span> 
     </span>
     <span class='ocr_line' id='line_1_40' title="bbox 306 4054 1887 4139; baseline 0.001 -23"><span class='ocrx_word' id='word_1_487' title='bbox 306 4064 353 4126; x_wconf 82' lang='grc' dir='ltr'>θῶς</span> <span class='ocrx_word' id='word_1_488' title='bbox 367 4061 429 4127; x_wconf 80' lang='grc' dir='ltr'>ἔστι,</span> <span class='ocrx_word' id='word_1_489' title='bbox 444 4060 484 4114; x_wconf 82' lang='grc' dir='ltr'>καὶ</span> <span class='ocrx_word' id='word_1_490' title='bbox 498 4059 530 4113; x_wconf 84' lang='grc' dir='ltr'>δι’</span> <span class='ocrx_word' id='word_1_491' title='bbox 544 4059 618 4113; x_wconf 69' lang='lat' dir='ltr'><strong>{auth</strong></span> <span class='ocrx_word' id='word_1_492' title='bbox 632 4061 684 4120; x_wconf 81' lang='grc' dir='ltr'>τοῖς</span> <span class='ocrx_word' id='word_1_493' title='bbox 699 4054 752 4113; x_wconf 73' lang='grc' dir='ltr'>οὖσι</span> <span class='ocrx_word' id='word_1_494' title='bbox 767 4061 856 4113; x_wconf 76' lang='grc' dir='ltr'>δέδωκέ</span> <span class='ocrx_word' id='word_1_495' title='bbox 878 4079 914 4123; x_wconf 85' lang='grc' dir='ltr'>τε,</span> <span class='ocrx_word' id='word_1_496' title='bbox 929 4060 970 4114; x_wconf 77' lang='grc' dir='ltr'>καί</span> <span class='ocrx_word' id='word_1_497' title='bbox 993 4061 1077 4114; x_wconf 80' lang='grc' dir='ltr'>δίδωσι</span> <span class='ocrx_word' id='word_1_498' title='bbox 1161 4062 1183 4117; x_wconf 87' lang='lat' dir='ltr'><strong>d</strong></span> <span class='ocrx_word' id='word_1_499' title='bbox 1203 4063 1241 4117; x_wconf 86' lang='lat' dir='ltr'><strong>td.</strong></span> <span class='ocrx_word' id='word_1_500' title='bbox 1262 4079 1322 4134; x_wconf 83' lang='lat' dir='ltr'><strong>cup.</strong></span> <span class='ocrx_word' id='word_1_501' title='bbox 1343 4080 1361 4119; x_wconf 86' lang='lat' dir='ltr'><strong>v</strong></span> <span class='ocrx_word' id='word_1_502' title='bbox 1394 4063 1512 4120; x_wconf 74' lang='lat' dir='ltr'><strong>Carere.</strong></span> <span class='ocrx_word' id='word_1_503' title='bbox 1539 4065 1648 4137; x_wconf 67' lang='grc' dir='ltr'>Οὐδεμία</span> <span class='ocrx_word' id='word_1_504' title='bbox 1667 4071 1744 4119; x_wconf 84' lang='grc' dir='ltr'>κσσιοῦ</span> <span class='ocrx_word' id='word_1_505' title='bbox 1762 4065 1887 4139; x_wconf 52' lang='lat' dir='ltr'><strong>Theonis</strong></span> 
     </span>
     <span class='ocr_line' id='line_1_41' title="bbox 307 4138 1886 4221; baseline 0.003 -24"><span class='ocrx_word' id='word_1_506' title='bbox 307 4146 351 4212; x_wconf 66' lang='lat' dir='ltr'><strong>cdv</strong></span> <span class='ocrx_word' id='word_1_507' title='bbox 361 4150 438 4199; x_wconf 79' lang='grc' dir='ltr'>τετοῦ</span> <span class='ocrx_word' id='word_1_508' title='bbox 453 4144 563 4216; x_wconf 76' lang='grc' dir='ltr'>γενέσθαι</span> <span class='ocrx_word' id='word_1_509' title='bbox 575 4143 685 4215; x_wconf 76' lang='grc' dir='ltr'>δύναμιν,</span> <span class='ocrx_word' id='word_1_510' title='bbox 704 4143 745 4195; x_wconf 81' lang='grc' dir='ltr'>καί</span> <span class='ocrx_word' id='word_1_511' title='bbox 765 4143 808 4211; x_wconf 71' lang='grc' dir='ltr'>τὴν</span> <span class='ocrx_word' id='word_1_512' title='bbox 824 4141 847 4194; x_wconf 78' lang='grc' dir='ltr'><strong>ἐν</strong></span> <span class='ocrx_word' id='word_1_513' title='bbox 863 4149 899 4215; x_wconf 82' lang='grc' dir='ltr'>τῷ</span> <span class='ocrx_word' id='word_1_514' title='bbox 915 4138 977 4197; x_wconf 86' lang='grc' dir='ltr'>είναι</span> <span class='ocrx_word' id='word_1_515' title='bbox 992 4146 1078 4214; x_wconf 82' lang='grc' dir='ltr'>διαμο-</span> <span class='ocrx_word' id='word_1_516' title='bbox 1125 4144 1189 4196; x_wconf 83' lang='grc' dir='ltr'>θείου</span> <span class='ocrx_word' id='word_1_517' title='bbox 1202 4146 1357 4217; x_wconf 73' lang='grc' dir='ltr'>βουλήματος</span> <span class='ocrx_word' id='word_1_518' title='bbox 1371 4144 1415 4213; x_wconf 76' lang='grc' dir='ltr'>τὴν</span> <span class='ocrx_word' id='word_1_519' title='bbox 1426 4146 1504 4219; x_wconf 75' lang='grc' dir='ltr'>ἀρχὴν</span> <span class='ocrx_word' id='word_1_520' title='bbox 1514 4147 1582 4221; x_wconf 80' lang='grc' dir='ltr'>ἔσχε.</span> <span class='ocrx_word' id='word_1_521' title='bbox 1597 4145 1613 4215; x_wconf 70' lang='grc' dir='ltr'>ἦ</span> <span class='ocrx_word' id='word_1_522' title='bbox 1628 4148 1676 4221; x_wconf 73' lang='grc' dir='ltr'><strong>γὰρ</strong></span> <span class='ocrx_word' id='word_1_523' title='bbox 1687 4151 1717 4201; x_wconf 75' lang='grc' dir='ltr'><strong>ἂν</strong></span> <span class='ocrx_word' id='word_1_524' title='bbox 1728 4148 1774 4210; x_wconf 77' lang='grc' dir='ltr'><strong>ἔξω</strong></span> <span class='ocrx_word' id='word_1_525' title='bbox 1784 4150 1886 4221; x_wconf 68' lang='grc' dir='ltr'><strong>μέμψεως</strong></span> 
     </span>
     <span class='ocr_line' id='line_1_42' title="bbox 307 4222 1887 4302; baseline 0.002 -23"><span class='ocrx_word' id='word_1_526' title='bbox 307 4229 359 4294; x_wconf 81' lang='grc' dir='ltr'>νήν.</span> <span class='ocrx_word' id='word_1_527' title='bbox 375 4229 423 4280; x_wconf 80' lang='grc' dir='ltr'><strong>πᾶν</strong></span> <span class='ocrx_word' id='word_1_528' title='bbox 439 4223 563 4286; x_wconf 61' lang='lat' dir='ltr'><strong>&amp;tristior</strong></span> <span class='ocrx_word' id='word_1_529' title='bbox 576 4223 651 4277; x_wconf 81' lang='grc' dir='ltr'>αότοῦ</span> <span class='ocrx_word' id='word_1_530' title='bbox 668 4224 846 4296; x_wconf 76' lang='grc' dir='ltr'><strong>θεωρούμενον,</strong></span> <span class='ocrx_word' id='word_1_531' title='bbox 865 4224 1075 4298; x_wconf 78' lang='grc' dir='ltr'>ἀνυπαρξίαέστί.</span> <span class='ocrx_word' id='word_1_532' title='bbox 1125 4222 1154 4294; x_wconf 70' lang='grc' dir='ltr'><strong>ἢν</strong></span> <span class='ocrx_word' id='word_1_533' title='bbox 1178 4225 1193 4294; x_wconf 76' lang='grc' dir='ltr'>ἡ</span> <span class='ocrx_word' id='word_1_534' title='bbox 1218 4228 1304 4294; x_wconf 87' lang='grc' dir='ltr'>κακία,</span> <span class='ocrx_word' id='word_1_535' title='bbox 1329 4230 1383 4281; x_wconf 80' lang='grc' dir='ltr'>θεὸν</span> <span class='ocrx_word' id='word_1_536' title='bbox 1404 4228 1490 4296; x_wconf 77' lang='grc' dir='ltr'>ἑαυτῆς</span> <span class='ocrx_word' id='word_1_537' title='bbox 1509 4227 1689 4302; x_wconf 61' lang='grc' dir='ltr'>ἐπιγραφομένῃ</span> <span class='ocrx_word' id='word_1_538' title='bbox 1715 4231 1831 4299; x_wconf 72' lang='grc' dir='ltr'>ποιητὴν,</span> <span class='ocrx_word' id='word_1_539' title='bbox 1851 4229 1887 4283; x_wconf 78' lang='grc' dir='ltr'><strong>ατί</strong></span> 
     </span>
     <span class='ocr_line' id='line_1_43' title="bbox 307 4301 1885 4386; baseline 0.003 -23"><span class='ocrx_word' id='word_1_540' title='bbox 307 4310 336 4363; x_wconf 79' lang='grc' dir='ltr'>τί)</span> <span class='ocrx_word' id='word_1_541' title='bbox 349 4309 397 4380; x_wconf 82' lang='grc' dir='ltr'><strong>γὰρ</strong></span> <span class='ocrx_word' id='word_1_542' title='bbox 411 4308 457 4370; x_wconf 80' lang='grc' dir='ltr'><strong>ἔξω</strong></span> <span class='ocrx_word' id='word_1_543' title='bbox 471 4313 514 4361; x_wconf 79' lang='grc' dir='ltr'>τοῦ</span> <span class='ocrx_word' id='word_1_544' title='bbox 529 4308 599 4369; x_wconf 85' lang='grc' dir='ltr'>ὄντος</span> <span class='ocrx_word' id='word_1_545' title='bbox 621 4306 645 4360; x_wconf 80' lang='grc' dir='ltr'><strong>ἐν</strong></span> <span class='ocrx_word' id='word_1_546' title='bbox 662 4312 698 4379; x_wconf 80' lang='grc' dir='ltr'>τῷ</span> <span class='ocrx_word' id='word_1_547' title='bbox 709 4301 771 4359; x_wconf 84' lang='grc' dir='ltr'>εἶναι</span> <span class='ocrx_word' id='word_1_548' title='bbox 790 4306 835 4359; x_wconf 75' lang='grc' dir='ltr'><strong>οὐκ</strong></span> <span class='ocrx_word' id='word_1_549' title='bbox 850 4306 926 4361; x_wconf 80' lang='grc' dir='ltr'>ἔστιν.</span> <span class='ocrx_word' id='word_1_550' title='bbox 948 4307 1017 4361; x_wconf 75' lang='grc' dir='ltr'>Ἐπεί</span> <span class='ocrx_word' id='word_1_551' title='bbox 1032 4303 1075 4360; x_wconf 71' lang='lat' dir='ltr'><strong>cdv</strong></span> <span class='ocrx_word' id='word_1_552' title='bbox 1125 4310 1226 4382; x_wconf 80' lang='grc' dir='ltr'>πατέρα,</span> <span class='ocrx_word' id='word_1_553' title='bbox 1240 4318 1293 4366; x_wconf 84' lang='lat' dir='ltr'><strong>ete.</strong></span> <span class='ocrx_word' id='word_1_554' title='bbox 1310 4311 1423 4382; x_wconf 80' lang='grc' dir='ltr'>Καθάπερ</span> <span class='ocrx_word' id='word_1_555' title='bbox 1432 4311 1591 4385; x_wconf 76' lang='grc' dir='ltr'>γὰρὴὄρασις</span> <span class='ocrx_word' id='word_1_556' title='bbox 1598 4313 1692 4383; x_wconf 75' lang='grc' dir='ltr'>φύσεώς</span> <span class='ocrx_word' id='word_1_557' title='bbox 1701 4312 1765 4367; x_wconf 77' lang='grc' dir='ltr'>ἔστιν</span> <span class='ocrx_word' id='word_1_558' title='bbox 1780 4313 1885 4386; x_wconf 64' lang='grc' dir='ltr'>ἐνέργεια,</span> 
     </span>
     <span class='ocr_line' id='line_1_44' title="bbox 306 4388 1885 4469; baseline 0.004 -26"><span class='ocrx_word' id='word_1_559' title='bbox 306 4391 534 4463; x_wconf 81' lang='grc' dir='ltr'>ἀντιόεωρεῖταιτῇ</span> <span class='ocrx_word' id='word_1_560' title='bbox 556 4389 636 4463; x_wconf 78' lang='grc' dir='ltr'>ἀγάπῃ</span> <span class='ocrx_word' id='word_1_561' title='bbox 659 4388 675 4456; x_wconf 74' lang='grc' dir='ltr'>ἡ</span> <span class='ocrx_word' id='word_1_562' title='bbox 696 4391 775 4442; x_wconf 90' lang='grc' dir='ltr'>κακία·</span> <span class='ocrx_word' id='word_1_563' title='bbox 797 4390 848 4451; x_wconf 81' lang='grc' dir='ltr'>θεός</span> <span class='ocrx_word' id='word_1_564' title='bbox 868 4390 894 4443; x_wconf 81' lang='grc' dir='ltr'><strong>δὲ</strong></span> <span class='ocrx_word' id='word_1_565' title='bbox 921 4391 937 4458; x_wconf 71' lang='grc' dir='ltr'>ἡ</span> <span class='ocrx_word' id='word_1_566' title='bbox 956 4391 1077 4459; x_wconf 73' lang='grc' dir='ltr'>παντελὴς</span> <span class='ocrx_word' id='word_1_567' title='bbox 1124 4390 1177 4458; x_wconf 79' lang='grc' dir='ltr'><strong>ἡδὲ</strong></span> <span class='ocrx_word' id='word_1_568' title='bbox 1191 4395 1298 4465; x_wconf 76' lang='grc' dir='ltr'>πήρωσις</span> <span class='ocrx_word' id='word_1_569' title='bbox 1311 4394 1422 4466; x_wconf 82' lang='grc' dir='ltr'>στέρησίς</span> <span class='ocrx_word' id='word_1_570' title='bbox 1436 4392 1487 4448; x_wconf 81' lang='grc' dir='ltr'>ἔστι</span> <span class='ocrx_word' id='word_1_571' title='bbox 1503 4399 1546 4461; x_wconf 80' lang='grc' dir='ltr'><strong>τῆς</strong></span> <span class='ocrx_word' id='word_1_572' title='bbox 1554 4401 1655 4467; x_wconf 77' lang='grc' dir='ltr'>φυσικῆς</span> <span class='ocrx_word' id='word_1_573' title='bbox 1669 4394 1799 4469; x_wconf 79' lang='grc' dir='ltr'>ἐνεργείας,</span> <span class='ocrx_word' id='word_1_574' title='bbox 1814 4398 1885 4457; x_wconf 71' lang='grc' dir='ltr'>οὗτος</span> 
     </span>
     <span class='ocr_line' id='line_1_45' title="bbox 306 4468 1886 4550; baseline 0.003 -24"><span class='ocrx_word' id='word_1_575' title='bbox 306 4473 389 4545; x_wconf 74' lang='grc' dir='ltr'>ἀρετὴ,</span> <span class='ocrx_word' id='word_1_576' title='bbox 403 4473 449 4535; x_wconf 78' lang='grc' dir='ltr'><strong>ἔξω</strong></span> <span class='ocrx_word' id='word_1_577' title='bbox 463 4474 510 4544; x_wconf 78' lang='grc' dir='ltr'>ἄρα</span> <span class='ocrx_word' id='word_1_578' title='bbox 526 4479 570 4527; x_wconf 80' lang='grc' dir='ltr'>τοῦ</span> <span class='ocrx_word' id='word_1_579' title='bbox 584 4474 639 4525; x_wconf 78' lang='grc' dir='ltr'>θεοῦ</span> <span class='ocrx_word' id='word_1_580' title='bbox 657 4472 672 4539; x_wconf 79' lang='grc' dir='ltr'><strong>ὴ</strong></span> <span class='ocrx_word' id='word_1_581' title='bbox 689 4473 777 4537; x_wconf 89' lang='grc' dir='ltr'>κακία,</span> <span class='ocrx_word' id='word_1_582' title='bbox 792 4468 850 4540; x_wconf 71' lang='grc' dir='ltr'><strong>ἦςὴ</strong></span> <span class='ocrx_word' id='word_1_583' title='bbox 866 4473 987 4544; x_wconf 82' lang='grc' dir='ltr'>ρίισιςοίικ</span> <span class='ocrx_word' id='word_1_584' title='bbox 1001 4473 1025 4526; x_wconf 84' lang='grc' dir='ltr'><strong>ἐν</strong></span> <span class='ocrx_word' id='word_1_585' title='bbox 1039 4479 1076 4545; x_wconf 83' lang='grc' dir='ltr'>τῷ</span> <span class='ocrx_word' id='word_1_586' title='bbox 1124 4474 1193 4542; x_wconf 74' lang='grc' dir='ltr'>καὶὴ</span> <span class='ocrx_word' id='word_1_587' title='bbox 1210 4476 1282 4547; x_wconf 75' lang='grc' dir='ltr'>ἀρετὴ</span> <span class='ocrx_word' id='word_1_588' title='bbox 1306 4476 1365 4548; x_wconf 85' lang='grc' dir='ltr'>πρός</span> <span class='ocrx_word' id='word_1_589' title='bbox 1379 4476 1422 4542; x_wconf 81' lang='grc' dir='ltr'>τὴν</span> <span class='ocrx_word' id='word_1_590' title='bbox 1445 4478 1531 4530; x_wconf 88' lang='grc' dir='ltr'>κακίαν</span> <span class='ocrx_word' id='word_1_591' title='bbox 1548 4476 1701 4545; x_wconf 76' lang='grc' dir='ltr'>ἀνθέστηκεν.</span> <span class='ocrx_word' id='word_1_592' title='bbox 1726 4478 1754 4532; x_wconf 77' lang='grc' dir='ltr'><strong>οὗ</strong></span> <span class='ocrx_word' id='word_1_593' title='bbox 1768 4479 1886 4550; x_wconf 74' lang='grc' dir='ltr'>γόρίσττν</span> 
     </span>
     <span class='ocr_line' id='line_1_46' title="bbox 306 4548 1885 4633; baseline 0.004 -24"><span class='ocrx_word' id='word_1_594' title='bbox 306 4556 381 4623; x_wconf 68' lang='lat' dir='ltr'><strong>air-lv</strong></span> <span class='ocrx_word' id='word_1_595' title='bbox 393 4551 466 4621; x_wconf 83' lang='grc' dir='ltr'>εἶναι,</span> <span class='ocrx_word' id='word_1_596' title='bbox 481 4555 545 4607; x_wconf 76' lang='grc' dir='ltr'>ἀλλὰ</span> <span class='ocrx_word' id='word_1_597' title='bbox 553 4554 577 4607; x_wconf 77' lang='lat' dir='ltr'><strong>tv</strong></span> <span class='ocrx_word' id='word_1_598' title='bbox 585 4561 621 4626; x_wconf 83' lang='grc' dir='ltr'>τῷ</span> <span class='ocrx_word' id='word_1_599' title='bbox 629 4554 713 4626; x_wconf 73' lang='grc' dir='ltr'>ἀγαθῷ</span> <span class='ocrx_word' id='word_1_600' title='bbox 724 4555 756 4626; x_wconf 78' lang='grc' dir='ltr'><strong>μὴ</strong></span> <span class='ocrx_word' id='word_1_601' title='bbox 768 4548 839 4618; x_wconf 79' lang='grc' dir='ltr'>εἶναι,</span> <span class='ocrx_word' id='word_1_602' title='bbox 851 4556 1075 4627; x_wconf 80' lang='grc' dir='ltr'>καταλαμόάνεται,</span> <span class='ocrx_word' id='word_1_603' title='bbox 1125 4556 1203 4625; x_wconf 75' lang='grc' dir='ltr'>ἄλλην</span> <span class='ocrx_word' id='word_1_604' title='bbox 1218 4559 1302 4621; x_wconf 80' lang='grc' dir='ltr'>κακίας</span> <span class='ocrx_word' id='word_1_605' title='bbox 1310 4559 1401 4630; x_wconf 79' lang='grc' dir='ltr'>γένεσιν</span> <span class='ocrx_word' id='word_1_606' title='bbox 1417 4557 1541 4626; x_wconf 79' lang='grc' dir='ltr'>ἐννοῆσαι,</span> <span class='ocrx_word' id='word_1_607' title='bbox 1551 4562 1566 4628; x_wconf 68' lang='lat' dir='ltr'><strong>l,</strong></span> <span class='ocrx_word' id='word_1_608' title='bbox 1575 4560 1662 4632; x_wconf 74' lang='grc' dir='ltr'>ἀρετῆς</span> <span class='ocrx_word' id='word_1_609' title='bbox 1673 4562 1799 4615; x_wconf 74' lang='grc' dir='ltr'>ἀπουσίαν.</span> <span class='ocrx_word' id='word_1_610' title='bbox 1809 4564 1885 4633; x_wconf 76' lang='grc' dir='ltr'>ὥσπερ</span> 
     </span>
     <span class='ocr_line' id='line_1_47' title="bbox 305 4636 1884 4715; baseline 0.004 -24"><span class='ocrx_word' id='word_1_611' title='bbox 305 4640 335 4694; x_wconf 66' lang='lat' dir='ltr'><strong>st</strong></span> <span class='ocrx_word' id='word_1_612' title='bbox 348 4638 395 4711; x_wconf 81' lang='grc' dir='ltr'>γόιρ</span> <span class='ocrx_word' id='word_1_613' title='bbox 409 4636 456 4698; x_wconf 80' lang='grc' dir='ltr'><strong>ἔξω</strong></span> <span class='ocrx_word' id='word_1_614' title='bbox 471 4643 513 4690; x_wconf 82' lang='grc' dir='ltr'>τοῦ</span> <span class='ocrx_word' id='word_1_615' title='bbox 524 4637 615 4709; x_wconf 71' lang='grc' dir='ltr'>ἀγαθοῦ</span> <span class='ocrx_word' id='word_1_616' title='bbox 625 4639 749 4709; x_wconf 78' lang='grc' dir='ltr'>νοήματος</span> <span class='ocrx_word' id='word_1_617' title='bbox 764 4638 853 4709; x_wconf 84' lang='grc' dir='ltr'>ὄνομα,</span> <span class='ocrx_word' id='word_1_618' title='bbox 866 4637 910 4705; x_wconf 69' lang='grc' dir='ltr'>τὴν</span> <span class='ocrx_word' id='word_1_619' title='bbox 926 4638 1011 4691; x_wconf 89' lang='grc' dir='ltr'>κακίαν</span> <span class='ocrx_word' id='word_1_620' title='bbox 1024 4637 1075 4692; x_wconf 75' lang='lat' dir='ltr'><strong>tet·</strong></span> <span class='ocrx_word' id='word_1_621' title='bbox 1125 4640 1172 4712; x_wconf 74' lang='grc' dir='ltr'><strong>γὰρ</strong></span> <span class='ocrx_word' id='word_1_622' title='bbox 1196 4645 1239 4694; x_wconf 77' lang='grc' dir='ltr'>τοῦ</span> <span class='ocrx_word' id='word_1_623' title='bbox 1262 4643 1342 4712; x_wconf 79' lang='grc' dir='ltr'>φωτὸς</span> <span class='ocrx_word' id='word_1_624' title='bbox 1370 4641 1537 4714; x_wconf 76' lang='grc' dir='ltr'>ὓραιρεθίντος</span> <span class='ocrx_word' id='word_1_625' title='bbox 1564 4643 1579 4696; x_wconf 83' lang='lat' dir='ltr'><strong>d</strong></span> <span class='ocrx_word' id='word_1_626' title='bbox 1606 4646 1682 4715; x_wconf 77' lang='grc' dir='ltr'>ζόρος</span> <span class='ocrx_word' id='word_1_627' title='bbox 1705 4643 1884 4713; x_wconf 68' lang='grc' dir='ltr'>ἐπηκολούθησε,</span> 
     </span>
     <span class='ocr_line' id='line_1_48' title="bbox 306 4719 1885 4799; baseline 0.004 -25"><span class='ocrx_word' id='word_1_628' title='bbox 306 4723 376 4795; x_wconf 83' lang='grc' dir='ltr'>μεθα.</span> <span class='ocrx_word' id='word_1_629' title='bbox 389 4721 467 4780; x_wconf 84' lang='grc' dir='ltr'>οότιος</span> <span class='ocrx_word' id='word_1_630' title='bbox 480 4719 656 4792; x_wconf 78' lang='grc' dir='ltr'>ἀντιθειορεῖται</span> <span class='ocrx_word' id='word_1_631' title='bbox 671 4726 707 4791; x_wconf 82' lang='grc' dir='ltr'>τῷ</span> <span class='ocrx_word' id='word_1_632' title='bbox 722 4720 805 4791; x_wconf 76' lang='grc' dir='ltr'>ἀγαθῷ</span> <span class='ocrx_word' id='word_1_633' title='bbox 825 4719 841 4786; x_wconf 77' lang='grc' dir='ltr'>ἡ</span> <span class='ocrx_word' id='word_1_634' title='bbox 864 4721 945 4786; x_wconf 89' lang='grc' dir='ltr'>κακία,</span> <span class='ocrx_word' id='word_1_635' title='bbox 964 4722 998 4782; x_wconf 82' lang='grc' dir='ltr'>ὡς</span> <span class='ocrx_word' id='word_1_636' title='bbox 1010 4721 1076 4774; x_wconf 79' lang='grc' dir='ltr'>ἀντι·</span> <span class='ocrx_word' id='word_1_637' title='bbox 1124 4725 1244 4795; x_wconf 81' lang='grc' dir='ltr'>παρόντος</span> <span class='ocrx_word' id='word_1_638' title='bbox 1258 4722 1284 4776; x_wconf 74' lang='grc' dir='ltr'><strong>δὲ</strong></span> <span class='ocrx_word' id='word_1_639' title='bbox 1298 4723 1343 4776; x_wconf 79' lang='grc' dir='ltr'><strong>οὔκ</strong></span> <span class='ocrx_word' id='word_1_640' title='bbox 1357 4722 1430 4778; x_wconf 83' lang='grc' dir='ltr'>ἔστιν·</span> <span class='ocrx_word' id='word_1_641' title='bbox 1450 4725 1528 4787; x_wconf 81' lang='grc' dir='ltr'>οότως</span> <span class='ocrx_word' id='word_1_642' title='bbox 1542 4727 1589 4788; x_wconf 79' lang='grc' dir='ltr'>ἕως</span> <span class='ocrx_word' id='word_1_643' title='bbox 1602 4729 1631 4779; x_wconf 76' lang='grc' dir='ltr'><strong>ἂν</strong></span> <span class='ocrx_word' id='word_1_644' title='bbox 1647 4724 1662 4799; x_wconf 69' lang='grc' dir='ltr'><strong>ᾖ</strong></span> <span class='ocrx_word' id='word_1_645' title='bbox 1677 4727 1706 4780; x_wconf 75' lang='lat' dir='ltr'><strong>ab</strong></span> <span class='ocrx_word' id='word_1_646' title='bbox 1721 4727 1808 4799; x_wconf 77' lang='grc' dir='ltr'>ὄγαόὄν</span> <span class='ocrx_word' id='word_1_647' title='bbox 1825 4726 1885 4798; x_wconf 56' lang='lat' dir='ltr'><strong>ivri</strong></span> 
     </span>
     <span class='ocr_line' id='line_1_49' title="bbox 305 4801 1884 4878; baseline 0.003 -19"><span class='ocrx_word' id='word_1_648' title='bbox 305 4806 433 4877; x_wconf 76' lang='grc' dir='ltr'>διαιρεῖται</span> <span class='ocrx_word' id='word_1_649' title='bbox 446 4802 475 4855; x_wconf 87' lang='grc' dir='ltr'>τό</span> <span class='ocrx_word' id='word_1_650' title='bbox 488 4801 521 4873; x_wconf 74' lang='grc' dir='ltr'><strong>μὴ</strong></span> <span class='ocrx_word' id='word_1_651' title='bbox 536 4803 564 4855; x_wconf 89' lang='grc' dir='ltr'><strong>ὄν</strong></span> <span class='ocrx_word' id='word_1_652' title='bbox 575 4807 611 4875; x_wconf 80' lang='grc' dir='ltr'>τῷ</span> <span class='ocrx_word' id='word_1_653' title='bbox 626 4803 687 4855; x_wconf 83' lang='grc' dir='ltr'>ὄντι.</span> <span class='ocrx_word' id='word_1_654' title='bbox 1125 4805 1203 4877; x_wconf 76' lang='grc' dir='ltr'>φύσει,</span> <span class='ocrx_word' id='word_1_655' title='bbox 1223 4805 1372 4878; x_wconf 79' lang='grc' dir='ltr'>ἀνύπαρκτόν</span> <span class='ocrx_word' id='word_1_656' title='bbox 1389 4806 1440 4860; x_wconf 81' lang='grc' dir='ltr'>ἔστι</span> <span class='ocrx_word' id='word_1_657' title='bbox 1463 4809 1516 4860; x_wconf 80' lang='grc' dir='ltr'>καθ’</span> <span class='ocrx_word' id='word_1_658' title='bbox 1539 4808 1611 4862; x_wconf 72' lang='lat' dir='ltr'><strong>lauth</strong></span> <span class='ocrx_word' id='word_1_659' title='bbox 1634 4809 1749 4877; x_wconf 72' lang='grc' dir='ltr'>ἡκακία,</span> <span class='ocrx_word' id='word_1_660' title='bbox 1769 4810 1784 4877; x_wconf 72' lang='grc' dir='ltr'><strong>ἦ</strong></span> <span class='ocrx_word' id='word_1_661' title='bbox 1802 4810 1827 4863; x_wconf 75' lang='grc' dir='ltr'><strong>δὲ</strong></span> <span class='ocrx_word' id='word_1_662' title='bbox 1845 4813 1884 4863; x_wconf 71' lang='lat' dir='ltr'><strong>tri</strong></span> 
     </span>
    </p>

    <p class='ocr_par' dir='ltr' id='par_1_4' title="bbox 303 4884 1883 5378">
     <span class='ocr_line' id='line_1_50' title="bbox 343 4884 1831 4964; baseline 0.003 -21"><span class='ocrx_word' id='word_1_663' title='bbox 343 4888 359 4943; x_wconf 85' lang='lat' dir='ltr'><strong>b</strong></span> <span class='ocrx_word' id='word_1_664' title='bbox 394 4886 483 4953; x_wconf 80' lang='lat' dir='ltr'><strong>idem,</strong></span> <span class='ocrx_word' id='word_1_665' title='bbox 504 4884 623 4941; x_wconf 73' lang='lat' dir='ltr'><strong>Cotem.</strong></span> <span class='ocrx_word' id='word_1_666' title='bbox 654 4901 714 4955; x_wconf 76' lang='lat' dir='ltr'><strong>cap·</strong></span> <span class='ocrx_word' id='word_1_667' title='bbox 739 4899 776 4940; x_wconf 74' lang='lat' dir='ltr'><strong>tl.</strong></span> <span class='ocrx_word' id='word_1_668' title='bbox 796 4885 844 4952; x_wconf 83' lang='grc' dir='ltr'>Τῆς</span> <span class='ocrx_word' id='word_1_669' title='bbox 857 4884 904 4957; x_wconf 76' lang='grc' dir='ltr'><strong>γὰρ</strong></span> <span class='ocrx_word' id='word_1_670' title='bbox 918 4884 1021 4957; x_wconf 76' lang='grc' dir='ltr'>ἀρετῆς,</span> <span class='ocrx_word' id='word_1_671' title='bbox 1036 4885 1077 4938; x_wconf 82' lang='grc' dir='ltr'>καὶ</span> <span class='ocrx_word' id='word_1_672' title='bbox 1124 4888 1260 4959; x_wconf 87' lang='grc' dir='ltr'>κρείττονος</span> <span class='ocrx_word' id='word_1_673' title='bbox 1271 4888 1434 4962; x_wconf 79' lang='grc' dir='ltr'>ἀναχώρησις,</span> <span class='ocrx_word' id='word_1_674' title='bbox 1445 4891 1536 4963; x_wconf 75' lang='grc' dir='ltr'>γίνεται</span> <span class='ocrx_word' id='word_1_675' title='bbox 1549 4898 1593 4945; x_wconf 78' lang='grc' dir='ltr'>τοῦ</span> <span class='ocrx_word' id='word_1_676' title='bbox 1609 4890 1720 4946; x_wconf 76' lang='grc' dir='ltr'>ἐναντίοιν</span> <span class='ocrx_word' id='word_1_677' title='bbox 1733 4895 1831 4964; x_wconf 65' lang='grc' dir='ltr'>γένεσις.</span> 
     </span>
     <span class='ocr_line' id='line_1_51' title="bbox 308 4966 1882 5047; baseline -0.001 -24"><span class='ocrx_word' id='word_1_678' title='bbox 308 4975 349 5039; x_wconf 72' lang='grc' dir='ltr'>τῆς</span> <span class='ocrx_word' id='word_1_679' title='bbox 375 4970 458 5031; x_wconf 89' lang='grc' dir='ltr'>κακίας</span> <span class='ocrx_word' id='word_1_680' title='bbox 475 4968 523 5041; x_wconf 69' lang='grc' dir='ltr'><strong>οὐχ</strong></span> <span class='ocrx_word' id='word_1_681' title='bbox 545 4969 579 5029; x_wconf 80' lang='grc' dir='ltr'>ὡς</span> <span class='ocrx_word' id='word_1_682' title='bbox 600 4969 643 5020; x_wconf 79' lang='lat' dir='ltr'><strong>eto</strong></span> <span class='ocrx_word' id='word_1_683' title='bbox 652 4974 725 5020; x_wconf 82' lang='grc' dir='ltr'>τινῶν</span> <span class='ocrx_word' id='word_1_684' title='bbox 745 4966 798 5020; x_wconf 84' lang='grc' dir='ltr'>καθ’</span> <span class='ocrx_word' id='word_1_685' title='bbox 826 4967 961 5022; x_wconf 70' lang='grc' dir='ltr'>ὑπόστασιν</span> <span class='ocrx_word' id='word_1_686' title='bbox 988 4986 1074 5039; x_wconf 76' lang='lat' dir='ltr'><strong>parva·</strong></span> <span class='ocrx_word' id='word_1_687' title='bbox 1159 4972 1395 5027; x_wconf 66' lang='lat' dir='ltr'><strong>eBrsrullrout.</strong></span> <span class='ocrx_word' id='word_1_688' title='bbox 1407 4975 1532 5028; x_wconf 74' lang='lat' dir='ltr'><strong>Eanum.</strong></span> <span class='ocrx_word' id='word_1_689' title='bbox 1562 4973 1882 5047; x_wconf 60' lang='grc' dir='ltr'>Ἐπςὶρὰρῶωὶάλήόςισ,</span> 
     </span>
     <span class='ocr_line' id='line_1_52' title="bbox 306 5049 1881 5128; baseline 0.001 -22"><span class='ocrx_word' id='word_1_690' title='bbox 306 5055 397 5126; x_wconf 76' lang='grc' dir='ltr'>μένων,</span> <span class='ocrx_word' id='word_1_691' title='bbox 411 5052 426 5120; x_wconf 81' lang='grc' dir='ltr'><strong>ὴ</strong></span> <span class='ocrx_word' id='word_1_692' title='bbox 441 5051 613 5117; x_wconf 78' lang='grc' dir='ltr'>ἀντιδιαστολὴ</span> <span class='ocrx_word' id='word_1_693' title='bbox 628 5051 762 5123; x_wconf 79' lang='grc' dir='ltr'>θεωρεῖται·</span> <span class='ocrx_word' id='word_1_694' title='bbox 783 5049 839 5103; x_wconf 82' lang='grc' dir='ltr'>ἀλλ’</span> <span class='ocrx_word' id='word_1_695' title='bbox 858 5052 941 5123; x_wconf 80' lang='grc' dir='ltr'>ὥσπερ</span> <span class='ocrx_word' id='word_1_696' title='bbox 956 5051 1074 5103; x_wconf 63' lang='lat' dir='ltr'><strong>hartrat·</strong></span> <span class='ocrx_word' id='word_1_697' title='bbox 1123 5053 1164 5105; x_wconf 79' lang='grc' dir='ltr'>καί</span> <span class='ocrx_word' id='word_1_698' title='bbox 1178 5052 1229 5119; x_wconf 75' lang='grc' dir='ltr'><strong>ζωὴ</strong></span> <span class='ocrx_word' id='word_1_699' title='bbox 1240 5054 1326 5117; x_wconf 83' lang='grc' dir='ltr'>ὁθεός,</span> <span class='ocrx_word' id='word_1_700' title='bbox 1342 5054 1365 5106; x_wconf 86' lang='lat' dir='ltr'><strong>ol</strong></span> <span class='ocrx_word' id='word_1_701' title='bbox 1380 5060 1416 5125; x_wconf 83' lang='grc' dir='ltr'>τῷ</span> <span class='ocrx_word' id='word_1_702' title='bbox 1426 5056 1479 5108; x_wconf 84' lang='grc' dir='ltr'>ὄντι</span> <span class='ocrx_word' id='word_1_703' title='bbox 1494 5057 1526 5125; x_wconf 71' lang='grc' dir='ltr'><strong>μὴ</strong></span> <span class='ocrx_word' id='word_1_704' title='bbox 1536 5057 1659 5128; x_wconf 75' lang='grc' dir='ltr'>ἣνωμένοι</span> <span class='ocrx_word' id='word_1_705' title='bbox 1668 5058 1731 5111; x_wconf 68' lang='grc' dir='ltr'>κατὰ</span> <span class='ocrx_word' id='word_1_706' title='bbox 1741 5058 1783 5125; x_wconf 69' lang='grc' dir='ltr'>τὴν</span> <span class='ocrx_word' id='word_1_707' title='bbox 1797 5059 1881 5119; x_wconf 77' lang='grc' dir='ltr'>πίστιν,</span> 
     </span>
     <span class='ocr_line' id='line_1_53' title="bbox 304 5133 1883 5210; baseline 0.003 -21"><span class='ocrx_word' id='word_1_708' title='bbox 304 5140 381 5209; x_wconf 80' lang='grc' dir='ltr'>ρεῖται</span> <span class='ocrx_word' id='word_1_709' title='bbox 399 5141 435 5206; x_wconf 80' lang='grc' dir='ltr'>τῷ</span> <span class='ocrx_word' id='word_1_710' title='bbox 454 5136 506 5188; x_wconf 84' lang='grc' dir='ltr'>ὄντι</span> <span class='ocrx_word' id='word_1_711' title='bbox 522 5135 552 5187; x_wconf 88' lang='grc' dir='ltr'>τό</span> <span class='ocrx_word' id='word_1_712' title='bbox 572 5133 604 5207; x_wconf 79' lang='grc' dir='ltr'><strong>μὴ</strong></span> <span class='ocrx_word' id='word_1_713' title='bbox 627 5134 665 5186; x_wconf 90' lang='grc' dir='ltr'><strong>ὄν.</strong></span> <span class='ocrx_word' id='word_1_714' title='bbox 684 5133 725 5186; x_wconf 72' lang='grc' dir='ltr'>καί</span> <span class='ocrx_word' id='word_1_715' title='bbox 743 5133 787 5185; x_wconf 74' lang='lat' dir='ltr'><strong>oia</strong></span> <span class='ocrx_word' id='word_1_716' title='bbox 802 5133 852 5187; x_wconf 82' lang='grc' dir='ltr'>ἔστι</span> <span class='ocrx_word' id='word_1_717' title='bbox 869 5135 923 5186; x_wconf 82' lang='grc' dir='ltr'>καθ’</span> <span class='ocrx_word' id='word_1_718' title='bbox 937 5134 1073 5188; x_wconf 68' lang='grc' dir='ltr'>ὑπόστασιν</span> <span class='ocrx_word' id='word_1_719' title='bbox 1122 5140 1153 5207; x_wconf 80' lang='grc' dir='ltr'>τῇ</span> <span class='ocrx_word' id='word_1_720' title='bbox 1170 5135 1196 5189; x_wconf 77' lang='grc' dir='ltr'><strong>δὲ</strong></span> <span class='ocrx_word' id='word_1_721' title='bbox 1213 5135 1347 5207; x_wconf 75' lang='grc' dir='ltr'>ίνυπαρξίᾳ</span> <span class='ocrx_word' id='word_1_722' title='bbox 1364 5143 1407 5190; x_wconf 77' lang='grc' dir='ltr'>τοῦ</span> <span class='ocrx_word' id='word_1_723' title='bbox 1424 5138 1525 5209; x_wconf 77' lang='grc' dir='ltr'>ψεύδους</span> <span class='ocrx_word' id='word_1_724' title='bbox 1543 5138 1705 5203; x_wconf 78' lang='grc' dir='ltr'>οίιιειωίίέντες</span> <span class='ocrx_word' id='word_1_725' title='bbox 1720 5140 1759 5194; x_wconf 76' lang='lat' dir='ltr'><strong>ed</strong></span> <span class='ocrx_word' id='word_1_726' title='bbox 1774 5146 1816 5208; x_wconf 73' lang='grc' dir='ltr'>τῆς</span> <span class='ocrx_word' id='word_1_727' title='bbox 1834 5141 1883 5210; x_wconf 65' lang='grc' dir='ltr'><strong>περὶ</strong></span> 
     </span>
     <span class='ocr_line' id='line_1_54' title="bbox 304 5216 1883 5294; baseline 0.003 -23"><span class='ocrx_word' id='word_1_728' title='bbox 304 5219 378 5272; x_wconf 78' lang='grc' dir='ltr'>εἰπεῖν</span> <span class='ocrx_word' id='word_1_729' title='bbox 394 5219 422 5270; x_wconf 75' lang='lat' dir='ltr'><strong>rb</strong></span> <span class='ocrx_word' id='word_1_730' title='bbox 438 5217 470 5288; x_wconf 87' lang='grc' dir='ltr'><strong>μὴ</strong></span> <span class='ocrx_word' id='word_1_731' title='bbox 485 5219 513 5270; x_wconf 81' lang='grc' dir='ltr'><strong>ὄν</strong></span> <span class='ocrx_word' id='word_1_732' title='bbox 529 5216 765 5270; x_wconf 78' lang='grc' dir='ltr'>ἀντιδιαστέλλεσόαι</span> <span class='ocrx_word' id='word_1_733' title='bbox 780 5217 839 5288; x_wconf 74' lang='grc' dir='ltr'>πρὸς</span> <span class='ocrx_word' id='word_1_734' title='bbox 851 5218 880 5270; x_wconf 83' lang='grc' dir='ltr'>το</span> <span class='ocrx_word' id='word_1_735' title='bbox 894 5218 935 5283; x_wconf 88' lang='grc' dir='ltr'><strong>ὄν,</strong></span> <span class='ocrx_word' id='word_1_736' title='bbox 951 5216 1016 5269; x_wconf 76' lang='grc' dir='ltr'>ἀλλὰ</span> <span class='ocrx_word' id='word_1_737' title='bbox 1030 5216 1073 5284; x_wconf 82' lang='grc' dir='ltr'>τὴν</span> <span class='ocrx_word' id='word_1_738' title='bbox 1123 5218 1153 5271; x_wconf 81' lang='grc' dir='ltr'>τὰ</span> <span class='ocrx_word' id='word_1_739' title='bbox 1166 5216 1257 5271; x_wconf 79' lang='grc' dir='ltr'>εἴδωλα</span> <span class='ocrx_word' id='word_1_740' title='bbox 1269 5220 1372 5287; x_wconf 80' lang='grc' dir='ltr'>πλάνης,</span> <span class='ocrx_word' id='word_1_741' title='bbox 1388 5219 1497 5285; x_wconf 84' lang='grc' dir='ltr'>εἰκότως,</span> <span class='ocrx_word' id='word_1_742' title='bbox 1512 5216 1598 5293; x_wconf 88' lang='grc' dir='ltr'>οίμαι,</span> <span class='ocrx_word' id='word_1_743' title='bbox 1612 5223 1654 5275; x_wconf 79' lang='grc' dir='ltr'>διὰ</span> <span class='ocrx_word' id='word_1_744' title='bbox 1671 5222 1715 5291; x_wconf 68' lang='grc' dir='ltr'>τὴν</span> <span class='ocrx_word' id='word_1_745' title='bbox 1726 5224 1834 5294; x_wconf 68' lang='grc' dir='ltr'>στέρησιν</span> <span class='ocrx_word' id='word_1_746' title='bbox 1846 5229 1883 5287; x_wconf 72' lang='grc' dir='ltr'>τῆς</span> 
     </span>
     <span class='ocr_line' id='line_1_55' title="bbox 303 5297 1883 5378; baseline 0.003 -24"><span class='ocrx_word' id='word_1_747' title='bbox 303 5298 449 5371; x_wconf 77' lang='grc' dir='ltr'>ἀννπαρξίαν</span> <span class='ocrx_word' id='word_1_748' title='bbox 462 5299 657 5371; x_wconf 78' lang='grc' dir='ltr'>ἀντιδιατρεῖσθαι</span> <span class='ocrx_word' id='word_1_749' title='bbox 665 5299 769 5371; x_wconf 79' lang='grc' dir='ltr'><strong>λέγομεν</strong></span> <span class='ocrx_word' id='word_1_750' title='bbox 785 5300 845 5371; x_wconf 86' lang='grc' dir='ltr'>πρός</span> <span class='ocrx_word' id='word_1_751' title='bbox 855 5298 898 5366; x_wconf 79' lang='grc' dir='ltr'>τὴν</span> <span class='ocrx_word' id='word_1_752' title='bbox 909 5297 1018 5371; x_wconf 75' lang='grc' dir='ltr'>ὕπαρξιν.</span> <span class='ocrx_word' id='word_1_753' title='bbox 1123 5300 1287 5368; x_wconf 69' lang='grc' dir='ltr'>ἀληθείας,κα”ι</span> <span class='ocrx_word' id='word_1_754' title='bbox 1297 5302 1339 5369; x_wconf 64' lang='grc' dir='ltr'>τὴν</span> <span class='ocrx_word' id='word_1_755' title='bbox 1349 5300 1397 5355; x_wconf 73' lang='grc' dir='ltr'><strong>ἀπὸ</strong></span> <span class='ocrx_word' id='word_1_756' title='bbox 1406 5306 1448 5368; x_wconf 80' lang='grc' dir='ltr'><strong>τῆς</strong></span> <span class='ocrx_word' id='word_1_757' title='bbox 1455 5302 1701 5376; x_wconf 79' lang='grc' dir='ltr'>ζωῆςάλλοτρίωσιν,</span> <span class='ocrx_word' id='word_1_758' title='bbox 1708 5305 1740 5378; x_wconf 76' lang='grc' dir='ltr'><strong>μὴ</strong></span> <span class='ocrx_word' id='word_1_759' title='bbox 1748 5306 1883 5375; x_wconf 78' lang='grc' dir='ltr'>ὄντεςπροσ-</span> 
     </span>
    </p>
   </div>
   <div class='ocr_carea' id='block_1_4' title="bbox 330 5384 1861 5515">
    <p class='ocr_par' dir='ltr' id='par_1_5' title="bbox 330 5384 1861 5515">
     <span class='ocr_line' id='line_1_56' title="bbox 1124 5384 1861 5455; baseline -0.003 -13"><span class='ocrx_word' id='word_1_760' title='bbox 1124 5384 1312 5455; x_wconf 75' lang='grc' dir='ltr'>σογορεύθησαν.</span> <span class='ocrx_word' id='word_1_761' title='bbox 1334 5384 1403 5441; x_wconf 87' lang='lat' dir='ltr'><strong>Vide</strong></span> <span class='ocrx_word' id='word_1_762' title='bbox 1417 5386 1512 5442; x_wconf 88' lang='lat' dir='ltr'><strong>eumd.</strong></span> <span class='ocrx_word' id='word_1_763' title='bbox 1529 5385 1643 5443; x_wconf 87' lang='lat' dir='ltr'><strong>bomilia</strong></span> <span class='ocrx_word' id='word_1_764' title='bbox 1653 5403 1672 5443; x_wconf 91' lang='grc' dir='ltr'><strong>ιι</strong></span> <span class='ocrx_word' id='word_1_765' title='bbox 1689 5388 1718 5444; x_wconf 90' lang='lat' dir='ltr'><strong>in</strong></span> <span class='ocrx_word' id='word_1_766' title='bbox 1728 5394 1861 5445; x_wconf 69' lang='lat' dir='ltr'><strong>ilerum.</strong></span> 
     </span>
     <span class='ocr_line' id='line_1_57' title="bbox 330 5462 704 5515; baseline -0.005 -5"><span class='ocrx_word' id='word_1_767' title='bbox 330 5466 339 5510; x_wconf 90' lang='grc'><strong>1</strong></span> <span class='ocrx_word' id='word_1_768' title='bbox 354 5467 403 5511; x_wconf 80' lang='lat' dir='ltr'><strong>Get.</strong></span> <span class='ocrx_word' id='word_1_769' title='bbox 415 5475 444 5508; x_wconf 82' lang='grc' dir='ltr'><strong>ιτ.</strong></span> <span class='ocrx_word' id='word_1_770' title='bbox 457 5464 478 5508; x_wconf 81' lang='grc'><strong>8.</strong></span> <span class='ocrx_word' id='word_1_771' title='bbox 490 5486 516 5497; x_wconf 93' lang='grc'>-</span> <span class='ocrx_word' id='word_1_772' title='bbox 527 5462 542 5505; x_wconf 79' lang='lat' dir='ltr'><strong>‘t</strong></span> <span class='ocrx_word' id='word_1_773' title='bbox 554 5463 571 5508; x_wconf 94' lang='grc'><strong>1.</strong></span> <span class='ocrx_word' id='word_1_774' title='bbox 583 5466 632 5508; x_wconf 82' lang='lat' dir='ltr'><strong>Cer.</strong></span> <span class='ocrx_word' id='word_1_775' title='bbox 645 5475 662 5515; x_wconf 88' lang='grc' dir='ltr'>ι,</span> <span class='ocrx_word' id='word_1_776' title='bbox 671 5463 704 5508; x_wconf 80' lang='lat' dir='ltr'><strong>tu.</strong></span> 
     </span>
    </p>
   </div>
   <div class='ocr_carea' id='block_1_5' title="bbox 0 0 2020 6202">
    <p class='ocr_par' dir='ltr' id='par_1_6' title="bbox 0 0 2020 6202">
     <span class='ocr_line' id='line_1_58' title="bbox 0 0 2020 6202; baseline 0 0"><span class='ocrx_word' id='word_1_777' title='bbox 0 0 2020 6202; x_wconf 95' lang='lat' dir='ltr'><strong> </strong></span> 
     </span>
    </p>
   </div>
  </div>
 </body>
</html>
