4134 6182
340 264 379 324 lV
1029 269 1243 331 PlrAEFA'rm.

337 393 429 461 aiunt
445 392 561 461 merito
577 392 652 462 Car.
664 396 840 484 Passaglia,
852 398 907 488 qui
919 396 1117 466 felicioribus
1134 397 1346 489 temporibus,
1365 420 1482 467 novam
1493 399 1670 468 editionem
1681 402 1937 486 Theolopieoram

339 521 522 603 aromatum
534 518 647 586 Rome
661 518 821 588 adornare
830 541 1001 610 aggressus
1013 530 1074 600 est,
1091 521 1217 590 collatis
1228 522 1344 590 studiis
1359 544 1434 590 cum
1455 522 1558 592 Clem.
1572 522 1733 591 Schrader
1743 545 1761 591 e
1773 523 1937 594 Societate

336 643 411 711 Jesu
424 642 618 734 presbyteri:
636 643 756 734 «Opus
771 645 833 714 luit
848 646 917 716 viro
924 632 981 739 qui
993 630 1239 716 humanioribus
1250 647 1367 717 litteris
1376 636 1548 733 emineret,
1562 649 1614 717 cui
1626 646 1795 725 llehraica,
1810 649 1934 733 Graeca,
2054 648 2055 661 ¹

335 768 451 841 latina
461 767 631 839 familiaria
652 769 794 855 luerint;
818 770 874 862 qui
907 771 1149 861 chronologica,
1179 772 1343 854 historica,
1366 771 1627 856 hermeneutica‚
1659 771 1771 839 critica
1790 773 1936 862 apprime

337 894 490 977 calleret,
512 882 569 985 qui
581 894 725 962 scholam
741 896 926 964 universam
947 896 1098 965 habuerit
1118 907 1335 988 compertam,
1349 897 1469 989 quique
1485 896 1518 964 in
1532 894 1684 966 Patribus
1697 905 1731 963 et
1748 895 1937 965 auctoribus

337 1008 563 1086 ecclesiasticis
599 1008 799 1099 euoluendis,
831 1022 1054 1107 enucleandis,
1092 1021 1305 1107 illustrandis,
1338 1022 1497 1112 prolixam
1529 1030 1562 1091 et
1596 1031 1763 1089 strenuam
1800 1042 1931 1109 operam

337 1130 558 1233 insumpserit.
576 1131 636 1213 'ht
665 1132 736 1235 quia
759 1144 847 1233 regio
868 1155 997 1215 tantum
1022 1145 1111 1215 dabit
1136 1147 1257 1231 virum,
1288 1146 1344 1239 qui
1372 1146 1558 1215 universam
1581 1145 1616 1213 in
1641 1145 1750 1213 animo
1773 1144 1938 1214 imbiberit

335 1269 627 1361 encyclopaediam‚
662 1268 782 1360 quique
813 1269 847 1337 in
881 1269 1017 1359 singulis
1050 1273 1120 1362 ejus
1143 1271 1211 1338 lere
1236 1267 1381 1361 partibus
1415 1270 1556 1360 palmam
1591 1269 1768 1339 retulerit?
1795 1269 1936 1336 Tantum

337 1392 430 1461 nobis
461 1393 568 1461 virum
599 1391 701 1459 Gallia
721 1392 820 1472 dedit,
847 1393 937 1484 isque
963 1415 1029 1461 nou
1053 1393 1135 1462 alius
1154 1402 1204 1462 est
1232 1393 1422 1485 aDionysio
1450 1394 1596 1468 Petavio,
1621 1420 1639 1457 »
1669 1393 1841 1463 Societatis
1859 1394 1935 1461 lesu

335 1519 457 1605 Aquita
481 1539 500 1584 a
518 1516 691 1586 coetaneis
702 1525 904 1605 nuncupate,
915 1516 1207 1586 ecclesiasticarum
1219 1517 1318 1586 decus
1329 1528 1362 1586 et
1377 1528 1607 1587 omamentum
1623 1518 1844 1589 scientiarum.

1005 1870 1268 1883 —n-——u--n

416 2116 483 2192 DE
518 2114 679 2194 VhllllS
710 2114 1155 2196 THEOLOGICORUM
1190 2113 1478 2194 ademarum
1512 2113 1853 2196 EDlTlONlBUS.

381 2432 494 2499 Plures
512 2429 713 2519 prodierunt,
735 2429 854 2511 saeculo
876 2430 1022 2519 proxime
1038 2429 1161 2518 elapso,
1177 2429 1322 2515 praeclari
1340 2430 1411 2519 ejus
1427 2429 1533 2517 operis
1545 2427 1716 2513 editiones,
1732 2450 1789 2494 seu
1801 2439 1936 2499 auctore

336 2556 442 2623 adhuc
452 2555 486 2622 in
495 2554 576 2623 vivis
589 2553 741 2644 degente,
757 2577 815 2623 seu
824 2554 890 2624 vita
904 2555 1070 2623 defuncto.
1086 2555 1172 2622 Duas
1184 2553 1410 2622 tantummodo
1422 2550 1676 2635 recensebimus
1689 2560 1802 2640 utpote
1811 2553 1937 2623 caeteris

336 2680 590 2772 praestantioreS,
622 2679 800 2770 saepiusque
827 2679 932 2770 praelis
963 2678 1150 2747 submissas.
1180 2678 1272 2747 Prior
1299 2676 1420 2769 prodiit
1441 2677 1636 2768 hntwerpiae
1664 2677 1933 2763 [hmstelodamis·,

337 2829 424 2877 anno
437 2807 536 2889 1700,
554 2828 612 2887 sea
626 2805 867 2888 tomisjn-lolio
883 2803 1044 2874 absoluta.
1057 2806 1134 2873 Haec
1147 2804 1246 2872 editio
1260 2803 1412 2872 brevibus
1425 2803 1548 2872 notulis
1560 2812 1655 2870 aucta
1667 2810 1717 2869 est
1730 2801 1863 2869 Adriani
1874 2802 1936 2871 Le-

335 2934 432 3015 clerc,
447 2929 507 3015 suh
521 2929 679 3011 ementito
689 2927 822 2997 nomine
832 2928 1001 3019 Theophili
1011 2928 1167 2997 Alethini.
1182 2929 1304 2996 Harum
1314 2939 1466 2998 notarum
1478 2949 1552 3018 pars
1564 2926 1706 2994 maxima
1715 2924 1819 2995 virum
1833 2924 1932 2992 ratia-

334 3057 483 3137 nalistam
498 3056 608 3141 refert,
624 3055 762 3147 ideoque
776 3055 827 3123 vel
836 3052 1031 3138 refutanda,
1045 3054 1095 3122 vel
1106 3052 1329 3144 exprlodendae,
1339 3052 1510 3120 Nonnulla
1522 3061 1631 3118 tamen
1639 3048 1846 3140 reperiuntur
1856 3069 1933 3117 vere

335 3181 444 3267 utiles,
468 3192 501 3249 et
515 3180 555 3250 ab
572 3182 661 3249 amni
676 3179 794 3248 erroris
808 3177 881 3246 labe
896 3179 1069 3261 immunes,
1085 3199 1165 3268 quas
1181 3177 1315 3246 retineri
1331 3177 1364 3243 in
1382 3176 1442 3245 hac
1457 3198 1541 3245 nova
1555 3175 1698 3244 editione
1712 3183 1932 3264 opportunum

334 3306 497 3375 duximus.
514 3305 717 3396 Caeteraquin
742 3302 1052 3372 hmstelodamensis
1076 3301 1187 3381 edilia,
1217 3312 1286 3370 tum
1314 3300 1447 3384 chartae,
1472 3309 1542 3368 tum
1573 3300 1796 3368 characterum
1825 3298 1932 3367 nitore

333 3431 521 3522 conspicua,
540 3453 701 3521 perpauca
715 3428 813 3497 hahet
828 3428 958 3513 menda,
974 3426 1132 3517 nobisque
1147 3427 1189 3494 ad
1206 3426 1385 3517 genuinum
1401 3425 1525 3493 Petavii
1547 3436 1673 3495 textum
1690 3425 1929 3495 restituendum

334 3573 418 3643 stape
433 3552 495 3621 luit
511 3553 613 3622 utilis.
724 3634 729 3641 ⁴
1147 3630 1149 3635 ,
1443 3624 1446 3629 .

377 3675 500 3744 Novam
524 3675 701 3744 editionem
726 3679 982 3762 Tacotaptceram
1007 3680 1205 3762 decanatum,
1234 3674 1400 3757 venetiis,
1429 3677 1526 3761 1757,
1552 3675 1721 3745 adornavit
1743 3673 1933 3745 Franciscus

333 3801 494 3871 Antonius
518 3800 701 3885 ZachariaS,
727 3822 745 3867 e
771 3800 933 3869 Societate
955 3800 1031 3868 Jesu
1055 3774 1234 3890 presbyter,
1261 3799 1309 3868 vir
1333 3822 1410 3869 sane
1435 3801 1596 3883 eruditus,
1621 3823 1659 3869 ac
1682 3799 1716 3868 in
1742 3799 1933 3887 theologicis

333 3927 565 4018 quaestionibus
592 3934 749 4011 uersatus.
779 3926 871 3994 Notis
897 3925 1030 3992 Adriani
1056 3925 1188 3993 Leclerc
1212 3925 1246 3992 in
1276 3927 1464 3995 universum
1494 3926 1687 4017 repudiatis,
1723 3948 1822 3996 novas
1852 3947 1933 3994 con-

334 4053 487 4133 cinnavit,
514 4076 643 4123 necnon
659 4052 902 4122 dissertationes
915 4051 1081 4142 plurimas,
1107 4059 1177 4119 tum
1196 4073 1225 4149 a
1239 4074 1274 4120 se
1290 4053 1507 4139 elucubratas,
1527 4064 1597 4123 tum
1612 4053 1653 4121 ab
1669 4050 1741 4120 aliis
1752 4059 1930 4120 mutuatas.

334 4177 409 4245 Haec
424 4177 523 4245 editio
544 4176 682 4253 meliori,
695 4199 792 4267 quam
806 4174 1001 4266 praecedens,
1017 4174 1131 4242 ordine
1147 4174 1356 4244 materiarum
1376 4186 1427 4246 est
1447 4176 1588 4268 digesta,
1616 4176 1854 4267 nonnullasque
1871 4174 1932 4241 ha-

334 4299 390 4368 het
409 4299 651 4397 dissertationes
669 4299 710 4369 ah
724 4301 794 4368 aliis
809 4300 848 4367 D.
866 4298 989 4368 Patavii
1003 4298 1155 4390 operibus
1171 4299 1393 4390 depromptas,
1411 4300 1651 4391 nonnullosque
1671 4291 1829 4368 tractatus
1844 4297 1894 4367 int
1917 4337 1932 4349 -

335 4446 410 4513 gros
428 4423 532 4514 quiin
553 4423 846 4491 hmstelodamensi
862 4422 1004 4491 editione
1021 4422 1256 4493 desiderantur.
1274 4422 1478 4516 Ceteroquin
1497 4446 1554 4492 seu
1571 4423 1703 4509 charte,
1720 4447 1777 4492 seu
1799 4424 1932 4492 charac-

333 4560 437 4617 terum
454 4548 560 4617 nitore
579 4549 675 4637 longe
696 4549 840 4618 inferior.
857 4549 947 4617 Hanc
962 4548 1138 4617 editionem
1153 4549 1238 4639 tppis
1252 4551 1443 4619 prendamus
1456 4550 1547 4619 novis
1560 4550 1789 4620 additamentis
1801 4559 1930 4619 auctam

335 4682 368 4741 et
384 4683 543 4751 ornatam,
561 4674 600 4742 de
615 4672 734 4765 quihus
746 4696 835 4741 nunc
846 4674 1022 4763 agendum.

378 4797 490 4865 llomae
499 4818 586 4864 anno
602 4798 685 4865 1857
702 4796 921 4887 novaprodire
933 4797 1032 4886 coepit
1046 4795 1159 4883 editio,
1179 4796 1261 4889 typis
1275 4820 1374 4867 sacrae
1388 4800 1647 4889 congregationis
1664 4801 1704 4869 de
1718 4800 1932 4892 Propaganda

336 4920 413 5000 lide,
427 4920 554 4990 collatis
574 4919 689 4989 studiis
704 4919 777 4989 Car.
797 4921 960 5010 Passaglia
987 4931 1020 4989 et
1035 4920 1139 4989 Clem.
1162 4922 1355 4991 Schradere
1379 4924 1542 4994 Societate
1564 4925 1655 5011 Jesu,
1681 4928 1932 5018 quamplurimis

334 5068 375 5113 ex
388 5044 521 5135 prolixis
536 5043 622 5113 notis
636 5043 909 5133 etappendicibus
923 5054 1018 5111 aucta
1032 5052 1065 5112 et
1088 5017 1213 5113 ornate.
1230 5047 1350 5115 Tomos
1361 5046 1485 5137 primus
1504 5047 1539 5116 in
1555 5048 1661 5118 lucem
1675 5022 1807 5140 prodiit,
1823 5051 1932 5119 caeteri

333 5167 569 5237 desiderantur.
587 5166 766 5236 Nonnullas
780 5176 875 5236 notas
890 5168 988 5260 hujus
1001 5166 1152 5237 editionis
1166 5169 1372 5240 retinuimus.

993 5446 1264 5470 Δια-διακαῇ..-
