4134 6182
301 411 339 471 50
736 406 775 466 [Ν
797 404 896 466 OPUS
916 400 1243 465 THEOLOGICORUM
1272 398 1514 461 DOGMATUM..

301 563 376 633 tem,
383 560 507 640 proprie
517 559 650 621 scentia
659 575 774 619 nomen
788 556 937 617 obtinere.
948 578 963 609 ν
981 554 1076 616 Nimi-

302 667 383 725 rum,
405 658 440 712 ut
460 653 493 713 in
526 651 709 712 duodecimo
726 649 806 710 libro
824 648 965 709 disertius
984 665 1076 726 expo

300 742 346 801 nit
359 744 381 819 ¹,
404 743 558 805 scientiam
585 744 648 804 sive
675 760 832 803 ammonem
847 739 983 803 scientior
996 740 1077 801 circa

300 836 462 901 coversari
475 842 639 916 putatquae
653 834 830 914 agendarel
838 833 1072 913 fugiendasunt,

301 943 363 1004 qua
382 929 499 991 ratione
519 945 590 989 cum
609 929 773 1008 prudentia
793 928 1000 991 contunditur.
1023 928 1075 987 Sa-

301 1018 448 1097 pientiam
468 1039 541 1082 vero
568 1021 648 1083 circa
674 1027 803 1099 aeterna,
833 1040 903 1101 quta
925 1024 1074 1101 perpetuo

1128 552 1353 632 principiaipsa
1367 568 1476 611 rerum
1500 550 1612 612 dicere.
1635 549 1736 624 Quare
1753 548 1902 628 sapientia

1128 646 1186 707 erit
1201 645 1374 707 intellectus
1396 644 1488 705 simul
1507 662 1579 706 oum
1601 643 1736 717 scientia,
1759 660 1796 703 ac
1816 640 1901 703 velut

1128 743 1221 818 caput
1242 737 1359 801 habens
1378 738 1504 801 scientia
1517 754 1623 799 rerum
1643 733 1902 816 praestantissima·

1128 851 1199 894 rum
1207 838 1230 894 ‘.
1246 853 1262 889 ν
1276 835 1349 907 Quas
1358 832 1401 899 sic
1413 832 1453 895 ab
1466 832 1618 895 Eustratio
1629 829 1842 893 cenomanico
1851 829 1903 889 da

1129 926 1294 991 curantur.
1307 926 1439 993 acicam
1450 944 1512 1005 non
1523 925 1646 1006 proprie
1660 925 1740 987 circa
1751 921 1904 1003 principis

1128 1026 1277 1097 versatur,
1288 1020 1340 1087 sed
1353 1021 1433 1083 circa
1448 1019 1658 1085 conclusiones
1667 1019 1820 1081 demtoxat
1831 1034 1902 1095 qun

301 1119 373 1175 sunt
391 1114 529 1176 siruella
541 1114 744 1177 mutabilitate
762 1123 932 1196 scaporum.
949 1116 1075 1177 AEtama
1127 1115 1303 1179 imarunca
1325 1134 1363 1176 cx
1382 1115 1552 1194 principiis,
1575 1132 1639 1175 non
1659 1112 1698 1173 ah
1717 1111 1772 1173 illa
1794 1111 1902 1190 utique

301 1225 404 1287 porro,
420 1227 534 1271 nones
550 1214 669 1273 tentiam
686 1208 823 1289 intellige
844 1227 912 1290 quae
926 1227 1010 1271 mere
1031 1209 1074 1268 di·

301 1299 373 1362 vine
392 1307 473 1378 suut,
485 1303 641 1367 sedetiam
654 1309 766 1379 creata,
779 1309 930 1383 quatenus
944 1303 983 1364 ad
998 1320 1074 1367 sem·

301 1395 456 1474 pitemum
468 1403 626 1459 auctorem
641 1416 677 1458 ao
690 1398 876 1478 principium
886 1398 1071 1473 referuntur,

1130 1210 1275 1289 probatis,
1289 1210 1342 1271 sed
1358 1209 1482 1273 aliunde
1491 1208 1621 1288 sumptis
1636 1213 1668 1269 et
1684 1225 1742 1287 pro
1753 1205 1834 1266 veris
1849 1205 1903 1264 ha·

1129 1301 1211 1362 bitis.
1225 1303 1277 1362 Fst
1285 1307 1391 1362 autom
1404 1300 1567 1380 peculiaris
1577 1299 1700 1362 habitus
1711 1317 1773 1378 quo
1792 1298 1903 1378 prinoi-

1129 1397 1182 1475 pia
1198 1402 1434 1476 cognoscuntur,
1454 1396 1541 1474 imae
1560 1399 1618 1461 νοῦς
1640 1392 1762 1467 dicitur,
1792 1391 1824 1451 id
1844 1397 1900 1466 est,

301 1504 365 1547 non
377 1494 412 1547 ut
421 1488 495 1549 inse
506 1496 694 1568 spectantur.
708 1491 813 1570 Itaque
833 1491 1015 1569 sapientiam
1033 1490 1076 1553 la-
1131 1489 1307 1553 intellectas.
1323 1490 1364 1552 at
1374 1489 1523 1569 sapientia
1535 1505 1646 1549 nones
1660 1486 1771 1563 solum,
1783 1505 1853 1565 que
1862 1505 1902 1547 ex

301 1581 362 1640 tius
379 1583 542 1661 porrigunt
556 1582 618 1658 alii,
635 1601 707 1643 cum
720 1601 789 1645 eam
802 1583 962 1658 definiunt,
980 1588 1016 1643 ut
1030 1589 1076 1644 est
1130 1581 1286 1662 principiis
1305 1581 1515 1645 ratiocinando
1525 1580 1723 1658 colligtmtur,
1745 1579 1903 1640 sedetiam

302 1675 386 1753 apud
406 1676 592 1737 Clementem
610 1676 861 1753 Alexandrinum,
883 1677 1075 1739 «Scientiam
1129 1675 1280 1754 principia
1291 1675 1358 1754 ipsa
1376 1675 1540 1752 cognoscit.
1560 1674 1666 1752 itaquo
1682 1670 1855 1733 intellectus
1872 1677 1904 1732 et

302 1767 960 1850 divinorumhumanommquehonorumts
971 1772 1008 1830 Et
1022 1771 1076 1831 Ba·
1129 1768 1262 1829 scientiae
1271 1773 1373 1846 partas
1383 1766 1503 1845 implet.
1515 1761 1806 1845 Sedposnemalooi
1820 1760 1904 1823 illius

301 1860 396 1938 silius,
417 1884 433 1921 ν
442 1863 606 1925 Scientiam
617 1865 792 1925 manarum
805 1863 1075 1944 humanarumque
1128 1860 1301 1923 Aristotelei
1318 1859 1609 1925 verbasuhohsoura
1619 1863 1701 1933 sunt,
1711 1874 1768 1918 nec
1780 1855 1852 1916 sads
1865 1854 1905 1915 ab

301 1955 441 2015 reruml.
455 1956 579 2016 dovera
587 1957 713 2035 quidem
720 1961 765 2017 cst
774 1955 827 2018 illa
835 1957 967 2021 scientiae
982 1975 1018 2017 ao
1030 1975 1075 2018 sa-
1130 1954 1241 2014 Graecis
1259 1954 1342 2019 illius
1360 1953 1579 2033 interpretibus
1595 1956 1737 2013 accurate
1746 1954 1902 2030 percepta.

300 2047 422 2126 pientiae
436 2049 617 2125 differentia,
639 2052 771 2111 sednon
788 2052 859 2111 satis
877 2069 915 2111 ex
934 2051 988 2111 illo
1006 2051 1077 2112 lobi
1129 2048 1174 2111 Ac
1195 2053 1277 2108 recte
1293 2048 1419 2126 quidam
1437 2047 1484 2107 illi
1503 2047 1656 2121 viderunt,
1690 2053 1778 2122 capot
1797 2042 1903 2105 dotem

301 2140 369 2204 loco
394 2143 566 2207 deducitur.
591 2146 672 2205 Nam
695 2162 796 2223 neque
818 2145 873 2204 Dei
896 2144 996 2204 cultus
1014 2146 1076 2205 sire
1130 2140 1190 2203 dici
1210 2141 1290 2205 hanc
1309 2141 1466 2207 scientiam
1495 2158 1565 2220 quen
1587 2138 1734 2219 rapientia
1762 2142 1901 2212 vooatm,

300 2235 399 2315 pietas
417 2237 541 2315 proprie
556 2238 705 2316 sapientia
719 2244 764 2298 cst
784 2237 849 2319 illa,
875 2238 914 2298 de
940 2257 1004 2318 qua
1025 2237 1077 2299 hio
1130 2234 1214 2313 quod
1224 2234 1374 2313 principia
1383 2234 1546 2308 contineat,
1557 2232 1617 2292 hoc
1626 2238 1672 2293 est
1680 2248 1790 2291 nones
1802 2230 1904 2290 solum

301 2328 422 2406 agimus
434 2347 503 2411 quae
521 2330 555 2391 in
569 2329 824 2410 contemplatione
843 2330 1000 2410 primario,
1020 2349 1077 2410 per
1130 2346 1200 2407 quta
1211 2346 1250 2388 ex
1258 2327 1415 2407 principiis
1423 2327 1621 2406 colligtmtru,
1638 2325 1691 2388 sed
1704 2325 1771 2405 ipsa
1779 2341 1904 2403 quoque

301 2438 394 2503 seque
418 2422 565 2497 consistit;
590 2441 661 2493 oum
690 2424 787 2504 pietas
814 2430 846 2484 et
865 2424 920 2487 Dei
937 2425 1031 2487 timor
1043 2425 1075 2485 in
1130 2422 1281 2500 principia
1294 2427 1456 2500 cognoscat
1466 2439 1536 2499 qma
1550 2419 1656 2499 capitis
1665 2419 1761 2479 instar
1775 2416 1903 2479 habent.

301 2515 421 2593 agendo
444 2517 546 2595 potius
564 2524 741 2596 occupetur,
759 2535 859 2597 neque
876 2517 1000 2579 scienta
1021 2518 1077 2586 ihi-
1130 2514 1259 2575 Atillud
1270 2533 1334 2582 non
1352 2515 1424 2581 satis
1445 2519 1561 2587 exacte,
1577 2511 1661 2591 quod
1672 2509 1906 2590 scicntiomprm·

145 3463 267 3507 illustratur

184 3529 237 3559 ocus

142 3571 267 3614 Aristotelis

154 3630 259 3730 iem
303 3633 361 3694 bus
385 3653 494 3699 verram
513 3635 695 3699 affirmando
709 3637 759 3697 vel
782 3638 925 3717 negando
941 3637 1073 3715 ducitur,

302 2608 374 2673 dem
387 2609 500 2688 legitur
514 2611 683 2673 inmanice
701 2610 817 2689 lingua,
837 2611 888 2671 sed
910 2610 1076 2691 intelligen-

303 2701 348 2763 tia
369 2721 438 2782 quae
460 2703 543 2766 haud
566 2702 659 2765 dubie
677 2703 808 2763 distata
834 2704 968 2767 scientia.
984 2704 1076 2783 Apud

193 2811 257 2875 aaz
304 2795 511 2859 Paulumvero
522 2815 585 2859 non
592 2797 725 2878 ἐπιστήμη
738 2802 792 2873 est,
800 2798 853 2858 sed
865 2802 970 2878 γνῶσις,
982 2816 1075 2877 quam

245 2894 251 2908 ·
303 2888 473 2967 simplicem
490 2891 695 2968 cognitionem
713 2907 770 2950 nec
790 2889 866 2951 adeo
880 2896 1077 2972 praestantem

303 2980 548 3063 Chrysostomus,
578 2983 736 3062 Graecique
767 2983 868 3044 caeteri
894 2983 1076 3062 interpretes

302 3074 489 3154 intelligunt,
505 3075 675 3154 cujusmodi
700 3076 733 3135 in
746 3075 839 3155 vulgo
853 3075 931 3143 inest
943 3076 1077 3143 chtisfia·

302 3186 429 3243 norum;
445 3170 626 3248 sapientiam
636 3175 750 3247 autem,
774 3170 873 3249 qualis
886 3170 919 3230 in
932 3170 1076 3250 apostolis

302 3260 370 3337 fuit,
394 3264 538 3324 eximiam
571 3264 712 3325 videlicet
737 3282 976 3345 supremamque
999 3266 1076 3326 noti-

302 3354 389 3425 tiam.

343 3448 394 3511 VI.
417 3449 593 3513 Aristoteles
617 3466 690 3510 vero
717 3449 750 3509 in
766 3448 859 3511 Scorto
889 3447 1074 3527 atticorum,

302 3547 466 3620 postquam
493 3541 618 3603 habitus
637 3559 700 3602 esse
729 3543 864 3622 quinque
891 3543 994 3607 nocua
1011 3545 1077 3623 qni-

264 3723 278 3777 ¹,
302 3733 411 3805 artem
446 3729 612 3804 scientiam
649 3732 855 3810 prudentiam,
884 3732 1075 3810 sapientiam,

302 3819 501 3897 intellectum,
535 3823 671 3902 singulos
701 3824 844 3904 deinceps
875 3825 1007 3904 explicat
1041 3843 1077 3885 ao

302 3914 459 3977 scientiam
483 3916 590 3981 itidem
611 3935 674 3983 esse
700 3918 783 3994 dicit,
812 3924 848 3979 ut
864 3919 898 3981 iu
918 3918 1078 4000 analyticis

303 4007 453 4086 exposcat.
489 4008 691 4085 Intellectum,
713 4010 768 4088 qui
796 4016 842 4071 est
870 4015 944 4086 νοῦς,
967 4012 1079 4090 prinoi-

302 4102 425 4179 piorum
449 4120 512 4165 esse
536 4105 676 4169 notitiam
690 4098 712 4167 ⁶.
744 4106 784 4169 At
806 4123 879 4167 vero
897 4106 1077 4185 sapientiam

303 4210 366 4254 esse
395 4194 585 4257 intellectum
614 4215 686 4259 cum
714 4197 840 4258 scientia
867 4198 1074 4277 conjunctum.

303 4288 443 4366 Oportet,
458 4290 569 4369 inquit,
580 4290 947 4369 sapientemnoneascire
955 4299 1077 4355 tantum

303 4396 372 4459 qua
391 4397 429 4443 ex
442 4380 598 4459 p1incipiis
621 4382 786 4457 ducuntur,
812 4384 974 4447 sedetiam
997 4386 1076 4447 circa

337 4566 444 4621 aCtntt·
457 4565 509 4623 lib.
527 4582 564 4621 tt.
579 4563 719 4624 Situm-“H
729 4568 843 4639 sarapis,
852 4568 950 4642 δύναμις
956 4564 1027 4637 cisa,
1033 4571 1076 4625 οὖν

301 4649 400 4785 mod-d
412 4647 486 4715 ἔστιν,
500 4652 515 4718 ἢ
528 4648 647 4722 ἐπιστήμη
661 4652 798 4718 editicios,
811 4653 851 4705 καὶ
859 4657 908 4707 τῶν
921 4652 1075 4726 ἀνθρωπείων

363 4751 408 4783 ων.

300 4731 352 4953 Ti
372 4819 461 4871 Antsr.
490 4815 729 4874 {intinctae
749 4835 785 4873 tt.
806 4818 919 4874 Λνίπεται
939 4825 994 4874 νοῦν
1014 4792 1075 4877 ἱεἷνοιι

317 4921 429 5041 piuiiid.
443 5003 505 5063 cap.
517 5002 566 5043 tn.
580 4986 627 5040 ast
645 4986 693 5059 ἄρα
704 4987 747 5041 τὸν
772 4988 846 5058 σοφὸν
866 4988 898 5060 μὴ
914 4990 988 5060 μόνον
1005 4990 1035 5044 τὰ
1049 4988 1075 5044 ἐκ

301 5073 350 5122 τῶν
366 5067 448 5145 ἀρχῶν
463 5070 559 5124 εἰδέναι·
576 5069 691 5123 ἀλλὰκαὶ
704 5072 758 5143 περὶ
778 5071 821 5135 τὰς
844 5071 922 5145 ἀρχὰς
939 5072 1072 5143 ἀληθεύειν.

301 5153 362 5205 ὥστ’
376 5151 412 5221 εἴη
428 5156 456 5207 ἀν
469 5155 483 5222 ἠ
497 5155 570 5226 σοφία
580 5159 635 5218 νοῦς
653 5155 693 5207 καὶ
712 5152 844 5229 ἐπιστήμη,
857 5158 897 5209 καὶ
910 5158 993 5230 ὥσπερ
1005 5178 1075 5230 κεφα-

302 5236 347 5304 λὴν
361 5234 452 5309 ἔχουσα
465 5238 584 5309 ἐπιστήμη
597 5244 646 5293 τῶν
663 5240 826 5311 τιμιωτάτων.

338 5321 493 5379 derasos.
510 5322 529 5377 l.
541 5323 575 5377 tt
585 5321 671 5380 Ethc'c.
690 5339 714 5378 c.
732 5340 768 5378 vr.
793 5323 861 5379 Ἐπεὶ
877 5325 956 5380 τοίνυν
970 5328 1073 5381 sattim

327 5503 336 5548 t
359 5500 415 5554 Cap.
426 5509 477 5545 nr.
490 5520 516 5532 -
526 5498 541 5543 2
550 5501 619 5546 Arist.
629 5500 668 5546 llb.
678 5500 720 5547 Vl.
733 5500 804 5546 mtto.
814 5515 836 5548 c.
854 5512 889 5549 ut.

1131 2605 1379 2673 stootissimomm
1389 2612 1500 2685 putant
1508 2606 1591 2669 idam
1600 2621 1664 2669 esse
1674 2622 1710 2664 ac
1723 2603 1905 2683 prestantis

1131 2701 1251 2763 simam
1279 2700 1446 2763 Andronici
1475 2698 1570 2763 verba
1594 2716 1658 2759 non
1683 2696 1738 2759 ahs
1760 2713 1794 2757 rc
1810 2694 1905 2759 morit

1131 2793 1303 2861 adscribere
1325 2813 1332 2853 ε
1359 2793 1546 2867 «Quoniam
1573 2791 1678 2869 igitm,
1700 2790 1810 2869 inquit,
1837 2790 1905 2851 uni-

1130 2886 1246 2949 versale
1256 2886 1416 2966 quippiam
1428 2892 1473 2949 est
1486 2885 1645 2966 sapientia,
1658 2888 1779 2963 oportet
1786 2883 1905 2963 sapien-

1130 2984 1205 3056 tam,
1217 2980 1272 3058 qui
1283 2979 1322 3042 ab
1332 2980 1387 3045 illa
1399 2997 1512 3043 nomen
1523 2979 1643 3057 accipit,
1654 2995 1717 3038 non
1726 2981 1809 3041 certa
1821 2994 1905 3055 quss-

1130 3073 1202 3133 dam
1221 3075 1262 3134 'ex
1280 3073 1318 3133 iis
1339 3091 1409 3152 quaa
1428 3072 1570 3152 cognosci
1589 3075 1708 3150 qucum
1730 3068 1818 3143 scira
1843 3068 1904 3134 alia

1130 3167 1257 3230 nescire.
1280 3168 1381 3246 Atque
1401 3167 1513 3228 idcirco
1536 3184 1600 3231 non
1618 3170 1740 3227 tantum
1759 3162 1814 3227 illa
1834 3181 1905 3242 quas

1130 3261 1388 3322 demonstratione
1409 3260 1512 3338 colligi
1528 3264 1665 3339 possunt,
1682 3257 1755 3323 sciet
1771 3257 1901 3335 sapiens,

1131 3355 1290 3417 sedetiam
1310 3354 1515 3434 principiam
1532 3351 1645 3432 quibus
1664 3350 1744 3411 fiunt
1766 3350 1905 3411 demone

1131 3447 1276 3509 tratimes
1286 3453 1318 3508 et
1327 3447 1463 3522 illorum,
1475 3445 1577 3525 quoad
1584 3444 1665 3521 licet,
1676 3442 1828 3509 rationem
1837 3442 1906 3505 red-

1131 3540 1193 3601 det.
1214 3540 1421 3614 eramohrem
1441 3538 1659 3620 sapientiaorit
1675 3536 1848 3601 intellectus
1868 3536 1905 3597 si-

1130 3632 1239 3693 mulet
1254 3633 1389 3708 scicntia,
1401 3639 1432 3695 et
1446 3632 1506 3692 hoc
1516 3632 1609 3695 modo
1628 3631 1688 3695 erit
1706 3629 1762 3695 illa
1779 3630 1905 3693 scientia

1131 3732 1255 3805 quaeest
1267 3727 1406 3795 omnium
1419 3725 1677 3806 prestantissima,
1689 3722 1797 3803 capitis
1808 3724 1905 3785 instar

1130 3820 1455 3900 principiacontinens.
1468 3820 1590 3883 Etenim
1599 3818 1632 3880 in
1641 3818 1708 3897 ejus
1718 3817 1836 3881 ratione
1854 3817 1906 3880 dc

1131 3913 1275 3977 claranda
1284 3920 1352 3975 tum
1364 3931 1402 3977 ea
1418 3931 1488 3993 quaa
1502 3912 1758 3981 demonstratione
1778 3911 1906 3991 probari

1131 4012 1258 4085 possunt
1277 4012 1486 4081 assumuntur,
1502 4010 1571 4067 tum
1581 4005 1733 4085 principia
1743 4005 1820 4084 ipsa.
1836 4006 1902 4067 Hoc

1131 4105 1236 4165 autem
1255 4100 1288 4161 in
1303 4100 1370 4165 aliis
1387 4100 1518 4167 scientiis
1530 4118 1593 4160 non
1610 4099 1737 4179 perinde
1748 4100 1901 4163 usuvenit.

1132 4193 1409 4273 Quippeinearum
1418 4194 1595 4259 definitione
1603 4211 1666 4255 non
1676 4192 1842 4255 adhibetur
1850 4211 1903 4254 no

1129 4287 1198 4351 titia
1218 4286 1449 4367 principiorum,
1468 4288 1521 4351 sed
1539 4305 1648 4348 eorum
1671 4287 1820 4353 drmtaxat
1833 4306 1902 4367 qum

1131 4379 1366 4447 demonstrando
1379 4380 1604 4441 concludimus
1617 4386 1642 4439 t.
1656 4400 1669 4435 ν

1131 4566 1250 4635 stimat
1265 4567 1348 4637 eopia,
1363 4569 1403 4623 aa
1412 4568 1454 4623 τὶνν
1467 4567 1520 4620 κατ’
1532 4564 1606 4633 ὠνὴν
1620 4564 1745 4637 captavi
1758 4565 1788 4620 τὸ
1797 4564 1841 4638 μὶν
1854 4572 1901 4625 τῶν

1130 4656 1246 4724 γνωστῶν
1260 4649 1393 4716 altiorum
1404 4650 1430 4703 δὲ
1444 4650 1551 4722 ἀγνοεῖν,
1565 4650 1604 4701 καὶ
1616 4648 1656 4702 aa
1666 4653 1739 4703 τοῦτο
1745 4650 1777 4721 μὴ
1787 4651 1861 4722 μόνον
1873 4652 1901 4705 τὰ

1130 4734 1261 4789 euocetur&
1273 4734 1287 4787 ὁ
1301 4735 1375 4807 σοφὸς
1388 4734 1487 4789 εἴσεται·
1503 4733 1567 4787 ἀλλὰ
1587 4732 1628 4789 rat
1642 4733 1684 4795 τάς
1705 4732 1792 4807 ἀρχὰς,
1806 4736 1860 4789 ὅθεν
1877 4735 1901 4787 ἄν

1130 4818 1272 4887 ἀποδείξεις,
1286 4820 1381 4873 καὶτὸν
1396 4818 1550 4897 ἐγχωροῦντα
1562 4816 1618 4890 περὶ
1635 4817 1713 4873 αὐτῶν
1731 4820 1804 4872 δώσει
1815 4821 1899 4893 λόγον·

1130 4904 1195 4957 ὥστε
1210 4901 1246 4972 εἴη
1261 4904 1315 4971 ἀνὴ
1331 4904 1404 4975 σοφία
1417 4909 1481 4971 νοῦς,
1494 4904 1534 4961 ναὶ
1548 4902 1727 4975 ἔπιστήμηήὶ
1742 4905 1819 4968 οὕτως
1832 4904 1901 4961 ἔσται

1129 4985 1290 5058 ἡέπιοτήμη,
1304 4988 1318 5056 ἡ
1332 4989 1478 5059 τιμιωτάτη,
1495 4988 1601 5060 καθάπερ
1618 4988 1725 5061 κεφαλὴν
1748 4987 1840 5062 ἔχουσα
1860 4991 1903 5055 τὰς

1130 5069 1216 5142 ἀρχάς·
1232 5070 1256 5123 ἐν
1269 5071 1316 5144 γὰρ
1327 5077 1363 5143 τῷ
1376 5071 1448 5139 αὐτῆς
1459 5072 1529 5143 λόγῳ
1546 5071 1587 5123 καὶ
1609 5070 1640 5124 τὰ
1659 5071 1799 5138 assasse,
1819 5072 1860 5127 καὶ
1876 5072 1901 5127 αἱ

1131 5154 1204 5227 ἀρχαὶ
1218 5155 1390 5227 λαμδάνονται·
1402 5153 1441 5209 aa
1452 5155 1499 5227 γὰρ
1516 5160 1565 5209 τῶν
1586 5155 1669 5211 ἀλλων
1689 5154 1829 5229 ἐπιστημῶν
1845 5156 1900 5229 οὐχ’

1130 5239 1206 5301 οὕτως
1221 5233 1282 5313 ἔχει·
1296 5240 1324 5293 οὗ
1347 5239 1395 5313 γὰρ
1413 5238 1437 5293 ἔν
1451 5246 1487 5312 τῷ
1504 5239 1601 5313 ὁρίσμνῳ
1615 5239 1722 5308 memet
1744 5246 1839 5315 γνῶσις
1851 5246 1900 5299 τῶν

1129 5324 1212 5397 ἀρχῶν
1224 5324 1444 5398 παραλαμὸἀνεται·
1469 5322 1534 5377 ἀλλὰ
1551 5329 1600 5377 τῶν
1620 5322 1768 5378 enacarat
1780 5325 1864 5396 μόνον.
