4134 6182
314 265 354 323 'td
737 257 774 316 ΙΝ
798 254 896 314 OPL'S
916 247 1244 312 t‘HEoLcGtcottttt
1266 246 1495 308 hoetmtttt.

305 410 433 474 fallebat
473 410 532 470 ista
571 412 668 483 secta,
705 407 780 486 quia
809 402 953 483 quedam
989 398 1084 461 habet
1139 396 1263 458 cuidam
1302 393 1498 476 philosopho,
1534 398 1564 452 ot
1606 390 1749 472 sophistas
1791 408 1919 472 operam
1950 438 1954 445 .

306 504 420 567 similia
447 508 634 578 nostrorum,
660 520 696 562 ac
720 504 882 580 propterea
907 501 942 556 ut
967 493 1001 554 in
1014 512 1082 555 me·
1138 489 1269 564 dedisse,
1301 507 1321 549 a
1349 505 1411 568 quo
1438 486 1565 548 illorum
1586 485 1701 547 scilicet
1726 484 1919 547 dialecticam

227 657 234 667 .
305 598 399 674 taliis,
426 616 462 659 ac
484 595 608 678 lapillis,
638 600 692 656 aut
708 590 897 654 aromatibus
925 593 955 650 et
981 587 1082 668 sepla-
1139 583 1276 659 edoctus,
1310 587 1393 642 tottu
1425 580 1459 641 in
1491 579 1535 654 id,
1571 597 1607 639 ac
1638 579 1813 658 parotium
1830 578 1919 638 incu-

305 691 469 753 siariorum
481 688 657 770 unguentis,
671 687 1080 765 eaetusurpantur,etsunt,
1139 677 1218 753 buit,
1237 682 1272 737 ut
1297 675 1393 737 divini
1411 673 1508 753 Verbi
1525 675 1676 735 rationem
1701 690 1826 733 omnem
1848 670 1919 751 qui-

307 786 346 847 ad
375 784 612 847 adulterandum
640 780 808 862 aptissima,
835 796 904 858 quas
933 775 1024 851 veris,
1047 793 1083 836 ac
1140 772 1271 834 busdam
1300 770 1408 851 figuris
1428 770 1594 851 explicaret
1604 778 1666 829 ⁰.»
1705 767 1791 829 idem
1818 766 1857 828 de
1882 782 1920 825 eo

305 876 722 959 natirbpropiorasunt3ita
735 873 907 935 conditores
915 871 1080 944 haeresum
1139 866 1231 926 refert
1260 863 1426 944 Gregorius
1445 864 1601 942 Nyssenus
1626 861 1661 922 in
1682 860 1782 941 primo
1812 866 1919 921 contra

308 979 339 1032 et
350 989 532 1051 mangones,
549 970 589 1030 ad
603 967 861 1048 corrumpendam
870 964 943 1026 fidei
957 963 1083 1025 sinceri·
1137 958 1335 1034 Eunomium,
1363 956 1417 1017 ubi
1441 956 1564 1018 Aetium
1586 954 1691 1016 scribit
1720 953 1786 1013 uin
1811 952 1919 1032 dispu-

307 1070 413 1141 tatem,
430 1064 585 1126 Platonica
599 1062 792 1143 potissimum
805 1060 929 1120 inventa
952 1057 1085 1118 miscue-
1136 1051 1222 1112 tandi
1244 1050 1388 1131 palestra
1414 1048 1576 1128 diligenter
1608 1047 1818 1122 exercitatum,
1847 1064 1918 1107 cum

307 1164 389 1218 runt.
405 1159 448 1219 De
461 1157 573 1237 quibus
586 1155 665 1216 nihil
676 1154 837 1215 addamad
851 1171 899 1229 ea,
916 1170 986 1232 quae
998 1151 1086 1211 initio
1137 1143 1319 1204 methodum
1342 1140 1604 1221 syllogismorum,
1632 1139 1718 1200 velut
1743 1157 1782 1200 ex
1801 1138 1920 1200 Αιὶοίο·

309 1251 401 1331 primi
415 1251 487 1311 libri
500 1251 536 1311 de
559 1248 710 1311 Trinitote
723 1246 797 1308 dixi
815 1248 852 1308 Et
865 1264 939 1307 vero
959 1263 1008 1306 res
1028 1262 1084 1324 per
1137 1236 1235 1297 taliae
1264 1234 1410 1295 docuinoe
1440 1233 1577 1313 imagine
1600 1232 1748 1313 quadm,
1775 1251 1812 1293 ac
1832 1250 1921 1294 roso·

307 1363 340 1405 se
373 1345 521 1424 loquitur,
550 1361 586 1403 aa
617 1341 788 1421 priscarum
819 1339 960 1399 omnium
988 1337 1083 1397 haere-
1138 1329 1244 1390 nantia
1275 1331 1500 1407 comparasset,
1536 1325 1656 1387 celebre
1689 1342 1804 1385 nomen
1832 1325 1920 1386 inre-

307 1455 389 1512 sum,
411 1456 480 1517 quae
494 1436 601 1516 primis
615 1434 733 1496 seculis
746 1433 845 1494 trihtrs
865 1436 978 1493 exorta
1000 1436 1082 1507 sunt,

308 1530 437 1591 historm
455 1529 524 1609 ipsa
550 1534 688 1604 testatam,
712 1527 921 1603 Simonianae,
947 1523 1085 1585 Valenti·

307 1624 428 1700 nianos,
454 1622 666 1698 Marcionitas,
696 1620 900 1695 Manichacus,
930 1637 965 1679 ac
998 1623 1085 1678 oete·

308 1734 369 1792 ros,
385 1734 448 1777 non
462 1716 598 1791 aliunde,
626 1732 722 1795 quam
750 1732 789 1774 ex
806 1713 986 1774 commentis
1014 1711 1084 1772 Pla-

307 1811 388 1871 tonis
430 1810 613 1871 subornatos
651 1827 717 1870 esse
753 1808 794 1869 ad
824 1807 880 1868 illa
904 1806 1085 1868 fabricanda

307 1904 482 1979 monstra*‚
515 1909 545 1963 et
571 1902 722 1964 dedecora
752 1900 909 1962 christiani
938 1900 1084 1975 nominis,

307 2016 377 2076 quac
402 2016 473 2059 oum
488 1997 571 2077 apud
585 2000 813 2077 oppugnatores
839 2012 948 2055 eorum
967 1997 1087 2053 sanctos

305 2090 376 2151 illos
394 2093 497 2152 Patres
517 2090 660 2170 legimus,
683 2090 801 2171 ingenti
813 2090 941 2150 horrore
968 2086 1086 2168 percel-

306 2182 411 2245 limus.

217 2300 237 2342 ὀ
262 2313 273 2343 ι
347 2282 402 2342 111.
428 2283 595 2360 Insequens
618 2287 692 2341 setas
711 2281 783 2341 tulit
811 2280 887 2340 alios
913 2279 1083 2354 haereticos,

241 2440 247 2452 ,
306 2371 565 2452 qttiAristotelicae
579 2373 793 2453 philosophie,
803 2372 1008 2435 etartificiosis
1020 2372 1086 2433 istis

305 2465 516 2527 molitionibus
523 2468 624 2546 magis
631 2467 738 2543 dediti,
750 2465 1084 2547 eosdemlabyrinthos‚

306 2579 343 2621 ac
355 2561 447 2622 meas
468 2561 772 2640 argumentationum
786 2561 947 2621 subtilium
967 2560 1085 2639 impor-

305 2653 455 2714 tarentin
469 2654 607 2715 hunam
621 2654 814 2735 sapientiam.
831 2654 898 2727 Quo
921 2653 955 2712 ln
973 2669 1086 2732 genere

305 2747 447 2827 princeps
460 2747 553 2808 fusse
567 2746 746 2828 perhibetur
760 2747 851 2808 Arius
862 2746 988 2807 nefarie
996 2750 1085 2806 sectae

304 2841 453 2917 conditor,
461 2841 514 2921 qui
528 2846 662 2921 quantus
675 2840 715 2901 ad
723 2840 924 2920 impietatem,
936 2845 967 2900 et
980 2838 1085 2900 Eccle-

305 2935 358 2995 siae
371 2934 538 3014 pemiaiem
558 2934 666 3008 extitit,
682 2938 805 2994 tanturm
827 2951 900 2994 eum
921 2932 1086 3012 sophistica

304 3028 360 3089 illa
371 3027 547 3109 disputandi
561 3027 723 3105 calliditas,
733 3034 763 3088 et
776 3026 896 3089 malitia
909 3027 1086 3108 procudisse

303 3121 410 3182 fertm.
452 3123 522 3182 Fuit
559 3123 653 3197 enim,
693 3126 729 3181 ut
765 3122 900 3183 historie
937 3126 1083 3195 narrant,

309 3213 492 3274 «dialectica
497 3213 694 3293 loquacitate,
709 3221 739 3274 et
753 3216 865 3275 astutia
877 3215 1081 3295 pradinas.»

308 3308 356 3382 Et,
372 3312 408 3368 ut
421 3309 610 3370 Sozomenus
627 3310 800 3389 expressius
819 3309 967 3389 toqrrttur,
980 3328 1087 3371 aecer

307 3400 405 3461 rimus
419 3401 596 3463 dialeaficus
615 3420 687 3462 cum
701 3408 790 3477 esset,
808 3408 901 3481 atque
913 3403 1086 3464 istiusmodi

309 3494 477 3574 disciplinis
490 3495 639 3572 imbutus,
653 3495 687 3555 in
701 3495 850 3556 absurdos
862 3514 1018 3558 sermones
1031 3498 1086 3558 de·

309 3588 414 3668 lapsus
428 3580 527 3649 esti.»
542 3588 662 3650 Taliset
672 3589 787 3665 Aetius,
802 3608 837 3650 ao
851 3588 1086 3670 discipulushu-

305 3678 358 3758 jus
369 3680 422 3759 qui
431 3680 500 3755 fuit,
515 3680 695 3758 Eunomius,
710 3681 744 3742 in
755 3681 865 3742 iisdem
873 3682 1087 3744 describuntur

308 3771 453 3832 hntorib.
464 3772 603 3833 Dehetio
617 3774 719 3854 prodit
737 3773 927 3854 Epiphanius
947 3792 953 3833 :
972 3796 988 3833 ιι
1006 3776 1086 3835 Eum

305 3864 373 3944 jam
387 3870 476 3927 aetate
491 3867 699 3946 grandiorem,
716 3885 788 3928 cum
811 3871 987 3927 exterarum
1001 3867 1087 3927 rudis

306 3963 386 4020 esset
399 3960 524 4036 artium,
539 3960 668 4021 tandem
682 3959 875 4021 Alexandriae
895 3960 1086 4021 Anstotclico

345 4160 485 4216 ttSttctttt.
499 4159 549 4216 lllt.
566 4161 590 4226 l,
604 4177 629 4216 c.
653 4177 680 4215 ν.
698 4158 770 4233 Ἀνὴρ
792 4158 836 4213 οὖκ
848 4158 949 4231 ἄμοιρος
971 4163 1014 4227 τῆς
1036 4161 1087 4213 δια·

308 4243 419 4310 λεκτικῆς
430 4243 532 4315 λέσχης.

345 4326 467 4381 bSozott.
484 4327 535 4383 lib.
549 4327 572 4393 l,
585 4326 894 4387 ο.11.ιλισλεκτικώτιιτος
905 4323 932 4378 bl
944 4327 1083 4398 γενόμενος·

308 4407 406 4481 ἐλέγετο
419 4408 466 4482 γὰρ
483 4409 543 4482 μηδὲ
558 4416 607 4466 τῶν
622 4411 738 4465 τοιούτων
749 4411 860 4484 ἀμοιρεῖν
874 4411 1031 4483 μαθημάτων·
1052 4409 1086 4473 είς

307 4492 411 4557 ἀτόπους
423 4493 560 4565 ἐξεκυλίσθη
577 4496 675 4569 λόγους.

345 4596 358 4634 ο
372 4580 501 4637 Errasti«.
528 4580 603 4639 Her.
618 4584 664 4648 76,
679 4581 694 4655 Ξ
706 4584 732 4638 2.
744 4574 821 4645 Οίτος
834 4580 847 4634 ὁ
867 4580 958 4644 Ἀέτιος
970 4580 1031 4636 κατὰ
1043 4581 1085 4637 τὸν

309 4664 426 4736 κοσμικὸν
445 4666 520 4737 λόγον
542 4665 684 4729 ἀπαίδευτος
698 4663 738 4735 ἦν,
762 4666 809 4729 ἕως
832 4670 876 4735 τῆς
897 4665 992 4728 τελείας
1013 4667 1085 4720 uisuri

309 4748 414 4817 ἡλικίας,
425 4749 459 4811 ὡς
467 4749 482 4802 d
490 4751 574 4822 λόγος·
587 4749 702 4818 ἐπενόησε
713 4749 740 4803 at
750 4750 850 4816 ὓποὸὰς,
865 4750 905 4804 καί
919 4751 1043 4823 σχολάσας
1060 4750 1085 4805 ἐν

340 4982 352 5006 ⁸
378 4980 429 5033 Non
454 4993 523 5034 unam
546 4984 648 5035 extitisse
679 4981 823 5034 Platonicam
852 4982 1018 5049 philosophiam
1041 4996 1085 5046 qua

309 5060 469 5112 Gnosticorum
483 5062 594 5114 factiones
611 5062 741 5112 subornata
760 5062 919 5113 vehementius
939 5063 1031 5124 luerim,
1049 5062 1085 5114 la·

308 5140 406 5193 bonose
431 5146 589 5207 accuntaequc
622 5142 722 5193 virorum
753 5141 892 5193 auditorum
917 5140 1086 5206 dsquisiticncs

1137 1422 1244 1484 auset.
1259 1442 1274 1479 ν
1317 1420 1457 1483 Meminit
1484 1425 1514 1480 et
1552 1420 1691 1481 Socrates
1717 1419 1798 1481 Aetii
1835 1419 1921 1497 ejus·

1137 1516 1209 1577 dem
1232 1515 1398 1576 dialecticae
1418 1513 1518 1574 studio
1542 1513 1679 1592 impense
1700 1511 1828 1587 deditit,
1841 1516 1921 1573 utet

1139 1610 1294 1685 Eunomii,
1315 1608 1369 1688 qui
1382 1606 1593 1684 scnbaillius,
1614 1625 1650 1667 aa
1672 1605 1840 1686 discipulus
1848 1606 1919 1685 fuit,

1139 1721 1234 1784 quem
1265 1708 1331 1763 arte
1377 1700 1534 1762 dialectica
1575 1706 1794 1783 praepotentem
1843 1700 1920 1762 eur-

1138 1797 1219 1857 finns
1233 1795 1399 1857 nominat²
1424 1813 1431 1854 ε
1455 1793 1548 1873 idque
1568 1799 1718 1855 testantur
1732 1793 1862 1854 Basilius
1889 1800 1923 1854 et

1139 1897 1268 1968 uterque
1304 1887 1469 1968 Gregorius
1502 1888 1676 1966 Nyssenus,
1717 1905 1753 1947 ac
1785 1887 1921 1947 Nazian-

1138 2001 1233 2044 zenus
1252 1983 1285 2042 in
1310 1981 1348 2042 iis
1376 1981 1506 2061 scriptis,
1529 1980 1642 2059 quibus
1668 1980 1763 2059 hujus
1789 1980 1921 2061 impiam

1138 2077 1336 2138 confutarunt
1347 2074 1501 2135 haeresim.
1526 2074 1655 2135 Illorum
1675 2080 1756 2136 certe
1772 2076 1918 2152 duorum,

1141 2189 1160 2232 a
1185 2168 1298 2250 pibus
1314 2168 1537 2229 Anomoeorum
1553 2167 1637 2229 foeda
1650 2167 1797 2229 colluvies
1809 2186 1921 2229 mana-

1140 2264 1195 2339 vit,
1213 2262 1433 2342 disputationes
1447 2267 1477 2322 et
1493 2263 1922 2342 argumentaxdescripserunt

1141 2358 1174 2433 ii,
1197 2374 1275 2436 quos
1295 2354 1460 2435 appellavi,
1476 2354 1618 2430 basibus,
1634 2360 1665 2415 et
1683 2355 1823 2436 Gregorii
1842 2356 1918 2432 duo,

1142 2468 1282 2513 necnon
1308 2448 1439 2528 Gyrillus
1462 2449 1495 2508 in
1525 2447 1694 2524 Thestoris,
1718 2449 1839 2529 plenius
1861 2467 1921 2509 au·

1141 2550 1230 2621 tem,
1287 2544 1519 2622 accuratiusque
1561 2542 1677 2604 eaetems
1729 2543 1921 2624 Epiphanius

1139 2635 1216 2696 aetii
1231 2635 1426 2716 capitaque
1446 2642 1595 2697 vocantur
1606 2633 1824 2716 syllogisticai.
1843 2637 1921 2710 Quae

1140 2731 1194 2810 qui
1205 2730 1298 2811 legat,
1317 2728 1397 2790 nihil
1408 2747 1473 2790 esse
1487 2730 1608 2807 sentiat,
1633 2736 1743 2811 praeter
1765 2737 1917 2808 contens,

1138 2831 1170 2886 et
1202 2824 1342 2886 aculeata
1379 2823 1579 2904 sophismata,
1613 2824 1735 2886 nullum
1763 2826 1803 2886 ad
1826 2843 1921 2886 usum

1139 2918 1247 2993 alium
1264 2936 1360 2998 quam
1385 2917 1426 2978 ed
1446 2918 1761 2995 circumveniendum,
1776 2919 1921 2981 irretien-

1138 3013 1276 3092 dumque
1300 3011 1391 3071 facta.
1421 3010 1506 3071 Adeo
1518 3012 1682 3092 perplexae,
1706 3013 1920 3093 inhicataeque

1138 3105 1249 3186 magis,
1272 3123 1369 3185 quam
1394 3111 1491 3166 acutae
1518 3111 1590 3166 sunt
1607 3124 1714 3166 omnes
1739 3106 1783 3166 ibi
1801 3107 1921 3169 ratiun-

1138 3200 1215 3260 culas
1250 3205 1357 3260 contra
1386 3199 1571 3261 catholicam
1604 3198 1699 3261 fidem
1731 3200 1771 3260 ab
1806 3200 1921 3280 ineptis

1138 3293 1280 3374 sophistis
1311 3292 1500 3371 excogitate,
1531 3298 1567 3353 ut
1598 3293 1768 3355 abactis
1795 3295 1921 3374 quales-

1138 3405 1272 3467 cumque
1300 3386 1477 3466 discipulos,
1511 3386 1570 3448 hoc
1598 3393 1653 3461 est,
1676 3387 1779 3463 rudes,
1805 3394 1835 3449 et
1867 3389 1921 3449 in·

1139 3480 1275 3556 choatos,
1291 3479 1477 3541 acrersutiae
1497 3481 1591 3557 illius,
1608 3488 1638 3542 et
1650 3481 1724 3542 artis
1736 3482 1851 3543 tirones
1860 3502 1921 3562 po·

1138 3574 1198 3634 tius
1233 3592 1403 3654 agnoscas,
1439 3592 1535 3653 quarn
1568 3575 1765 3650 christianos,
1801 3576 1921 3638 nedmu

1138 3667 1310 3749 theologos.

1180 3762 1230 3823 tv.
1248 3761 1369 3823 Etenim
1375 3778 1440 3821 nou
1453 3767 1561 3841 totam,
1572 3783 1630 3826 uec
1643 3764 1820 3827 interiorem
1834 3766 1920 3847 peri·

1138 3855 1342 3935 pateticorum
1361 3854 1591 3938 philosophiam
1609 3858 1793 3921 combibisse
1806 3861 1920 3922 ambos

1138 3949 1210 4011 illos
1223 3951 1369 4028 referunt,
1399 3954 1453 4014 scd
1470 3952 1572 4034 prima
1592 3952 1743 4014 duntaxat
1764 3952 1922 4015 elementa

1142 4146 1309 4223 Ἀλεξανδρείᾳ
1326 4151 1658 4227 Ἀριστοτελικιῖιφιλοσόφῳ,
1666 4153 1705 4208 καί
1715 4158 1827 4228 σοφιστῇ,
1837 4154 1877 4207 καί
1888 4154 1926 4210 τὰ

1138 4237 1182 4300 τῆς
1190 4234 1341 4305 διαλεκτικῆς
1352 4239 1423 4306 δῆτεν
1444 4236 1650 4311 bellespares,
1667 4237 1735 4292 obilu
1752 4239 1834 4312 ἕτερον
1852 4238 1924 4307 πλὴν

1139 4323 1332 4391 σχηματοποιεῖν
1344 4319 1388 4391 τὴν
1400 4322 1455 4395 περὶ
1468 4326 1512 4376 τοῦ
1521 4321 1583 4376 Θεοῦ
1596 4322 1673 4394 λόγου
1689 4322 1804 4377 ἀπόδοσιν
1816 4323 1924 4396 σχολαί-

1139 4420 1209 4474 τερον
1222 4402 1351 4479 ἐπεχείρει.

1175 4487 1292 4544 dGasc.
1309 4490 1421 4548 Nissen.
1434 4490 1465 4548 in
1476 4497 1502 4552 1.
1529 4497 1598 4549 cont.
1608 4494 1722 4549 Ειιιιοινι.
1738 4493 1806 4549 οιίίί.
1820 4493 1919 4550 Grcts.

1144 4571 1326 4646 Ἐμγιελετήσοις
1340 4576 1420 4630 τοίνυν
1429 4581 1459 4650 τῇ
1468 4577 1565 4652 τοιαύτῃ
1577 4578 1697 4650 διστριὸᾗ,
1711 4578 1752 4632 καί
1765 4597 1818 4633 τινα
1829 4578 1923 4632 σολλο-

1139 4663 1234 4730 γισμῶν
1249 4657 1335 4731 ἔφοδον
1346 4658 1371 4723 ἐξ
1386 4658 1589 4733 ’λρισεοτελικῶν
1603 4662 1772 4734 ἀπηγημάτων
1780 4666 1924 4737 παρατηρή-

1140 4762 1193 4810 σας,
1203 4744 1338 4818 ὀνομαστὸς
1351 4743 1391 4815 ἦν.

1141 4980 1209 5110 γέίιισ11
1234 4993 1302 5044 qaam
1343 4981 1432 5034 retitui
1472 4982 1609 5035 simillimum
1654 4981 1759 5035 effecisse
1798 4982 1920 5034 οἰοιοιοε.

336 5359 346 5406 1
364 5363 412 5407 tib.
423 5363 454 5420 tt,
465 5376 486 5411 ο.
500 5372 574 5409 xxxv.
587 5380 613 5397 -
631 5359 704 5408 2111.
713 5363 732 5407 t.
746 5362 803 5410 diat.
815 5374 827 5404 ο
846 5370 904 5406 nr.
916 5382 942 5395 -
958 5358 1041 5407 ditur.
1054 5357 1093 5413 71,
1104 5360 1127 5413 8,
1144 5358 1181 5406 to.
