4134 6182
656 247 953 321 psalmodians,
977 247 1060 307 GAP.
1084 245 1135 306 lx.
1662 243 1700 302 bi

113 417 207 472 talam
219 407 360 471 Studium
370 411 416 467 est
430 405 559 484 diligens
571 401 731 464 assiduitas
739 399 870 479 legendi.
928 400 1065 461 ditamus
1080 405 1111 460 et
1126 398 1343 479 glorificamus.
1365 402 1402 460 Et
1419 418 1475 459 nos
1490 399 1584 478 igitur
1596 399 1630 459 iu
1647 397 1705 458 lma

115 502 261 582 ingenium
271 518 344 561 vero
358 498 506 560 naturalis
518 495 637 576 agilitas
644 492 795 573 capiendi.
811 492 874 552 Hu-
928 513 981 574 spe
991 493 1117 572 justitiae
1130 492 1337 573 glorificamus
1346 498 1387 567 te,
1401 512 1419 553 o
1433 510 1547 553 nomen
1563 489 1703 552 Domini!

114 597 213 659 militas
230 602 335 656 autem
351 599 398 654 est
418 593 514 653 animi
533 589 698 670 depressio,
722 588 785 647 sive
800 603 873 646 cum
928 587 1126 649 ethoonobis
1144 588 1182 648 sit
1198 605 1321 649 currere
1339 585 1498 647 adturiim
1511 584 1706 645 fortissimam

113 692 193 751 duur
200 690 261 749 sive
271 706 344 749 cum
352 705 415 747 nou
428 687 519 747 datur
529 684 631 763 gratia
640 679 840 760 intelligendi.
853 702 868 736 u
928 681 1103 755 etexaltari‚
1115 682 1199 761 quod
1207 679 1331 741 fidelem
1338 680 1548 742 contendimus
1554 678 1705 740 {adificare

114 786 289 846 Postremum
311 781 371 842 hoc
393 781 431 840 de
449 779 548 840 tribus
566 776 741 838 divinarum
767 792 872 835 rerum
927 794 1098 838 sermonem
1116 794 1210 856 super
1227 775 1464 837 iimdamontum
1486 771 1569 832 fidei.
1588 794 1603 829 ν
1624 772 1705 831 'lum

112 876 267 957 inquidtori
284 892 406 936 samma
424 871 628 934 necessarium
651 873 712 943 est,
733 867 817 946 quod
841 873 873 926 et
926 888 981 931 nos
1004 870 1178 931 consolatur
1197 868 1285 946 illud,
1314 868 1397 948 qnod
1421 866 1482 927 alio
1501 867 1534 926 iu
1558 864 1625 926 loco
1646 866 1706 926 Ru·

111 971 225 1031 rirtutas
238 987 345 1029 omnes
366 966 536 1028 animiuna
552 960 723 1023 moderatio
735 959 784 1020 vel
798 977 872 1019 0011·
925 972 1030 1044 pei-liis
1042 966 1126 1027 idem
1143 964 1286 1042 suinoit:
1309 962 1473 1042 «Cognitio
1491 961 1624 1022 acaunus
1638 959 1704 1038 ejus

114 1065 178 1125 tinet
196 1062 243 1123 uel
263 1061 357 1135 elicit,
368 1066 399 1123 et
417 1060 597 1121 affluentem
618 1075 638 1117 a
658 1056 722 1115 Deo
742 1054 873 1133 gratiam
928 1075 1042 1138 magno
1060 1058 1188 1137 premio
1202 1057 1297 1135 digna
1308 1061 1353 1117 est
1364 1062 1400 1115 ut
1412 1053 1553 1116 itaebcct
1564 1053 1703 1133 cognitor

113 1173 250 1236 opemque
274 1158 482 1236 promeretur.
510 1151 591 1225 Quin
607 1149 661 1209 illa
683 1148 748 1227 ipsa
767 1164 873 1207 rauna
928 1150 1042 1228 ejusah
1051 1152 1117 1229 ipso
1131 1154 1347 1230 protegatur.»
1362 1147 1472 1227 Ecqiiis
1481 1151 1586 1208 autem
1604 1146 1703 1225 magis

112 1249 274 1310 enumdem
286 1246 469 1308 tractatione
480 1243 586 1305 crescit
598 1244 631 1303 in
645 1241 709 1302 dies
720 1244 752 1301 et
762 1239 872 1313 existit,
929 1250 974 1304 ast
992 1245 1046 1305 Dei
1068 1244 1194 1323 ejusque
1213 1242 1299 1304 verbi
1314 1261 1350 1303 ae
1371 1240 1526 1320 sapientia
1547 1241 1699 1319 cognitor,

113 1342 183 1422 quod
208 1349 239 1403 et
262 1341 368 1402 Cicero
383 1345 450 1401 tam
470 1338 508 1399 de
521 1336 575 1397 illa
588 1353 684 1415 quam
697 1335 735 1395 de
749 1332 876 1412 reliquis
929 1356 1023 1416 quam
1042 1337 1218 1417 theologus?
1237 1338 1326 1398 iluna
1336 1337 1420 1397 enim
1433 1333 1703 1415 propricqcocrubo

110 1442 221 1496 tutatio
243 1434 292 1495 li‘m
310 1432 411 1495 verbis
431 1452 439 1492 ι
463 1455 478 1487 ν
499 1431 559 1493 Sed
578 1430 673 1491 etiam
693 1426 875 1489 modestiam
930 1429 970 1490 ab
990 1431 1123 1509 antiquis
1143 1431 1213 1493 ideo
1229 1432 1423 1494 humitiatum
1432 1448 1495 1491 essa
1506 1428 1646 1509 superius
1659 1447 1705 1488 os

111 1529 260 1609 ‹pamdm
278 1528 414 1608 cognitio
429 1544 535 1587 rerum
547 1523 718 1585 coelastium
726 1522 815 1583 atlart
825 1521 872 1595 iis,
928 1523 1091 1599 tendimus,
1105 1529 1136 1583 et
1159 1531 1203 1584 ast
1226 1523 1389 1603 peculiaris
1405 1524 1549 1602 quasdam
1564 1522 1705 1585 vocabuli

113 1624 285 1703 quiddeant
306 1627 424 1701 quanta
435 1621 475 1680 sit
483 1620 576 1680 etiam
586 1617 670 1697 apud
683 1616 757 1677 deos
766 1615 874 1675 mode-
928 1615 1014 1677 istius
1043 1617 1128 1677 uotio
1150 1635 1244 1696 quam
1276 1616 1358 1678 solus
1386 1616 1443 1677 sibi
1473 1616 1525 1677 illa
1556 1617 1702 1680 defendit.

115 1717 190 1787 ratio,
208 1721 342 1796 quantus
361 1714 448 1789 ordo,
465 1718 497 1774 et
512 1708 758 1791 magnitudinem
779 1707 876 1768 animi
930 1709 1217 1789 Cognitoremeuim
1225 1710 1608 1785 bathavetoresdixeraid,
1621 1711 1703 1791 quod

114 1811 227 1871 dearum
239 1829 337 1891 opera
349 1815 381 1869 et
399 1809 480 1869 facta
502 1803 705 1867 cernentibus.
719 1802 875 1863 dimitiam
925 1800 1214 1878 junisoonsultorum
1228 1804 1262 1864 in
1281 1802 1367 1864 libris
1385 1805 1534 1864 usitatum
1546 1809 1591 1864 ast
1603 1803 1705 1865 delen-

113 1904 201 1978 cltrm,
214 1922 284 1964 cum
303 1902 463 1981 cognitum
477 1898 591 1960 habeas
606 1896 690 1976 quod
704 1896 744 1956 sit
761 1895 876 1955 summi
929 1914 1031 1957 sorem
1042 1897 1119 1974 juris
1137 1916 1173 1958 ac
1186 1916 1285 1959 oaauae
1296 1897 1430 1958 hominis
1450 1896 1632 1976 cujuspiam.
1649 1895 1704 1956 Gu-

114 1997 225 2058 rectoris
242 2002 273 2057 et
294 1995 415 2056 domini
440 2010 566 2067 numen,
597 1989 682 2070 quod
702 1987 873 2059 consilium,
924 1989 1703 2065 jmmuhdisinonuminiaofideichiistianoeusum

114 2090 330 2168 «pneumatos,
340 2086 629 2166 cujusaduaturam
639 2081 876 2162 aptaratiovera
929 2082 1127 2164 officiumque
1144 2085 1306 2164 theologus
1318 2090 1449 2165 prestat,
1468 2083 1544 2145 dum
1559 2084 1704 2167 adversus

113 2183 330 2245 illactuimma
343 2177 768 2260 laxapbilosophisdicitur¹‚
784 2180 871 2235 cte.»
929 2195 1047 2239 errores
1060 2184 1091 2240 et
1107 2178 1238 2241 haereses
1258 2179 1454 2240 iuimicouim
1476 2178 1541 2254 Dei,
1554 2195 1591 2238 ac
1608 2177 1705 2257 digni-

145 2278 214 2338 vlit.
239 2277 287 2338 hd
316 2280 491 2337 exuemum
510 2272 599 2352 juvat
622 2270 701 2331 illud
727 2286 875 2347 usurpem
929 2274 1024 2330 tatem
1045 2271 1110 2348 ejus
1133 2276 1165 2332 at
1185 2289 1299 2332 nomeu
1320 2270 1580 2351 impugnantium,
1605 2288 1704 2330 causa

111 2369 288 2445 lbeodoreti,
307 2375 339 2431 et
357 2366 442 2448 quod
456 2371 525 2426 tum
536 2363 648 2439 daissa,
664 2379 759 2441 quam
777 2358 876 2439 expli·
928 2359 1011 2420 iilius
1030 2363 1248 2440 patrocinatur,
1264 2382 1328 2441 ⁴nee
1346 2362 1456 2424 violari
1471 2362 1543 2441 jura
1559 2360 1654 2442 ipsius
1674 2366 1705 2421 ct

111 2480 168 2523 cara
184 2463 355 2543 aggredior,
380 2460 484 2521 divim
507 2457 641 2532 scientia,
661 2462 729 2516 tum
752 2454 790 2515 de
814 2472 878 2515 me-
929 2453 1174 2516 udversariorum
1193 2455 1353 2516 calumniis
1367 2454 1546 2516 labefactari
1573 2453 1701 2532 patitur.

113 2554 275 2632 ipsosautio‚
297 2553 382 2615 illius
394 2550 497 2613 uerbis
516 2565 668 2629 exponere
675 2567 711 2609 aa
721 2546 872 2627 profiteri:
929 2544 1017 2617 Quod
1034 2565 1090 2606 uos
1112 2546 1237 2626 quidem
1257 2567 1351 2628 opere
1369 2549 1403 2609 iu
1422 2552 1525 2609 nostro
1543 2564 1600 2626 pro
1624 2544 1704 2605 virili

115 2649 327 2721 «divinarum,
348 2647 459 2726 inquit,
482 2645 669 2705 litterarum
700 2640 874 2720 explanatio
927 2645 1015 2717 parte
1024 2641 1221 2720 suscepimus.

112 2759 177 2819 opus
186 2742 311 2821 quidem
323 2739 420 2802 habet
436 2738 539 2799 anima
550 2740 682 2816 purgata
693 2739 725 2795 et
738 2732 777 2794 ab
789 2735 874 2795 omni
969 2732 1019 2792 lli.
1033 2734 1101 2794 Non
1111 2735 1195 2795 araim
1206 2735 1281 2796 scitu
1293 2735 1474 2813 decretaque
1490 2733 1563 2794 fidei
1574 2733 1704 2795 setheo

110 2832 168 2896 labe
189 2835 289 2896 soluta
309 2840 341 2895 et
358 2851 474 2907 raetia,
492 2836 561 2891 tum
587 2833 723 2890 mentem
746 2827 874 2907 requirit
928 2822 1653 2904 logiadennacetfflusnaresatishahuimus‚
1666 2847 1703 2889 ac

110 2927 208 3007 agilem
224 2948 260 2992 aa
274 2929 364 2990 velut
373 2926 481 3008 pennis
495 2923 667 3005 praeditam,
688 2939 757 3001 qna
771 2921 874 2983 divina
928 2917 1117 2996 domesticas,
1129 2928 1164 2983 ut
1171 2922 1215 2983 ita
1223 2922 1335 2999 dicam,
1345 2924 1565 2985 controversias
1573 2923 1699 3003 agitare,

111 3023 253 3101 persidem
273 3023 370 3105 po&
389 3028 421 3083 et
439 3021 471 3081 in
490 3015 658 3098 penetralia
679 3015 803 3095 spiritus
829 3014 874 3075 in-
927 3012 1034 3090 quales
1052 3014 1193 3076 catholici
1209 3015 1325 3077 habam
1345 3017 1425 3077 inter
1443 3036 1486 3093 se,
1499 3017 1582 3077 salva
1595 3017 1703 3077 utrim-

111 3116 198 3193 gredi.
221 3118 270 3177 Fst
295 3116 390 3177 etiam
414 3113 523 3191 lingua
543 3109 590 3170 illi
613 3109 782 3170 necessaria
802 3127 872 3188 quae
927 3123 988 3183 que
1008 3106 1129 3185 pietatis
1148 3107 1274 3186 regula3
1288 3107 1341 3169 sed
1359 3108 1399 3169 ad
1416 3109 1538 3189 singula
1557 3110 1703 3189 dogmata

111 3210 210 3271 mantis
219 3209 398 3271 administra
412 3205 522 3284 atejus
540 3201 805 3282 contemplationis
816 3221 872 3282 pro
926 3200 1065 3279 ploprias
1076 3206 1107 3260 ct
1119 3207 1324 3281 repugnantes
1336 3202 1374 3262 iis
1384 3202 1514 3263 haereses
1523 3201 1699 3281 adjecimus,

111 3305 207 3366 merito
233 3305 273 3365 sit
294 3304 457 3382 interpres.
488 3297 563 3360 Mihi
588 3315 662 3357 vero
690 3301 722 3357 et
751 3297 873 3357 suimus
927 3295 1702 3376 contraqueipsasacerrimeproalnistiauaveritato

110 3396 213 3477 ingenti
228 3404 427 3479 peccatorum
446 3391 576 3453 colluvie
596 3389 799 3451 circumfluus
814 3399 869 3465 est,
926 3387 1129 3451 confliximus.
1144 3390 1190 3450 lta
1204 3390 1330 3470 triplicis
1347 3390 1477 3453 instituti
1496 3396 1607 3471 partes,
1627 3409 1703 3470 quas

109 3482 874 3563 atoommissorummihinegotiorumeurisobuita
926 3481 1054 3542 totidem
1077 3482 1294 3563 theologorum
1322 3490 1410 3546 sectae
1428 3486 1507 3546 inter
1528 3504 1560 3546 sa
1583 3485 1703 3565 partitas

109 3575 732 3664 mideoqnedemissaetinhumauum
742 3575 869 3654 abjecta,
926 3579 1006 3650 suut,
1023 3594 1103 3636 unus
1113 3576 1164 3637 hic
1175 3578 1627 3659 nostereomprebeuditlabor.
1641 3580 1704 3640 Pri-

109 3694 169 3754 qua
186 3696 286 3739 meras
302 3676 429 3737 fitteras
446 3674 585 3732 scemate
604 3669 806 3749 contemplari
822 3688 874 3730 ne·
926 3683 1014 3726 mum
1032 3669 1116 3728 enim
1133 3668 1383 3731 scholasticamm
1401 3671 1607 3750 quaestionum
1621 3688 1702 3732 com-

110 3770 176 3847 quit.
190 3772 269 3832 Tarm
283 3768 455 3849 superhaec
465 3764 572 3843 lingua
582 3762 649 3842 ipsa
659 3767 761 3824 mente
777 3762 873 3824 imbe-
926 3759 1029 3839 plures
1045 3762 1185 3839 enodavi,
1203 3783 1336 3843 quarum
1347 3764 1425 3825 mihi
1438 3771 1579 3826 veterum
1588 3767 1621 3827 in
1631 3766 1702 3827 scri·

108 3863 428 3926 anastasianam
926 3856 985 3934 ptis
998 3858 1114 3919 mentio
1132 3878 1168 3919 ae
1183 3859 1345 3939 vestigium
1357 3859 1481 3939 aliquod
1502 3860 1644 3920 occimit.
1667 3860 1702 3919 lu

142 3959 210 4032 Qua
225 3977 299 4021 eum
312 3957 351 4018 de
364 3953 540 4028 merarius,
561 3969 657 4030 quam
667 3951 715 4011 vir
727 3950 779 4012 illa
791 3969 873 4012 sum·
926 3969 988 4030 quo
997 3950 1076 4013 haue
1084 3953 1122 4013 da
1135 3951 1321 4014 scholasticis
1334 3972 1412 4032 quos
1422 3959 1543 4029 vocant,
1554 3955 1700 4015 meurisse

108 4047 872 4128 madesenaehn‚agn0sceraingeaueq11efateri
926 4045 1702 4126 videor,studuieerte:quibusfontesipsosacvelut

108 4144 238 4222 debeam3
255 4146 403 4208 nimirum
424 4141 544 4220 majora
558 4139 635 4201 mihi
655 4140 799 4200 divinitus
815 4140 872 4201 im·
925 4137 1612 4219 auctoresetlundosiudicavidisputationum
1622 4139 1701 4200 mul-

109 4238 393 4320 pelrandapraesidia
398 4240 479 4310 suut,
486 4251 662 4312 aequavero
669 4231 868 4311 desperanda,
923 4234 1036 4307 barum,
1051 4249 1089 4291 ex
1105 4231 1218 4311 (pubis
1230 4231 1378 4292 uiridium
1391 4233 1491 4293 faeere
1514 4230 1613 4293 solent
1632 4251 1700 4313 par·

108 4334 321 4411 quantumlibet
333 4331 477 4411 indignus
487 4328 545 4389 sim
555 4327 605 4389 oui
618 4325 868 4388 illatribnantiu.
924 4323 981 4382 tim
988 4323 1137 4402 ipsorum,
1151 4323 1430 4404 pertimeatholieae
1436 4325 1628 4406 professionis
1645 4326 1701 4387 iui-

111 4427 288 4500 «Quiicuim
302 4420 868 4504 aliud,·quamtesperamus‚ohausl
925 4415 1077 4490 miai.Qui
1087 4416 1293 4478 tamdemum
1303 4417 1701 4499 molestiesseaoprouovis

107 4524 154 4579 aut
169 4538 287 4600 sperare
308 4519 469 4591 debemus,
483 4520 519 4576 ut
531 4513 659 4594 Ruperti
671 4513 772 4575 verbis
785 4519 867 4589 utar,
925 4514 956 4569 et
964 4509 1133 4589 sophisticis
1143 4510 1273 4572 inventis
1284 4511 1469 4591 exprobrare
1478 4512 1537 4572 ista
1549 4511 1697 4588 desinent,

107 4611 174 4672 dum
184 4612 337 4692 toqiendo
345 4616 377 4673 et
390 4608 549 4671 scribendo
557 4624 671 4668 nomen
686 4611 778 4667 tuum
789 4625 869 4686 pirae·
924 4622 997 4664 aiam
1014 4604 1109 4665 soient
1130 4605 1235 4685 quiet
1262 4605 1368 4685 quales
1385 4606 1443 4666 viii
1469 4604 1551 4666 baud
1573 4605 1700 4687 indigua

1766 2729 1840 2772 Hunc

1730 2785 1802 2840 operis
1810 2784 1874 2825 lorti-

1737 2843 1811 2881 tutum
1824 2841 1869 2879 tres

1746 2889 1860 2942 ὡταίοςΙνα

1764 2948 1837 2998 partes

1750 2996 1859 3050 complea-

1771 3056 1828 3095 tans.

136 4806 337 4859 chromati.
359 4798 439 4871 prat.
464 4798 494 4853 ia
513 4797 591 4853 ecca
625 4802 694 4851 tom.
711 4795 733 4850 l.
765 4792 795 4848 ‘ll
819 4800 868 4849 τῶν
924 4791 1046 4860 νευούσας.
1060 4788 1160 4864 ’Epaioi
1171 4788 1282 4864 καὶψυχὴ
1295 4791 1371 4846 τολὺν
1392 4792 1576 4868 ἁμαρτημάτων
1596 4793 1699 4868 pop-raho
1809 4828 1814 4835 .

106 4882 168 4937 ΜΨ
177 4885 268 4957 107qu
280 4882 392 4955 ζξῆῃσῑς
401 4883 480 4934 &rm
493 4877 536 4952 μὲν
545 4879 624 4953 ψνχῆς
635 4878 819 4952 κτααὺτρμίνης,
829 4879 869 4934 καί
923 4877 1092 4949 περικειμένη,
1107 4875 1270 4949 νιαίφροντίσιν
1292 4869 1327 4930 ὧν
1344 4876 1524 4954 ίγνιιχείριαμαι
1550 4881 1699 4953 πραγμάτων

106 4966 172 5037 §itm
189 4970 277 5032 mh<
296 4965 495 5037 ὶτηλλαγμίνης·
509 4965 587 5019 δεῖται
606 4961 633 5018 bl
652 4964 758 5026 διανοίας
765 4960 869 5035 irrepo-
923 4960 1098 5034 βεὸαπτιαμένη
1109 4961 1212 5031 διάνοια,
1226 4960 1266 5012 acl
1283 4959 1323 5014 διὰ
1339 4968 1414 5017 ταῦτα
1424 4962 1534 5030 ταπεινὴ,
1547 4963 1587 5017 καί
1609 4964 1702 5038 χαμαί-

106 5050 180 5121 μης,
191 5054 232 5106 „t
244 5055 346 5126 χώραν
357 5051 390 5105 τὰ
399 5051 453 5104 θεῖα
465 5049 605 5120 ὕνναμένης,
619 5048 659 5102 καί
678 5047 870 5119 νιατατολμώαης
922 5046 1006 5115 (qiua,
1014 5047 1054 5099 καί
1067 5044 1219 5099 κατοπτεύειν
1226 5042 1329 5116 accitae
1335 5045 1367 5099 τὰ
1377 5046 1471 5119 θιῑάμ)ι
1483 5045 1601 5119 δυναμένη
1615 5049 1698 5122 λόγια·

104 5141 147 5188 ³5*
158 5137 249 5194 mm*
259 5144 301 5193 τῶ
314 5138 459 5210 mimi
471 5136 558 5207 telle
566 5132 593 5187 bl
605 5135 645 5187 καί
652 5134 766 5206 γλώσσης
778 5130 868 5205 lacap-
922 5130 961 5182 καί
975 5130 1036 5202 πρὸς
1046 5128 1141 5191 τούτοις
1153 5129 1254 5201 γλῶσσα
1267 5133 1310 5197 τῆς
1323 5129 1429 5191 διανοίας
1442 5129 1627 5204 νωίεστίρααιαί
1640 5135 1699 5207 βρα-

104 5220 224 5295 Ῑνίηςτῇ
237 5223 338 5295 διανταίαἵ
350 5222 392 5275 ml
405 5218 449 5287 τὴν
470 5214 560 5287 ἐκείνης
579 5216 682 5290 θεωρίαν
701 5216 774 5281 ἀξίως
793 5213 868 5288 ipsq-
922 5213 1018 5287 δντίρα.

133 5354 143 5398 ί
153 5352 196 5401 (ἢ.
206 5354 229 5404 l.
240 5355 264 5400 le
272 5355 332 5405 fae.
