3952 6170
324 366 384 429 278
834 371 1158 435 Tttssotoolcotttttt
1178 370 1406 434 muttum.

323 535 417 596 vincit
438 535 652 598 immortalitas
676 539 742 613 Ilei,
770 539 835 619 qui,
853 544 889 600 ut
913 539 1093 601 Ambrosias
1141 557 1199 599 nec
1211 537 1338 618 ceperit
1348 552 1488 617 unquam
1500 552 1565 597 esse
1580 533 1775 601 needednst,
1789 530 1897 610 sitaque
1963 538 1964 547 ’

324 628 376 702 ait,
396 648 412 685 υ
432 644 559 691 omnem
577 631 792 710 antiquitatem
808 637 987 712 temporum
1009 637 1094 694 ante
1142 631 1208 710 ejus
1219 649 1291 692 cum
1314 631 1464 711 temporis
1486 628 1639 690 infinitate
1657 625 1811 693 tendatur,
1830 640 1897 684 non·
1964 688 1965 707 ἶ

323 719 403 781 cedit
415 723 596 799 eternitate,
613 724 766 784 consumit
779 723 1039 802 longevitate.»
1142 723 1219 783 dum
1238 729 1343 784 temen
1369 723 1431 783 tale
1454 727 1500 783 est
1525 727 1562 781 ut
1586 725 1739 780 eternum
1757 733 1821 777 esse
1840 716 1898 793 jure

1142 816 1295 876 credatur.
1306 817 1376 876 Non
1388 816 1473 876 enim
1485 820 1587 875 totum
1600 812 1693 873 simul
1704 808 1833 871 infinite
1842 808 1900 870 licet

1142 909 1214 969 ritae
1234 909 1368 989 spatium
1388 906 1623 988 comprehendit
1647 910 1740 983 atque
1763 901 1899 980 complor-

551 1006 748 1091 CAPUT
790 1011 865 1094 lv·
1142 1002 1228 1070 dnn,
1248 1002 1301 1062 sed
1323 1001 1429 1063 interra
1447 1001 1757 1061 nondumtrsnsecta
1772 995 1900 1073 jamnon

1143 1094 1246 1155 habet.
1266 1095 1356 1169 Quod
1373 1095 1468 1174 igitur
1484 1089 1722 1154 interminabilis
1737 1088 1808 1148 vitas
1820 1086 1903 1166 pleni·

1143 1186 1285 1248 tudinem
1301 1192 1400 1248 totam
1413 1185 1529 1266 pariter
1546 1178 1782 1263 comprehcndit
1798 1197 1832 1238 ae
1842 1194 1901 1258 pos

324 1273 482 1337 meotis
493 1273 573 1337 dotes
582 1276 760 1337 eternitatis
770 1276 881 1340 divine
889 1276 1093 1339 declararetur.
1144 1278 1240 1354 sidet,
1274 1280 1323 1340 cui
1351 1296 1410 1339 nec
1440 1278 1536 1338 futuri
1564 1274 1715 1357 quidquid
1740 1272 1832 1343 abdi,
1856 1289 1902 1331 ¹¹⁰⁰
1965 1274 1966 1277 '

364 1365 458 1429 Prior
476 1376 515 1428 est
533 1375 569 1428 ut
589 1375 653 1429 toto
676 1368 767 1430 sieut
793 1371 831 1430 rit
848 1370 912 1431 sine
929 1371 1010 1432 omni
1028 1379 1097 1431 teon·
1145 1373 1290 1451 preteriti
1302 1371 1436 1447 fluxerit,
1448 1369 1480 1430 id
1491 1375 1643 1430 eternam
1658 1384 1724 1428 esse
1733 1364 1806 1444 jure
1818 1361 1904 1443 perbl-

361 1461 444 1540 porir
471 1459 656 1540 differentia,
687 1480 754 1542 quie
782 1462 875 1523 soriis
906 1465 1097 1546 antiquormo
1145 1463 1246 1524 betur.
1266 1465 1361 1543 ldque
1374 1482 1498 1525 necesse
1519 1468 1565 1523 est
1582 1467 1613 1521 et
1632 1460 1681 1520 sui
1699 1473 1826 1537 compos
1836 1472 1902 1535 pre

365 1552 537 1613 testimoniis
555 1551 727 1615 illustratur
744 1562 805 1616 tom
823 1554 986 1635 postitium,
1007 1574 1097 1637 qnam
1145 1574 1215 1615 sens
1249 1556 1306 1617 sibi
1334 1572 1456 1636 semper
1486 1554 1640 1627 assistere,
1668 1556 1700 1611 et
1732 1548 1903 1611 infinitatem

363 1642 603 1706 christianorum.
622 1645 728 1707 Omnia
745 1648 776 1708 io
792 1647 850 1710 Dei
863 1650 1028 1710 eternitate
1042 1668 1099 1710 esse
1146 1648 1268 1709 mobilis
1274 1650 1423 1729 temporis
1429 1647 1543 1710 hebere
1550 1649 1748 1727 praesentem.
1758 1641 1904 1720 Undequ'r

361 1739 537 1814 protentio.
561 1736 624 1800 Cor
642 1738 728 1800 verbo
748 1746 814 1801 erat
834 1759 902 1801 urus
920 1741 959 1801 sit
974 1759 1096 1823 eoanqe-
1147 1741 1219 1801 dam
1235 1759 1300 1801 non
1313 1745 1406 1813 recte,
1427 1743 1481 1819 qui
1499 1756 1572 1800 cum
1590 1738 1721 1799 audiunt
1734 1734 1835 1794 meum
1848 1733 1903 1793 Plr-
1966 1730 1967 1781 ἲ

367 1825 447 1890 licto.
468 1828 619 1891 Posterior
636 1832 814 1893 ormesta
839 1831 967 1893 conditio
987 1842 1027 1894 est
1045 1834 1099 1894 im·
1145 1834 1212 1892 toni
1225 1833 1380 1894 mundum
1393 1833 1479 1893 hane
1491 1850 1550 1893 nec
1569 1830 1712 1891 habuisse
1724 1827 1847 1887 initium
1858 1845 1904 1886 nec
1966 1874 1967 1887 ν

364 1920 1098 2006 mortalitas,Explicaturerpolleiimmortotitor:
1147 1923 1327 1986 habitumm
1347 1943 1413 1986 esse
1438 1925 1546 2000 finem,
1569 1923 1630 1983 hoc
1649 1921 1744 1982 modo
1769 1919 1903 1980 conditori
1966 1910 1967 1961 l

365 2030 419 2074 our
432 2013 462 2073 ei
473 2013 529 2074 ooli
539 2014 712 2085 trr‘butoeit,
729 2025 801 2078 utet
815 2018 971 2079 catamitos.
988 2018 1099 2080 Animo
1147 2017 1306 2078 conditum
1327 2018 1480 2077 mundam
1500 2016 1568 2076 fleri
1585 2019 1778 2074 coaeternum
1798 2016 1903 2089 putant.

366 2104 507 2185 quomodo
523 2106 661 2168 mortalis
681 2108 801 2170 dr'ritur.
828 2109 923 2171 Vitam
946 2108 1030 2170 iltius
1043 2126 1100 2171 esse
1148 2108 1239 2170 aliud
1271 2115 1317 2171 est
1350 2110 1434 2171 enim
1467 2127 1523 2189 per
1556 2103 1820 2168 interminabilem
1847 2103 1904 2164 duri

368 2196 471 2259 Deum·
1147 2201 1254 2277 vitam,
1270 2203 1353 2282 quod
1365 2202 1484 2263 mundo
1499 2201 1583 2261 Plato
1597 2198 1717 2272 tribuit,
1733 2197 1906 2258 abndintcr
1967 2222 1968 2285 p

1148 2294 1303 2355 minabilis
1318 2295 1388 2355 vitae
1404 2300 1502 2355 totam
1521 2293 1637 2372 pariter
1651 2289 1906 2370 complexamema

368 2382 391 2440 Ι.
415 2383 643 2455 Quantumlibet
657 2385 715 2445 sevi
733 2385 971 2465 perpetuitatem
984 2387 1099 2448 etinfi·
1149 2388 1354 2465 presentiam,
1379 2386 1462 2466 quod
1481 2386 1593 2446 divinoe
1619 2383 1734 2445 mentis
1761 2383 1905 2462 proprium

194 2515 219 2545 0,
258 2536 262 2545 ,
328 2472 458 2535 nitatem
475 2475 632 2554 praecipua
655 2478 789 2555 quadmn
809 2478 881 2539 dote
903 2478 958 2539 Dei
976 2486 1102 2558 superat
1149 2494 1214 2540 esse
1227 2480 1426 2540 manifestum
1440 2485 1526 2540 est.»

327 2567 491 2643 eternitas,
508 2568 591 2646 quod
602 2570 791 2630 successione
804 2576 887 2631 caret
900 2571 987 2632 omni
999 2589 1101 2651 neque
1190 2572 1227 2632 ll.
1251 2572 1329 2633 Huic
1347 2571 1524 2632 eternitatis
1544 2568 1656 2630 didnae
1674 2566 1842 2627 conditioni
1857 2568 1906 2645 pri·
1928 2590 1934 2631 ι

327 2674 383 2735 per
409 2664 512 2737 partes
538 2661 700 2722 evolvitur.
731 2663 800 2722 Non
827 2664 912 2724 enim
940 2667 1098 2744 preteriti,
1150 2682 1239 2725 mum
1247 2658 1948 2751 adsnpuatcresdsboexterospnilosopno„

326 2753 485 2828 presentis
498 2752 641 2814 acluturi
655 2754 861 2816 differentiam
874 2756 979 2831 habet,
999 2758 1101 2818 sedin
1150 2774 1237 2817 orsus
1258 2776 1278 2817 a
1301 2757 1427 2817 Platone
1453 2757 1506 2835 qui
1536 2776 1552 2811 o
1561 2754 1592 2814 id
1615 2753 1699 2832 qnod
1727 2770 1849 2831 semper
1870 2758 1907 2810 est
1923 2760 1955 2791 ν’

326 2851 441 2920 pinnato
460 2863 495 2906 ac
523 2852 683 2907 momento
706 2847 876 2908 consistens
896 2850 1100 2910 mutationem
1150 2867 1251 2928 neque
1279 2855 1383 2909 ortum
1408 2847 1513 2919 habet,
1545 2847 1655 2908 eodem
1682 2862 1807 2924 semper
1829 2843 1906 2904 modo
1968 2870 1969 2881 ν

326 2941 357 2995 et
389 2937 629 3001 vicissitudinem
663 2941 796 3018 ignorat.
825 2940 897 3001 Haec
932 2959 970 3001 er
1001 2941 1101 3003 tribus
1149 2942 1315 3003 haberet»
1342 2938 1905 3016 dieit,hocest11tProclusensnst,

326 3031 503 3091 {eternitatis
524 3032 636 3093 diune
661 3032 888 3094 conditionibus
909 3052 986 3113 quaa
1013 3052 1102 3114 supe-
1154 3026 1903 3114 «proculesseabomnivicissitndinetemporists

325 3120 400 3182 riori
414 3123 597 3204 mihicapite
607 3125 765 3204 proposui,
780 3125 889 3187 ordine
899 3132 945 3187 eat
953 3128 1098 3189 secunda.
1150 3127 1334 3187 Priaolarum
1361 3131 1393 3186 et
1424 3124 1501 3185 illud
1528 3123 1667 3203 ejusdem
1692 3129 1740 3183 eat
1768 3121 1905 3182 Platonis:

326 3213 630 3294 Cnjmexplanandae
639 3218 763 3279 initium
776 3235 796 3278 e
810 3218 907 3278 Boetii
920 3218 1101 3281 definitione
1153 3237 1286 3280 temore
1300 3218 1436 3297 quodam
1451 3217 1523 3277 drrci
1540 3216 1683 3277 homines
1703 3215 1737 3274 in
1756 3212 1905 3293 loquendo.
1969 3196 1970 3261 l

326 3306 457 3384 rapiam.
474 3308 675 3381 oAEternitas,
686 3309 797 3388 inquit,
809 3315 856 3370 est
864 3310 1101 3374 interminabilis
1149 3312 1203 3389 q'ui
1216 3316 1319 3390 partes
1331 3310 1399 3371 illas
1409 3309 1559 3388 temporis
1571 3313 1637 3368 eret
1650 3311 1681 3367 et
1694 3307 1766 3382 erit,
1787 3306 1821 3366 in
1832 3310 1907 3364 reter-

326 3396 397 3457 ritae
410 3402 476 3459 tota
491 3398 584 3459 simul
597 3399 771 3479 etperiecta
786 3401 1100 3480 posessiotoouam
1149 3420 1223 3465 nam
1248 3402 1451 3464 substantiam
1484 3400 1698 3480 imprudentes
1722 3397 1905 3458 mansicmm.

326 3505 478 3551 consensu
511 3491 672 3569 probatam
706 3492 848 3553 omnium
886 3494 1100 3576 celebremque
1151 3495 1285 3557 Dicimus
1299 3494 1382 3555 errlm
1396 3493 1436 3553 de
1449 3492 1503 3552 illa
1516 3497 1593 3566 eret,
1609 3496 1656 3551 ost
1669 3492 1701 3550 at
1719 3490 1790 3550 erit.
1806 3486 1907 3550 Sedllli

326 3579 550 3657 definitionem,
586 3585 816 3663 comparatione
849 3603 921 3647 eum
958 3592 1099 3668 tempore
1149 3605 1257 3647 revera
1277 3587 1378 3647 solum
1400 3590 1446 3645 est
1459 3584 1616 3662 competit,
1639 3588 1671 3643 at
1684 3585 1753 3642 erat
1771 3577 1906 3642 eteritsd

326 3671 405 3733 facta
432 3674 475 3737 sie
497 3676 638 3755 explicat.
663 3677 765 3739 «Nam
785 3678 936 3758 quidquid
962 3680 1039 3740 vivit
1065 3681 1099 3741 in
1148 3679 1382 3758 generationem
1402 3694 1473 3757 qum
1493 3677 1682 3755 intempore
1705 3672 1850 3753 promdlt,
1868 3689 1906 3731 re·

326 3768 478 3844 tempore,
503 3768 538 3828 id
561 3786 696 3848 prensens
723 3788 743 3831 a
765 3771 927 3849 preteritis
947 3772 980 3831 in
997 3771 1101 3832 lutum
1149 3771 1222 3831 ferri
1236 3770 1390 3831 convenit.
1406 3770 1508 3830 Motus
1519 3768 1605 3828 enim
1618 3773 1701 3827 mint.
1718 3764 1807 3841 Quod
1820 3770 1907 3824 autem

328 3858 475 3935 procedit,
491 3860 630 3940 nihilque
643 3863 886 3941 estintempore
900 3865 1099 3925 constitutum
1149 3881 1272 3942 semper
1292 3862 1401 3923 eodem
1424 3860 1518 3921 modo
1539 3878 1572 3920 se
1595 3859 1690 3920 habet
1712 3856 1906 3919 immobiliter.

328 3951 412 4028 quod
424 3957 526 4013 totum
544 3954 614 4013 vitre
633 3972 697 4015 sne
718 3955 853 4034 spatium
876 3956 991 4035 pariter
1006 3958 1101 4036 possit
1151 3973 1251 4034 neque
1264 3954 1414 4015 veuudus
1425 3970 1526 4031 neque
1540 3952 1694 4012 recentius
1708 3962 1908 4028 meunqnm

328 4043 482 4123 amplecti.
513 4045 572 4106 Sed
601 4047 770 4109 crastinam
801 4047 927 4125 quidem
958 4048 1100 4109 nondum
1150 4052 1281 4128 oportet.
1307 4064 1408 4124 neque
1431 4062 1516 4105 nunc
1535 4044 1758 4122 noscensque
1783 4041 1909 4119 deinceps

328 4136 542 4214 apprehendit,
556 4138 737 4201 hesternum
747 4158 821 4200 vero
832 4140 899 4218 jam
910 4140 1054 4218 perdidit,
1067 4140 1101 4202 in
1149 4140 1226 4213 fore,
1246 4158 1282 4200 sc
1304 4138 1382 4199 nihil
1400 4154 1510 4198 eorum
1531 4137 1655 4216 penitus
1679 4153 1749 4216 que
1767 4132 1909 4214 generum

328 4226 479 4289 hodierne
506 4247 629 4308 quoque
656 4230 720 4291 vita
746 4249 811 4291 non
840 4231 974 4310 amplius
1000 4232 1102 4293 vivitis
1149 4232 1187 4293 iis
1201 4231 1321 4292 effinxit
1338 4247 1408 4310 quas
1427 4230 1485 4289 sub
1502 4246 1611 4290 sensus
1632 4229 1786 4289 feruntur.
1809 4227 1909 4287 vmm

329 4337 425 4396 quam
438 4321 472 4381 in
487 4320 541 4382 illo
558 4322 666 4383 mobili
676 4324 913 4402 nansitorioqre
927 4331 1099 4386 momento.
1150 4324 1299 4403 temporis
1317 4323 1521 4383 aeternitatem
1535 4321 1687 4381 imitantis
1705 4326 1736 4381 ct
1755 4318 1908 4380 secundm

330 4411 418 4484 Quod
440 4413 535 4492 igitur
561 4415 710 4494 temporis
736 4415 852 4495 patitur
878 4416 1099 4491 conditionem,
1152 4434 1319 4478 numerum
1328 4413 1543 4476 circumvoluti
1557 4413 1739 4493 speciesista
1753 4417 1874 4473 sunit»

329 4502 400 4564 licet
413 4504 490 4567 illud
499 4505 588 4586 (sicut
601 4507 639 4568 de
652 4508 770 4567 mundo
782 4507 901 4569 censuit
913 4507 1100 4587 Aristoteles)
1192 4508 1332 4570 Dederat
1343 4508 1411 4569 hec
1430 4507 1463 4567 in
1482 4506 1618 4567 secundo
1640 4503 1909 4568 Cooonestoriorusr

368 4763 388 4801 a
406 4744 494 4802 Petro
507 4749 538 4804 in
560 4752 674 4805 Timaeo.
692 4750 726 4803 'lb
740 4752 769 4803 bs
784 4750 827 4823 μὲν
847 4746 895 4818 tet,
910 4750 1004 4822 γένεσιν
1019 4750 1045 4804 et
1060 4748 1104 4804 οὐκ
1152 4753 1195 4805 rba
1207 4751 1285 4821 ἀληθῆ
1299 4750 1385 4825 λόγον,
1407 4754 1534 4824 προσήκει·
1550 4752 1579 4805 rb
1598 4750 1625 4805 δὲ
1638 4744 1685 4822 ἦν,
1708 4750 1773 4803 tbrr
1786 4744 1908 4814 ἔστινπιρὶ

332 4829 402 4902 ἔχον,
419 4837 473 4886 ete.
491 4830 529 4883 ee
543 4832 607 4886 κατὰ
621 4831 698 4887 ταῦτὰ
712 4834 751 4887 ὄν.
1153 4835 1197 4904 τὴν
1211 4833 1235 4888 ἐν
1249 4837 1335 4908 χρόνῳ
1352 4836 1446 4907 γένεσιν
1473 4834 1554 4887 ἰοῦσαν
1583 4834 1668 4905 πρέπει
1681 4833 1802 4903 λέγεσθαι·
1817 4830 1908 4896 κινήσεις

369 4913 500 4969 bPeoct..
521 4913 568 4969 lib.
589 4916 623 4971 ll.
653 4916 683 4971 in
715 4919 827 4972 Timaeo.
847 4915 909 4970 Ὅτι
928 4918 1008 4971 δεῖτὸ
1023 4916 1060 4970 ἀεὶ
1074 4919 1103 4971 ὒν
1153 4918 1201 4991 γὰρ
1216 4917 1295 4971 ἐστόν·
1320 4918 1349 4971 rb
1370 4918 1397 4972 oi
1415 4916 1694 4989 ἆεὶκατὰταῦτὰέχυν
1715 4916 1829 4983 ἀκινήτως
1837 4955 1845 4980 ,
1862 4909 1908 4964 οὔτε

333 4996 370 5069 tp'
386 4994 470 5053 lestolt
485 5001 551 5052 νοεῖν
564 4998 649 5072 reddito
662 5003 705 5068 τῆς
719 5000 888 5073 κατὰχρόνον
903 5001 1050 5073 μεταθυλῆς.
1154 5002 1331 5074 πρεσθὸτερυν,
1357 4999 1542 5073 οὕτενεώτερυν
1562 5002 1679 5075 προσήκει
1699 4998 1819 5072 γίγνεσθαί
1842 5012 1907 5058 ποτε,

369 5081 489 5138 oPmro
518 5082 646 5139 lettorii
668 5084 747 5138 πάντα
768 5085 841 5157 μέρος
856 5084 959 5156 χρόνον,
972 5084 1013 5135 καὶ
1034 5083 1063 5136 rb
1082 5083 1105 5136 τ’
1154 5083 1210 5137 οὐδὲ
1223 5084 1351 5156 γεγονέναι
1363 5088 1415 5155 νῦν,
1430 5084 1483 5138 οὔδ’
1499 5083 1602 5146 εἰσαῦθις
1617 5083 1760 5138 imoimo
1772 5078 1908 5154 napaeos

334 5161 376 5232 ἦν,
391 5166 420 5219 rb
442 5168 464 5221 τ’
486 5166 555 5222 torro
574 5168 666 5241 χρόνον
688 5169 819 5239 γυγυνότος
841 5164 893 5234 εἴδη
914 5164 1028 5238 φέροντες
1048 5167 1107 5219 λαν·
1155 5163 1224 5218 οὐδὲν
1236 5166 1283 5218 doe
1295 5165 1388 5235 γένεσις
1402 5166 1455 5226 τοῖς
1474 5162 1499 5217 ἔν
1518 5162 1627 5233 αἰσθήσει
1640 5164 1778 5237 φερομένοις
1788 5158 1906 5231 emetiar

334 5249 437 5320 diaspro
453 5249 492 5303 tro
505 5252 550 5318 τὴν
573 5250 651 5304 ἀΐδιον
673 5251 753 5321 pices,
775 5250 819 5303 obs
837 5249 927 5321 ὀρθῶς·
939 5249 1045 5321 λέγομεν
1059 5247 1106 5320 γὰρ
1156 5247 1222 5301 ἀλλὰ
1235 5249 1326 5319 χρόνον
1339 5250 1417 5301 ταῦτα
1431 5246 1509 5300 atnoe
1523 5266 1549 5300 rs
1565 5248 1728 5321 μιμουμένω,
1742 5246 1780 5300 nl
1790 5243 1841 5297 κατ’
1854 5238 1910 5311 dett·

335 5330 377 5398 δὴ,
393 5332 427 5394 ὥς
437 5330 477 5400 ἦν,
490 5333 541 5386 ἔστι
552 5352 589 5400 τε,
603 5335 645 5386 sel
659 5333 736 5388 ἔσται·
753 5338 783 5407 τῇ
797 5332 823 5386 δὲ
838 5334 867 5387 rb
878 5332 930 5386 ἔστι
944 5335 1030 5404 μόνον,
1045 5331 1107 5386 κατὰ
1158 5330 1204 5402 μὴν
1217 5330 1391 5401 κυκλουμένου,
1406 5330 1505 5402 riperta
1519 5326 1581 5397 etei.

365 5563 375 5605 t
390 5559 436 5603 m.
449 5560 475 5607 o
487 5561 545 5613 sos-
559 5571 607 5616 υυ.
620 5561 714 5607 rui-s
726 5560 785 5605 νων.
799 5561 838 5605 eo.
851 5561 878 5607 ν.
889 5561 915 5605 o
927 5562 1012 5611 osor.
1025 5571 1091 5616 pou
1103 5561 1123 5605 e.
