4134 6182
809 1049 1144 1139 FRANCISCI
1196 1049 1447 1136 ANTONII

467 1570 469 1574 ι
664 1373 1574 1585 ZACHARIAE

959 1799 1178 1860 sectarius
1210 1802 1298 1860 JESU

512 2080 550 2130 tu
586 2080 933 2131 rflnotoorcouuu
968 2078 1187 2130 nocuerunt
1221 2078 1446 2130 unlrlottnu
1479 2080 1741 2131 tnuurruulu

886 2371 1368 2485 PRAEFATIO.

377 2993 552 3075 Theclcyica
561 2993 710 3077 Dogmata
724 2993 901 3075 aDionysio
913 2994 1046 3071 Petavio,
1062 2994 1129 3056 viro
1141 2994 1297 3056 Societatts
1308 2999 1420 3057 nostra
1430 2991 1523 3070 longe
1532 2990 1717 3069 1331133133,
1729 2992 1881 3074 explicata
1891 3008 1930 3052 33

333 3116 404 3172 sunt
418 3110 502 3191 apud
520 3128 627 3177 omnes
647 3108 833 3183 celebritate,
849 3112 884 3169 ut
901 3125 963 3187 quo
984 3107 1096 3188 saepius
1113 3107 1147 3169 in
1164 3106 1266 3169 lucem
1287 3106 1431 3181 eduntur,
1454 3121 1491 3165 eo
1512 3104 1721 3184 providentius
1747 3103 1929 3185 theologicis

333 3224 456 3299 scholis,
480 3230 572 3303 atque
593 3224 669 3285 adeo
691 3222 864 3283 christianae
884 3221 1061 3302 reipublicae
1082 3220 1269 3284 consulatur.
1292 3222 1393 3296 Quare
1414 3218 1577 3281 mirabitur
1596 3239 1704 3296 nemo,
1721 3218 1868 3282 decennio
1886 3217 1929 3282 ab

335 3348 473 3403 extrema
483 3341 600 3401 Veneta
613 3338 745 3399 editione
756 3337 808 3397 vix
819 3336 1027 3418 praeterlapso,
1040 3355 1154 3398 novam
1164 3336 1245 3399 hauc
1257 3334 1297 3397 ab
1309 3336 1326 3398 J
1328 3354 1427 3396 33333
1440 3334 1576 3423 Baptista
1590 3333 1760 3396 Remoudio
1768 3332 1930 3395 adornari.

335 3454 519 3534 Quanquam
534 3470 606 3515 rere
620 3457 655 3512 ut
672 3451 775 3512 dicam
787 3450 893 3512 isthaec
906 3448 1141 3514 Petaoianorum
1157 3450 1333 3533 Dopmotum
1348 3450 1440 3511 editio
1451 3448 1552 3532 prima
1563 3449 1634 3528 jure
1649 3447 1865 3530 appellabitur.
1882 3449 1932 3510 Ex

335 3588 398 3650 quo
411 3570 545 3631 Joanncs
558 3568 691 3630 Clericus
699 3566 758 3627 An.
770 3566 884 3628 MDGG.
897 3563 1071 3647 Theotcyica
1081 3564 1203 3628 Patavii
1211 3567 1356 3647 Dogmata
1365 3566 1535 3647 divulgavit
1546 3567 1739 3648 Antwerpiae,
1749 3574 1841 3647 atque
1850 3565 1931 3627 adeo

336 3684 569 3759 Ametelodami,
584 3683 638 3764 qui
650 3683 705 3743 1113
721 3682 862 3761 deinceps
875 3687 1022 3761 typorum
1035 3681 1142 3742 formis
1154 3682 1353 3759 excuderunt,
1369 3681 1478 3744 Clerici
1492 3682 1650 3763 exemplar
1662 3682 1804 3762 religiose
1818 3681 1932 3743 exson-

335 3802 474 3864 bendum
485 3799 544 3860 sihi
557 3799 727 3872 duxerunt3
744 3813 845 3877 neque
857 3796 952 3876 (qrrod
965 3802 1070 3858 tamen
1084 3802 1114 3857 et
1127 3797 1240 3877 oppido
1254 3797 1355 3858 fuerat
1367 3798 1585 3874 necessarium,
1595 3803 1625 3859 et
1639 3797 1832 3879 deprehensa
1845 3796 1933 3858 lucil·

336 3914 458 3992 limum)
479 3912 771 3988 animadverterunt,
797 3930 861 3973 333
884 3911 986 3973 solum
1007 3912 1212 3992 praetermissa
1231 3913 1324 3975 fuisse
1344 3920 1413 3974 tum
1433 3931 1453 3974 3
1473 3913 1588 3975 (1131133
1612 3914 1787 3994 theologica
1812 3913 1933 3994 aliquot

338 4029 453 4092 Petavii
471 4028 629 4110 opuscula,
646 4047 716 4107 queo
734 4028 818 4106 quod
835 4026 961 4088 illorum
975 4027 1063 4108 copia
1083 4027 1192 4088 editori
1210 4029 1375 4109 ceteroqui
1392 4028 1532 4108 diligenti
1545 4047 1608 4090 uon
1624 4029 1934 4111 fuerat,t1ihuspost

339 4146 427 4207 annis
440 4146 473 4208 13
485 4145 612 4207 tertium
624 4141 660 4206 de
674 4141 822 4205 Doctrina
836 4141 1158 4221 temporumvolumen
1174 4142 1285 4204 iisdem
1301 4142 1637 4205 amstelodamensibus
1653 4145 1736 4226 typis
1752 4162 1932 4227 expressum

336 4261 425 4323 illata
437 4261 539 4336 fuere3
555 4260 610 4323 sed
623 4260 717 4320 etiam
731 4276 801 4339 quea
815 4257 943 4319 collecta
955 4258 1092 4338 primum
1104 4258 1236 4335 lucrant,
1251 4277 1315 4320 333
1328 4259 1401 4320 satis
1414 4265 1495 4339 apte,
1511 4278 1629 4340 suoque
1645 4260 1713 4322 loco
1726 4261 1820 4323 131333
1832 4262 1933 4326 (113131-

337 4374 423 4436 buta.
441 4376 541 4450 Quare
556 4381 590 4438 31
604 4393 711 4437 euram
724 4391 813 4436 nova
827 4373 922 4451 hujus
940 4373 1081 4434 editionis
1099 4375 1218 4455 suscepi
1232 4375 1361 4455 (suscepi
1380 4381 1484 4436 autem
1501 4374 1702 4438 lihentissime
1715 4382 1784 4439 tum
1801 4382 1837 4438 ut
1855 4378 1934 4439 ami-

337 4492 458 4553 cissimo
472 4492 666 4574 typographo
680 4490 896 4566 satisfacerem,
905 4494 973 4550 tum
986 4494 1022 4549 ut
1032 4488 1163 4571 publicae
1176 4489 1299 4551 utilitati
1311 4490 1496 4551 luculentius
1509 4492 1811 4572 prospicerem)nihil
1822 4511 1933 4555 eorum

339 4607 438 4683 onrisi,
456 4626 526 4686 quae
540 4607 566 4670 si
580 4607 620 4667 ad
633 4625 703 4668 eam
717 4606 905 4681 accederent,
919 4605 1046 4681 caeteris,
1061 4625 1138 4686 quas
1149 4606 1298 4667 hactenus
1309 4606 1455 4682 vidimus,
1469 4606 1613 4668 omnibus
1628 4607 1727 4669 multo
1738 4608 1934 4690 praestantior

338 4723 474 4802 prodiret
486 4722 541 4785 illa
554 4723 588 4782 in
596 4721 709 4797 lucem,
725 4719 961 4802 optabiliorque.
981 4721 1088 4800 ltaque
1101 4738 1165 4781 333
1179 4739 1216 4782 33
1230 4720 1331 4783 solum
1344 4721 1460 4782 Patavii
1472 4722 1630 4802 opuscula,
1645 4742 1715 4803 quee
1728 4724 1872 4800 Clericus,
1885 4724 1934 4787 311

203 4926 205 4930 Ι
338 4855 437 4917 nuper
450 4837 524 4912 dixi,
545 4837 634 4898 tertio
649 4835 766 4897 addidit
783 4833 934 4895 volumini
954 4833 1180 4913 praeclarissimi
1191 4834 1292 4915 operis
1303 4832 1339 4895 de
1355 4834 1499 4896 Doctrina
1512 4842 1695 4917 temporum,
1712 4836 1763 4899 hic
1776 4840 1857 4919 typis
1880 4836 1934 4900 de-

338 4949 430 5010 scribi
434 4950 524 5029 jussi,
537 4950 591 5010 sed
602 4954 632 5009 et
640 4968 740 5030 pauca
754 4949 816 5009 3113
828 4967 866 5009 ex
877 4948 1089 5036 eruditissimis
1101 4949 1197 5031 ipsius
1207 4949 1322 5011 Petarii
1330 4947 1363 5010 in
1374 4950 1470 5010 sancti
1482 4950 1658 5032 Epiphanii,
1668 4971 1704 5012 33
1709 4952 1829 5032 Synesii
1838 4952 1934 5015 lilrros

339 5064 655 5127 animadversionibus
676 5071 829 5146 prompta,
854 5084 923 5144 quae
938 5066 977 5126 ad
999 5063 1172 5145 Theoloqica
1187 5063 1345 5146 Dopmota,
1362 5083 1472 5146 resque
1485 5067 1519 5127 13
1537 5066 1598 5129 illis
1611 5068 1932 5150 explicatasmaxime

339 5179 546 5259 pertinerent:
570 5187 639 5241 tum
652 5181 757 5242 omnia
776 5180 839 5240 suis
856 5180 889 5241 in
907 5180 982 5241 locis
1003 5180 1161 5257 collocari,
1184 5181 1248 5241 imo
1267 5198 1385 5241 novum
1405 5183 1573 5261 quemdam
1591 5185 1814 5265 aptioremque,
1836 5205 1933 5267 quarn

339 5311 401 5374 quo
420 5294 493 5355 editi
511 5300 582 5356 ante
599 5301 753 5370 noscunt,
775 5295 955 5357 tractatibus
975 5295 1060 5358 hisce
1081 5296 1221 5357 ordinem
1238 5295 1350 5371 trihui3
1367 5314 1430 5376 qua
1443 5296 1476 5358 13
1489 5316 1523 5359 13
1542 5316 1580 5360 ex
1597 5299 1645 5375 iis,
1668 5318 1739 5380 quae
1759 5319 1935 5381 anonymus

340 5415 445 5470 auctor
463 5410 600 5471 XXXVll
620 5408 829 5472 Niccruaianoe
849 5410 1035 5473 collectionis
1053 5411 1226 5488 volumine,
1246 5430 1318 5492 pag.
1342 5414 1401 5474 166
1415 5419 1445 5474 31
1465 5416 1540 5491 167,
1565 5415 1795 5493 animadvertit,
1816 5417 1935 5497 aliquid

340 5526 501 5606 proiecisse
515 5544 565 5589 rue
576 5544 638 5588 non
653 5544 818 5605 negavero.
831 5525 945 5606 Aliqua
957 5532 1116 5607 praeterea,
1131 5546 1202 5608 quae
1217 5527 1331 5589 Petarii
1344 5545 1469 5609 nomen,
1479 5548 1589 5613 resque
1603 5532 1643 5594 ab
1658 5550 1695 5594 eo
1708 5536 1820 5613 333133,
1839 5538 1933 5614 atque
