3942 6168
318 348 368 408 DE
387 348 462 409 ΒΗ)
482 347 625 421 DEIQUE
646 346 991 422 rnorlult'tn'rlsscs',
1013 348 1085 409 titt.
1109 349 1148 423 ll,
1170 350 1254 410 GAP.
1278 350 1330 410 lv,
1561 351 1616 412 act

59 512 127 571 enim
150 511 269 571 tertiam
295 518 414 591 partem
433 531 514 575 unns
533 514 615 574 Dens
639 512 743 586 habet,
764 518 800 574 nt
849 514 958 589 Deum
987 514 1136 593 quoniam
1159 514 1252 575 unica
1274 520 1305 575 et
1332 513 1495 593 singularis
1521 520 1567 576 est
1588 515 1623 576 in

59 608 261 682 perqnatmas
279 605 515 666 momentum
524 610 587 667 tres
596 622 694 666 unam
703 604 800 665 deita-
848 605 948 666 tribus
963 607 1094 667 essentia
1111 608 1175 667 sive
1188 606 1360 667 substantia
1373 625 1444 685 quas
1456 607 1543 667 nulla
1553 626 1623 688 par·

58 706 109 759 τειιι
121 695 257 771 habeant,
278 703 332 757 aut
348 698 463 759 tresdii
481 699 544 759 sint
553 698 578 758 si
588 698 801 777 unusquisque
848 696 957 758 titione
971 698 1128 760 dividitur.
1143 699 1313 761 «Sisenim
1329 699 1473 760 divinitas
1486 718 1550 760 nna
1564 706 1620 776 est,
1647 713 1722 758 enm
1743 728 1794 759 m-

57 790 84 850 in
98 806 146 849 sua
162 788 269 849 deitate
295 789 447 869 periodus
464 795 521 865 est,
542 810 558 847 ιι
581 789 625 849 eit
642 789 726 868 apud
747 791 803 850 Ar·
849 788 893 848 ait
912 790 1051 867 Basilius,
1079 808 1192 872 nempe
1212 798 1249 852 nt
1270 791 1442 855 seeundum
1469 793 1623 854 rationem
1647 769 1797 876 ,θῗέξξξζζι

59 881 165 941 uobinm
177 880 311 960 Serapio.
331 882 464 944 Multum
481 900 519 943 ea
536 883 665 961 quaestio
683 887 803 944 veteres
849 880 1028 944 substantiae
1038 884 1228 963 intelligatur
1237 884 1349 960 unitas,
1361 885 1437 946 adeo
1447 889 1482 945 ut
1491 902 1623 946 numero
1668 875 1773 920 “⁸⁹⁰¹⁵⁸·

58 973 180 1045 nocuit,
199 990 293 1052 ηιιαιιι
317 973 435 1053 liquido
460 975 676 1054 conceptisque
701 973 803 1035 verbis
850 973 977 1051 quidem
990 975 1163 1036 differentia
1173 982 1302 1052 constet,
1322 976 1624 1058 proprietatibusque

58 1065 162 1143 exponit
178 1065 341 1143 Gregorius
361 1067 571 1127 Nazianzenus
588 1067 622 1126 in
640 1066 744 1126 libello
764 1066 802 1126 de
850 1083 1016 1145 porsonam
1030 1074 1195 1148 utramque
1204 1068 1445 1147 designantibus,
1459 1070 1494 1129 in
1504 1071 1624 1131 ratione

58 1156 192 1217 dbimtate
207 1157 246 1216 ad
264 1158 431 1236 Evagrium
440 1159 640 1219 monachum.
657 1159 720 1218 Etsi
738 1176 802 1218 non
850 1175 925 1219 vero
952 1159 1120 1221 divimtatis
1146 1162 1249 1222 unitas
1277 1161 1518 1222 considereturt.
1541 1184 1556 1220 n
1586 1165 1623 1223 Et

59 1254 102 1321 est,
114 1266 176 1309 meo
194 1249 321 1327 qudem
336 1249 466 1328 J‘ndieio,
482 1250 621 1329 Gregorii
634 1267 804 1329 germanus
851 1250 923 1311 alibi
942 1253 1093 1314 Ermomio
1103 1253 1297 1333 personalem
1306 1254 1527 1333 proprietatem
1539 1254 1623 1317 idem

59 1339 99 1401 ille
120 1338 200 1415 letus,
232 1346 269 1402 ut
290 1359 332 1402 ex
359 1343 499 1404 dicfioms
532 1361 568 1404 ao
596 1343 669 1423 styli
688 1361 803 1423 genere
851 1360 916 1403 esse
936 1345 1059 1423 penitus
1077 1347 1160 1425 qnod
1178 1347 1341 1406 essentiam
1361 1347 1508 1406 asserenti
1526 1364 1566 1407 ne
1585 1348 1625 1408 sit

59 1431 114 1493 lieet
129 1434 366 1497 animadvertere
376 1437 398 1496 *.
851 1435 957 1496 ullain
975 1438 1038 1499 Deo
1060 1439 1251 1518 compositio,
1268 1437 1401 1498 occurrit
1418 1438 1480 1498 sic:
1505 1440 1624 1513 «Quod

10 1543 31 1584 a
91 1524 388 1605 lbiergodubitatur
410 1530 579 1610 «simplex
603 1549 645 1591 an
676 1546 801 1607 compo·
850 1527 877 1587 si
896 1532 1045 1609 tanqrmm
1078 1531 1257 1592 substantiae
1292 1536 1413 1609 partem
1448 1531 1623 1609 ingenitum

10 1594 103 1689 {betta
117 1619 151 1678 sit
169 1619 337 1682 albstantia
366 1623 431 1684 Dei.
458 1624 536 1684 Nam
554 1623 581 1682 si
605 1628 651 1683 est
671 1621 803 1700 simplex
851 1637 1040 1699 caperemus,
1057 1623 1186 1684 haberet
1203 1624 1308 1684 locum
1329 1642 1367 1683 ee
1386 1623 1464 1683 ratio
1491 1641 1553 1701 qnia
1579 1625 1624 1686 di-

10 1710 188 1797 romono
204 1712 299 1774 trium
328 1732 497 1775 numerum
524 1715 633 1795 recipit
658 1731 804 1793 persona·
851 1711 930 1772 citur
940 1715 1219 1793 compositumesse
1229 1715 1340 1794 quode
1355 1714 1620 1776 diversisconstat.

10 1816 27 1850 s
59 1817 116 1860 rum
130 1820 199 1880 quas
221 1804 368 1866 diximus.
390 1807 470 1867 Nam
488 1808 573 1886 qnod
593 1806 724 1886 simplex
744 1809 800 1880 est,
851 1802 906 1864 Sin
924 1805 979 1866 Dei
994 1806 1198 1868 substantiam
1215 1807 1323 1867 lumen
1342 1824 1407 1866 esse
1426 1807 1556 1868 dicimus
1569 1814 1624 1869 aut

59 1893 208 1956 minsmodi
224 1902 322 1958 estet
342 1899 465 1959 numeri
494 1916 620 1979 expers3
646 1898 730 1977 quod
750 1915 804 1957 eu·
850 1896 947 1957 vitam
980 1904 1035 1959 eut
1059 1899 1179 1960 bonnm
1206 1901 1402 1973 universum,
1430 1899 1514 1977 quod
1538 1900 1622 1961 idem

58 1990 108 2047 tem
131 1987 161 2047 in
184 2007 332 2051 numeros
359 1992 450 2068 cadit,
480 1992 577 2053 scindi
608 2008 731 2053 necesse
757 1995 803 2050 est
851 1992 897 2047 est
914 2006 950 2050 ec
976 1991 1072 2052 vitam
1098 2009 1163 2052 esse
1189 1997 1221 2052 et
1239 1991 1422 2051 universnm
1452 1991 1560 2052 lumen
1587 2010 1623 2052 ac

58 2077 294 2143 etiamsinumeris
304 2083 435 2145 minime
444 2083 652 2163 subjicienti.»
662 2084 706 2145 Ac
711 2079 804 2164 poulo
850 2076 970 2140 bonum
990 2082 1181 2158 universum,
1204 2082 1417 2144 hebetantem
1436 2084 1499 2143 vita
1515 2100 1622 2144 eonse-

58 2175 291 2251 perpetrationem
307 2174 382 2236 deno
386 2176 529 2258 proponit
542 2176 586 2237 sic
598 2180 745 2237 :anuum
754 2174 802 2235 di·
851 2189 950 2250 quens
963 2179 996 2233 et
1025 2192 1184 2236 annexum
1198 2174 1389 2254 ingenitum;
1408 2193 1514 2235 nonne
1541 2193 1624 2236 com·

60 2262 144 2324 nuum
160 2264 196 2325 sit
205 2265 341 2347 simplex
361 2287 479 2330 numen
508 2287 550 2329 an
563 2268 686 2348 triplex,
709 2275 802 2329 ἁπλοῦν
851 2264 1010 2342 positionis
1028 2285 1137 2347 expers
1157 2267 1183 2327 is
1202 2273 1248 2328 est
1267 2269 1321 2347 qui
1341 2267 1472 2346 simplex
1490 2273 1536 2328 est
1553 2268 1624 2329 sub-

59 2363 184 2432 emtas<
202 2358 265 2420 sive
300 2360 498 2442 triplicatum.
533 2361 584 2422 Sic
623 2361 708 2421 enim
745 2376 804 2420 nos
850 2357 985 2419 nenne?
1004 2359 1073 2421 Non
1083 2360 1167 2421 enim
1186 2360 1380 2439 proprietatis
1393 2360 1489 2439 ipsius
1508 2361 1623 2422 indices

60 2445 332 2526 etloqnieteredere
343 2454 509 2515 nominum
526 2452 628 2514 ternio
646 2452 799 2531 cogite.»
851 2449 951 2523 modi,
982 2451 1185 2531 simplicitatis
1207 2453 1361 2512 rationem
1384 2452 1618 2532 impediente»

60 2536 179 2601 tamdem
201 2549 232 2603 et
248 2545 419 2623 Gregorius
439 2547 596 2625 Nyssenns
614 2545 653 2604 ab
671 2542 802 2605 Ablabio
852 2540 983 2602 Proinde
1001 2545 1188 2622 compositus
1201 2543 1270 2604 ideo
1285 2563 1350 2605 non
1369 2549 1416 2605 est
1436 2547 1527 2621 Deus,
1543 2564 1621 2625 quo-

59 2633 216 2710 propesitam
246 2636 309 2696 sibi
327 2638 361 2697 in
387 2637 467 2698 libro
495 2637 631 2717 quodam
659 2637 800 2716 explieat,
850 2632 936 2693 niam
954 2634 1021 2713 ejus
1039 2635 1210 2696 substantia
1232 2637 1266 2696 in
1283 2636 1383 2696 tribus
1404 2638 1542 2716 personis
1556 2657 1621 2698 non

59 2723 100 2798 qui
127 2726 160 2786 de
193 2734 381 2807 argumento
417 2730 477 2791 hoe
511 2728 715 2790 inscribitur:
747 2745 803 2790 eur
850 2729 896 2784 est
920 2725 1017 2787 divise
1039 2745 1140 2807 neque
1167 2727 1348 2808 multiplex;
1376 2748 1472 2808 qnam
1496 2731 1623 2809 quidem

60 2831 108 2874 non
133 2817 188 2879 sint
205 2825 268 2882 tres
287 2821 345 2895 dii,
376 2839 448 2882 cnm
476 2822 538 2882 sint
568 2839 708 2901 personae
727 2826 800 2882 tres.
850 2816 1052 2880 substantiam
1070 2820 1129 2881 hoo
1142 2825 1190 2881 est
1201 2821 1404 2896 divinitatem,
1420 2822 1527 2885 lumen
1544 2841 1620 2898 esse,

59 2906 120 2968 Tum
142 2909 271 2973 heretici
306 2915 442 2975 maxime
466 2914 574 2974 Ariani
597 2915 700 2992 etqui
720 2914 803 2975 inter
850 2909 1118 2973 vitemaobonum
1131 2911 1299 2990 affirmans,
1325 2913 1488 2975 lamberto
1508 2916 1622 2976 Danaen

59 3014 98 3058 eos
114 3000 256 3065 dnernmi
281 3011 375 3066 erant
404 3006 526 3066 Aetiani
545 3005 595 3066 vel
615 3006 803 3068 Ermomiani
850 3000 1007 3063 silentium
1033 3005 1140 3066 indicit
1171 3006 1242 3084 qui,
1276 3011 1312 3065 ut
1343 3007 1441 3085 eapite
1470 3007 1622 3086 superiori

59 3088 103 3150 bae
118 3100 213 3156 contra
240 3097 410 3159 catholicos
437 3098 483 3159 uti
503 3096 696 3159 cavillatione
726 3098 803 3160 sole·
850 3095 1060 3171 meminimus,
1084 3097 1231 3158 attributa
1249 3115 1320 3176 quae
1339 3105 1489 3159 voeentm
1507 3098 1562 3159 Dei
1581 3098 1621 3158 ab

59 3178 125 3257 bant,
150 3189 227 3266 quod
253 3207 330 3251 eum
366 3207 464 3251 unam
495 3190 709 3266 substantiam,
739 3196 803 3252 tres
849 3187 916 3267 ipsa
938 3187 1096 3250 divinitate
1117 3190 1259 3250 distinete
1282 3207 1347 3251 esse
1370 3195 1469 3270 putat.

59 3290 178 3350 personas
201 3281 234 3340 in
260 3300 328 3342 uno
359 3283 422 3343 Deo
457 3282 689 3357 comtituerent,
723 3284 801 3362 quin
890 3280 1065 3354 Quinetiam
1082 3281 1116 3342 in
1129 3280 1390 3363 librodeSpr'ritc
1410 3291 1508 3344 ennete
1531 3283 1622 3346 letius

58 3382 122 3429 unua
137 3371 189 3433 iste
212 3373 403 3454 compositus
420 3392 460 3435 ex
472 3373 571 3435 tribus
588 3379 667 3435 esset
687 3375 802 3437 evitare
849 3371 907 3433 ista
930 3372 1082 3449 disserant,
1108 3374 1279 3453 simplicem
1298 3374 1501 3436 nihilominus
1523 3376 1622 3437 Deum

58 3475 107 3519 non
122 3471 246 3542 possent,
268 3471 309 3527 nt
336 3484 376 3528 ex
394 3466 516 3543 Basilio,
545 3467 693 3546 Gregorio
721 3468 800 3548 Nys-
850 3483 915 3527 esse
941 3466 1056 3528 docens
1085 3467 1209 3527 tametsi
1233 3466 1339 3546 plures
1362 3469 1397 3527 in
1420 3486 1457 3529 eo
1478 3485 1620 3547 personae

56 3565 123 3628 ιειιο,
140 3554 258 3635 Gyrillo,
294 3559 481 3638 Augustino,
511 3558 639 3638 aliisque
671 3576 801 3639 cognos-
850 3564 1056 3619 numerentur
1088 3580 1103 3617 a
1133 3558 1217 3637 quod
1251 3578 1315 3620 una
1352 3561 1561 3622 consideretur
1587 3562 1622 3623 in

57 3642 142 3707 timus.
850 3651 995 3713 omnibus
1016 3650 1127 3726 forma,
1155 3669 1225 3730 quae
1254 3652 1341 3713 nulle
1368 3669 1403 3712 re
1428 3653 1558 3713 diversae
1582 3671 1619 3714 ae

86 3736 117 3797 ll.
136 3738 250 3803 Horum
268 3747 377 3804 antem
396 3743 539 3804 omnium
558 3743 734 3804 communis
745 3744 803 3803 ista
850 3748 976 3804 mutate
995 3744 1114 3804 ratione
1125 3741 1293 3805 divinitatis
1303 3745 1420 3805 unitur.
1437 3747 1515 3806 Nam
1525 3745 1621 3805 Filius

56 3833 186 3909 eponae
199 3840 263 3895 est:
286 3835 403 3897 idcireo
423 3836 629 3916 compositum
652 3854 718 3898 non
737 3853 802 3898 esse
850 3837 942 3897 estin
956 3837 1044 3896 Patre
1064 3841 1096 3895 et
1115 3836 1250 3896 Peterin
1272 3836 1359 3912 Filio,
1380 3839 1528 3916 quoniam
1552 3837 1622 3898 talis

82 4034 268 4094 ariminen.
289 4044 360 4096 orat.
380 4039 425 4096 45.
445 4040 553 4114 Πότερον
569 4040 635 4108 θηλῇ
650 4060 697 4103 τις,
711 4043 727 4110 ἢ
743 4041 800 4094 τόν·
847 4040 976 4113 θπάρχειν,
992 4041 1033 4093 καὶ
1047 4041 1103 4102 ταῖς
1123 4039 1225 4105 ἰδιότησι
1245 4042 1299 4102 ταῖς
1317 4041 1550 4114 χαρακτηριῖοόααις
1565 4040 1621 4096 tnu-

56 4111 114 4179 θῒῡς
129 4118 149 4173 εἰ
165 4119 207 4192 μέν
225 4121 273 4195 γὰρ
293 4121 372 4189 ἁπλῆ,
388 4128 441 4186 πῶς
459 4124 501 4178 τθν
520 4125 586 4196 τρεῖς
604 4123 736 4186 έπιθέξεται
751 4130 801 4178 τῶν
849 4142 928 4195 τερον·
949 4121 973 4175 έν
992 4122 1020 4175 st
1039 4128 1075 4195 τῷ
1093 4124 1163 4196 λόγῳ
1183 4127 1226 4191 τῆς
1244 4124 1359 4192 θεότητος
1376 4125 1419 4191 την
1438 4124 1542 4193 ἑνότητα
1560 4126 1621 4179 θεω-

56 4204 208 4273 waiteis
232 4204 351 4278 δριθμόνς
366 4206 396 4259 τὀ
416 4201 464 4278 γὰρ
485 4205 588 4271 ἁπλοῦν,
609 4205 741 4280 μονοειδές,
761 4206 801 4258 καὶ
850 4206 951 4277 ρεῖαθαι.

57 4277 172 4356 Μηθμον·
187 4288 216 4342 τό
234 4288 261 4342 δέ
277 4288 390 4361 ἀριθμοῖς
402 4289 538 4343 θιτοιτίιττον
557 4289 649 4361 ἀνάγκη
664 4290 801 4362 τέμνεσθαι,
887 4304 903 4344 c
921 4287 998 4344 idem
1014 4288 1060 4345 lib.
1079 4289 1113 4359 H,
1133 4304 1159 4359 p.
1176 4288 1221 4344 74.
1238 4289 1267 4343 Et
1286 4288 1329 4361 μέν
1344 4289 1378 4351 ὡς
1397 4291 1469 4363 μέρος
1484 4309 1527 4359 της
1539 4290 1623 4354 οθσέας

56 4365 128 4437 ῑθμη
142 4370 245 4443 ἀριθμοῖς
258 4372 441 4444 ῖιποβόλληται.
458 4372 527 4428 lhili,
543 4374 586 4445 ἄγε
601 4373 630 4441 θη
644 4372 802 4446 λοιπθνημῖν
852 4371 881 4423 rb
906 4371 1036 4443 ἀγέννητον
1061 4370 1241 4444 ἐλαμβάνομεν,
1266 4368 1331 4445 εἶχεν
1353 4375 1381 4425 ἂν
1405 4372 1479 4427 αὐτοῦ
1503 4375 1587 4447 χώραν
1608 4375 1623 4428 θ

56 4443 138 4520 Utres
150 4450 253 4508 έντεῦθεν
267 4455 409 4509 treantin-
425 4456 466 4509 καλ
484 4460 536 4516 πῶς
555 4457 595 4509 θεῖ
611 4456 640 4509 rb
659 4456 723 4509 θεῖον
741 4456 802 4510 bno·
851 4455 934 4524 λόγος,
948 4454 1058 4508 αἰνθετον
1074 4449 1135 4507 εἶναι
1149 4455 1229 4526 λέγων
1244 4456 1273 4510 τό
1285 4454 1310 4508 ἔοι
1321 4457 1443 4529 διαφόρων
1457 4459 1621 4530 συγκείμενον·

55 4528 164 4603 Qun
177 4539 301 4608 ρασαέτω,
317 4538 420 4610 πότερόν
435 4537 528 4592 ἁπλοῦν
535 4579 543 4603 ‚
558 4540 573 4607 ᾖ
589 4540 723 4610 spiritate,
739 4540 804 4593 οὕτω
852 4534 873 4587 ei
887 4535 913 4588 δέ
927 4534 1011 4590 ebetat
1024 4535 1067 4608 μέν
1081 4537 1135 4590 θεοῦ
1153 4538 1182 4591 τὸ
1200 4543 1252 4609 φῶς
1265 4538 1388 4610 τιθέμεθα,
1410 4541 1424 4606 ἢ
1452 4539 1496 4607 τὴν
1515 4541 1621 4611 {zebud

55 4610 91 4682 ’.θη
104 4615 162 4687 ipit
188 4621 229 4674 καὶ
253 4621 335 4693 λέγειν
356 4621 372 4688 ἡ
397 4626 447 4675 τῶν
476 4620 605 4693 ὀνομάτων
627 4624 737 4694 τριττὺς,
763 4624 804 4676 καὶ
852 4617 882 4670 rb
896 4617 984 4689 όγαθθν
998 4620 1066 4683 θλον,
1082 4621 1141 4691 ὅπερ
1156 4618 1206 4673 ἐστὶ
1220 4621 1286 4687 ζωὴν
1300 4621 1369 4686 ὄντα,
1384 4622 1423 4674 rel
1438 4623 1496 4675 θλον
1510 4629 1570 4694 pne,
1583 4626 1624 4679 καῖ

55 4698 151 4753 Μῆτιν
163 4702 282 4772 βιάζεται.
852 4700 910 4753 όλον
926 4700 1030 4772 ἀγαθόν,
1045 4704 1211 4774 παρεπόμενον
1225 4703 1252 4756 δέ
1266 4702 1318 4776 ἔχει
1332 4703 1346 4771 ἡ
1367 4704 1417 4773 ζωὴ
1433 4706 1462 4758 rb
1481 4706 1621 4777 ἀγέννητον,

82 4779 97 4834 θ
111 4781 191 4839 Btslt..
207 4784 255 4842 lib.
273 4786 296 4842 Ι.
313 4792 388 4843 cent.
401 4790 477 4842 Ean.
491 4801 518 4856 p.
530 4786 575 4842 50.
591 4787 661 4841 Κατὰ
671 4793 745 4842 τοῦτο
756 4789 805 4862 γὰρ
852 4787 905 4844 πῶς
918 4782 963 4837 οὔκ
977 4783 1102 4847 ἂοθνθετος
1114 4785 1129 4838 ό
1142 4785 1204 4840 κατὰ
1216 4786 1261 4855 τὴν
1275 4786 1359 4841 οὐσίαν
1374 4788 1481 4854 ἂπλοῦς;
1497 4788 1525 4840 οὗ
1539 4789 1587 4862 γὰρ
1599 4789 1622 4843 oi

55 4862 86 4913 ²²1
97 4863 171 4934 θεθτης
183 4869 228 4940 pla
241 4869 357 4937 δηλονότι
370 4869 436 4922 κατὰ
453 4868 496 4922 τθν
510 4874 554 4937 τῆς
567 4868 651 4933 cister
668 4872 744 4944 λόγον
761 4878 804 4939 τῆς
852 4867 965 4920 &turmot
979 4871 1023 4934 tiis
1038 4867 1158 4938 ἰδιότητος
1172 4868 1246 4923 αὐτοῦ
1262 4872 1348 4942 τρόποι
1362 4871 1404 4925 τόν
1424 4876 1467 4939 τῆς
1485 4871 1623 4941 ἁπλότητος

55 4940 148 5015 bireto<
170 4952 296 5023 νωρένης·
323 4952 388 5006 ὥστε
416 4951 512 5024 ἀριθμῷ
536 4950 580 5024 μὲν
611 4953 654 5021 τὴν
687 4956 804 5028 διαφορὰς
852 4948 927 5019 λόγον
941 4951 1163 5021 παραλοιιηαοοσιν.

81 5135 206 5203 'demedi
223 5140 315 5194 libellos
335 5142 390 5194 olim
408 5146 457 5195 erat
469 5142 541 5194 oratio
554 5141 633 5206 xlv,
648 5146 671 5194 et
690 5157 750 5196 nune
768 5150 805 5197 est
852 5148 926 5201 doctis
934 5149 1074 5202 affirmare.»
1087 5149 1149 5201 Sane
1158 5165 1203 5203 non
1212 5152 1280 5204 modo
1290 5152 1313 5202 in
1322 5152 1403 5219 priscis
1413 5152 1506 5206 mhotiis
1515 5154 1621 5222 legimns,

55 5209 132 5275 (lilith
150 5214 266 5279 Clifflss,
285 5217 393 5285 inscripta
414 5219 474 5290 πρός
491 5217 612 5288 Εθόγριον
623 5219 732 5292 μοναχὸν
750 5222 805 5292 περὶ
854 5222 932 5277 ἰστέον
944 5225 983 5278 ότι
1001 5226 1064 5277 κατά
1082 5243 1148 5287 τινας
1171 5225 1185 5279 ό
1204 5227 1278 5299 λόγος
1295 5227 1483 5299 ἀμφιθάλλεται,
1498 5231 1624 5287 edendam

56 5288 158 5361 θεότητος.
172 5298 249 5362 sagax
259 5297 347 5350 Petenti
356 5297 468 5362 iudicitur
475 5312 518 5350 sno
529 5298 638 5363 ιιιόιηςῖο
652 5304 734 5364 preter
747 5299 806 5352 ann
853 5308 890 5355 est
898 5304 963 5356 tuac
980 5318 1117 5357 ιετοιοιιεοι
1130 5321 1147 5356 α
1161 5306 1305 5371 quibusdam
1318 5308 1345 5358 ιἰι
1358 5308 1460 5359 dedum
1469 5307 1569 5374 omori,·
1583 5313 1624 5369 aad

57 5372 211 5449 ωψηθειοοι
226 5375 385 5430 tillemontius
407 5382 431 5429 et
447 5377 544 5441 cailan,
557 5378 596 5444 qui
616 5378 730 5443 praediun
751 5378 806 5430 ani·
854 5383 964 5445 preterca
980 5381 1083 5435 nonnus
1100 5380 1163 5432 illan
1178 5380 1289 5448 ipsmnrb
1303 5380 1421 5449 Gntbymio
1435 5382 1548 5452 (Panopt.
1560 5387 1587 5439 P.
1602 5388 1622 5449 l,

56 5444 214 5503 musonem
222 5451 369 5505 bneenrbis
382 5453 517 5506 concludit:
531 5456 571 5512 rt
586 5452 696 5518 Gregorio
708 5454 806 5507 dadan·
854 5455 889 5506 tit.
904 5454 945 5523 ll)
959 5454 1027 5508 tribui
1039 5455 1148 5522 Gregorio
1161 5456 1273 5522 Nysseno,
1287 5462 1311 5510 et
1319 5473 1363 5512 non
1373 5458 1438 5512 aliter
1448 5474 1475 5512 ac
1488 5461 1508 5513 si
1522 5461 1623 5525 ejusdem

59 5528 103 5572 noo
116 5524 218 5591 scriptam
237 5526 298 5579 bane
317 5541 429 5582 maesse
444 5528 562 5594 τοίιιοΙιιιι
585 5532 619 5581 εει
638 5532 673 5581 est
686 5542 739 5583 cun
753 5529 808 5581 viris
853 5530 1069 5585 sentimenti.
1085 5532 1114 5587 n.
