<?xml version="1.0" encoding="UTF-8"?>
<!DOCTYPE html PUBLIC "-//W3C//DTD XHTML 1.0 Transitional//EN"
    "http://www.w3.org/TR/xhtml1/DTD/xhtml1-transitional.dtd">
<html xmlns="http://www.w3.org/1999/xhtml" xml:lang="en" lang="en">
 <head>
  <title>
</title>
<meta http-equiv="Content-Type" content="text/html;charset=utf-8" />
  <meta name='ocr-system' content='tesseract 3.04.00' />
  <meta name='ocr-capabilities' content='ocr_page ocr_carea ocr_par ocr_line ocrx_word'/>
</head>
<body>
  <div class='ocr_page' id='page_1' title='image "./dogmatatheologi01goog_0550.png"; bbox 0 0 4030 6204; ppageno 0'>
   <div class='ocr_carea' id='block_1_1' title="bbox 390 346 1420 423">
    <p class='ocr_par' dir='ltr' id='par_1_1' title="bbox 390 346 1420 423">
     <span class='ocr_line' id='line_1_1' title="bbox 390 346 1420 423; baseline 0.005 -18"><span class='ocrx_word' id='word_1_1' title='bbox 390 346 440 406; x_wconf 84' lang='lat' dir='ltr'><strong>DE</strong></span> <span class='ocrx_word' id='word_1_2' title='bbox 460 347 535 409; x_wconf 81' lang='grc' dir='ltr'><strong>11Εο</strong></span> <span class='ocrx_word' id='word_1_3' title='bbox 556 349 698 422; x_wconf 83' lang='lat' dir='ltr'><strong>DEIQUE</strong></span> <span class='ocrx_word' id='word_1_4' title='bbox 718 346 1065 423; x_wconf 75' lang='lat' dir='ltr'><strong>PROPRIETATIBUS,</strong></span> <span class='ocrx_word' id='word_1_5' title='bbox 1088 346 1159 409; x_wconf 87' lang='lat' dir='ltr'><strong>LlB.</strong></span> <span class='ocrx_word' id='word_1_6' title='bbox 1183 348 1239 423; x_wconf 85' lang='lat' dir='ltr'><strong>Vl,</strong></span> <span class='ocrx_word' id='word_1_7' title='bbox 1262 350 1345 411; x_wconf 76' lang='lat' dir='ltr'><strong>cle.</strong></span> <span class='ocrx_word' id='word_1_8' title='bbox 1368 352 1420 410; x_wconf 79' lang='lat' dir='ltr'><strong>lv,</strong></span> 
     </span>
    </p>
   </div>
   <div class='ocr_carea' id='block_1_2' title="bbox 106 502 887 1420">
    <p class='ocr_par' dir='ltr' id='par_1_2' title="bbox 106 502 887 1420">
     <span class='ocr_line' id='line_1_2' title="bbox 107 502 885 588; baseline 0.017 -27"><span class='ocrx_word' id='word_1_9' title='bbox 107 502 245 581; x_wconf 87' lang='lat' dir='ltr'><strong>cognita,</strong></span> <span class='ocrx_word' id='word_1_10' title='bbox 261 504 323 566; x_wconf 91' lang='lat' dir='ltr'><strong>nisi</strong></span> <span class='ocrx_word' id='word_1_11' title='bbox 338 525 389 568; x_wconf 89' lang='lat' dir='ltr'><strong>me</strong></span> <span class='ocrx_word' id='word_1_12' title='bbox 402 512 610 588; x_wconf 86' lang='lat' dir='ltr'><strong>quorumdum</strong></span> <span class='ocrx_word' id='word_1_13' title='bbox 623 512 662 573; x_wconf 92' lang='lat' dir='ltr'><strong>de</strong></span> <span class='ocrx_word' id='word_1_14' title='bbox 683 512 786 573; x_wconf 89' lang='lat' dir='ltr'><strong>schola</strong></span> <span class='ocrx_word' id='word_1_15' title='bbox 798 513 885 573; x_wconf 82' lang='grc'>11110</span> 
     </span>
     <span class='ocr_line' id='line_1_3' title="bbox 107 593 883 682; baseline 0.017 -30"><span class='ocrx_word' id='word_1_16' title='bbox 107 593 258 671; x_wconf 85' lang='lat' dir='ltr'><strong>logornrn</strong></span> <span class='ocrx_word' id='word_1_17' title='bbox 266 606 405 660; x_wconf 89' lang='lat' dir='ltr'><strong>moveret</strong></span> <span class='ocrx_word' id='word_1_18' title='bbox 413 602 520 681; x_wconf 90' lang='lat' dir='ltr'><strong>opinio</strong></span> <span class='ocrx_word' id='word_1_19' title='bbox 527 623 535 679; x_wconf 94' lang='lat'>;</span> <span class='ocrx_word' id='word_1_20' title='bbox 548 604 602 682; x_wconf 85' lang='lat' dir='ltr'><strong>qui</strong></span> <span class='ocrx_word' id='word_1_21' title='bbox 610 604 670 664; x_wconf 91' lang='lat' dir='ltr'><strong>hoo</strong></span> <span class='ocrx_word' id='word_1_22' title='bbox 678 605 787 666; x_wconf 89' lang='lat' dir='ltr'><strong>docere</strong></span> <span class='ocrx_word' id='word_1_23' title='bbox 795 603 883 665; x_wconf 89' lang='lat' dir='ltr'><strong>insti-</strong></span> 
     </span>
     <span class='ocr_line' id='line_1_4' title="bbox 106 688 884 776; baseline 0.019 -32"><span class='ocrx_word' id='word_1_24' title='bbox 106 689 217 763; x_wconf 88' lang='lat' dir='ltr'><strong>tuunt,</strong></span> <span class='ocrx_word' id='word_1_25' title='bbox 233 688 276 763; x_wconf 93' lang='lat' dir='ltr'><strong>id,</strong></span> <span class='ocrx_word' id='word_1_26' title='bbox 287 693 371 768; x_wconf 88' lang='lat' dir='ltr'><strong>quod</strong></span> <span class='ocrx_word' id='word_1_27' title='bbox 380 692 414 752; x_wconf 93' lang='lat' dir='ltr'><strong>in</strong></span> <span class='ocrx_word' id='word_1_28' title='bbox 423 694 579 755; x_wconf 88' lang='lat' dir='ltr'><strong>malorum</strong></span> <span class='ocrx_word' id='word_1_29' title='bbox 587 714 700 774; x_wconf 89' lang='lat' dir='ltr'><strong>genere</strong></span> <span class='ocrx_word' id='word_1_30' title='bbox 714 697 884 776; x_wconf 87' lang='lat' dir='ltr'><strong>pessimum</strong></span> 
     </span>
     <span class='ocr_line' id='line_1_5' title="bbox 108 784 886 867; baseline 0.014 -30"><span class='ocrx_word' id='word_1_31' title='bbox 108 784 169 847; x_wconf 86' lang='lat' dir='ltr'><strong>est,</strong></span> <span class='ocrx_word' id='word_1_32' title='bbox 186 786 347 858; x_wconf 74' lang='lat' dir='ltr'><strong>peccamm</strong></span> <span class='ocrx_word' id='word_1_33' title='bbox 360 801 428 844; x_wconf 88' lang='lat' dir='ltr'><strong>rem</strong></span> <span class='ocrx_word' id='word_1_34' title='bbox 440 804 506 847; x_wconf 87' lang='lat' dir='ltr'><strong>esse</strong></span> <span class='ocrx_word' id='word_1_35' title='bbox 519 788 698 867; x_wconf 78' lang='lat' dir='ltr'>quampiam</span> <span class='ocrx_word' id='word_1_36' title='bbox 711 789 840 849; x_wconf 82' lang='lat' dir='ltr'><strong>solidam</strong></span> <span class='ocrx_word' id='word_1_37' title='bbox 855 792 886 848; x_wconf 90' lang='lat' dir='ltr'><strong>et</strong></span> 
     </span>
     <span class='ocr_line' id='line_1_6' title="bbox 108 874 883 961; baseline 0.015 -32"><span class='ocrx_word' id='word_1_38' title='bbox 108 874 296 933; x_wconf 74' lang='lat' dir='ltr'><strong>extantem:</strong></span> <span class='ocrx_word' id='word_1_39' title='bbox 318 877 402 952; x_wconf 79' lang='lat' dir='ltr'><strong>quod</strong></span> <span class='ocrx_word' id='word_1_40' title='bbox 420 896 518 955; x_wconf 88' lang='lat' dir='ltr'><strong>genus</strong></span> <span class='ocrx_word' id='word_1_41' title='bbox 534 879 695 961; x_wconf 80' lang='lat' dir='ltr'><strong>positivum</strong></span> <span class='ocrx_word' id='word_1_42' title='bbox 718 881 777 941; x_wconf 87' lang='lat' dir='ltr'><strong>dici</strong></span> <span class='ocrx_word' id='word_1_43' title='bbox 795 881 883 956; x_wconf 91' lang='lat' dir='ltr'><strong>solet,</strong></span> 
     </span>
     <span class='ocr_line' id='line_1_7' title="bbox 108 964 885 1048; baseline 0.017 -27"><span class='ocrx_word' id='word_1_44' title='bbox 108 978 151 1021; x_wconf 88' lang='lat' dir='ltr'><strong>eo</strong></span> <span class='ocrx_word' id='word_1_45' title='bbox 172 964 256 1041; x_wconf 89' lang='lat' dir='ltr'><strong>quod</strong></span> <span class='ocrx_word' id='word_1_46' title='bbox 269 965 303 1025; x_wconf 90' lang='lat' dir='ltr'><strong>in</strong></span> <span class='ocrx_word' id='word_1_47' title='bbox 316 982 350 1027; x_wconf 87' lang='lat' dir='ltr'><strong>re</strong></span> <span class='ocrx_word' id='word_1_48' title='bbox 364 967 430 1048; x_wconf 85' lang='lat' dir='ltr'><strong>ipsa</strong></span> <span class='ocrx_word' id='word_1_49' title='bbox 444 976 587 1048; x_wconf 88' lang='lat' dir='ltr'><strong>ponatur,</strong></span> <span class='ocrx_word' id='word_1_50' title='bbox 603 990 668 1032; x_wconf 90' lang='lat' dir='ltr'><strong>non</strong></span> <span class='ocrx_word' id='word_1_51' title='bbox 686 972 752 1033; x_wconf 88' lang='lat' dir='ltr'><strong>sola</strong></span> <span class='ocrx_word' id='word_1_52' title='bbox 764 973 885 1033; x_wconf 87' lang='lat' dir='ltr'><strong>ratione</strong></span> 
     </span>
     <span class='ocr_line' id='line_1_8' title="bbox 109 1060 885 1144; baseline 0.015 -31"><span class='ocrx_word' id='word_1_53' title='bbox 109 1060 245 1131; x_wconf 82' lang='lat' dir='ltr'><strong>constet,</strong></span> <span class='ocrx_word' id='word_1_54' title='bbox 270 1076 306 1117; x_wconf 89' lang='lat' dir='ltr'><strong>ac</strong></span> <span class='ocrx_word' id='word_1_55' title='bbox 331 1060 377 1119; x_wconf 89' lang='lat' dir='ltr'><strong>rei</strong></span> <span class='ocrx_word' id='word_1_56' title='bbox 399 1063 574 1140; x_wconf 78' lang='lat' dir='ltr'><strong>negatione.</strong></span> <span class='ocrx_word' id='word_1_57' title='bbox 597 1065 710 1125; x_wconf 82' lang='lat' dir='ltr'><strong>Contra</strong></span> <span class='ocrx_word' id='word_1_58' title='bbox 727 1083 805 1144; x_wconf 83' lang='lat' dir='ltr'><strong>quos</strong></span> <span class='ocrx_word' id='word_1_59' title='bbox 824 1065 885 1125; x_wconf 90' lang='lat' dir='ltr'><strong>alio</strong></span> 
     </span>
     <span class='ocr_line' id='line_1_9' title="bbox 109 1146 885 1237; baseline 0.018 -32"><span class='ocrx_word' id='word_1_60' title='bbox 109 1146 244 1223; x_wconf 88' lang='lat' dir='ltr'><strong>quidem</strong></span> <span class='ocrx_word' id='word_1_61' title='bbox 266 1148 301 1210; x_wconf 91' lang='lat' dir='ltr'><strong>in</strong></span> <span class='ocrx_word' id='word_1_62' title='bbox 321 1150 388 1212; x_wconf 90' lang='lat' dir='ltr'><strong>loco</strong></span> <span class='ocrx_word' id='word_1_63' title='bbox 402 1153 650 1234; x_wconf 78' lang='lat' dir='ltr'><strong>disceptabimus,</strong></span> <span class='ocrx_word' id='word_1_64' title='bbox 671 1175 742 1217; x_wconf 89' lang='lat' dir='ltr'><strong>enm</strong></span> <span class='ocrx_word' id='word_1_65' title='bbox 762 1159 801 1217; x_wconf 87' lang='lat' dir='ltr'><strong>dc</strong></span> <span class='ocrx_word' id='word_1_66' title='bbox 814 1176 885 1237; x_wconf 92' lang='lat' dir='ltr'><strong>pec·</strong></span> 
     </span>
     <span class='ocr_line' id='line_1_10' title="bbox 109 1241 887 1327; baseline 0.018 -31"><span class='ocrx_word' id='word_1_67' title='bbox 109 1244 183 1298; x_wconf 85' lang='lat' dir='ltr'><strong>ceto</strong></span> <span class='ocrx_word' id='word_1_68' title='bbox 198 1241 322 1319; x_wconf 86' lang='lat' dir='ltr'><strong>proprie</strong></span> <span class='ocrx_word' id='word_1_69' title='bbox 342 1244 514 1307; x_wconf 90' lang='lat' dir='ltr'><strong>disserendi</strong></span> <span class='ocrx_word' id='word_1_70' title='bbox 533 1252 656 1327; x_wconf 88' lang='lat' dir='ltr'><strong>tempus</strong></span> <span class='ocrx_word' id='word_1_71' title='bbox 674 1249 781 1309; x_wconf 90' lang='lat' dir='ltr'><strong>aderit.</strong></span> <span class='ocrx_word' id='word_1_72' title='bbox 797 1249 887 1310; x_wconf 92' lang='lat' dir='ltr'><strong>Nunc</strong></span> 
     </span>
     <span class='ocr_line' id='line_1_11' title="bbox 110 1335 886 1420; baseline 0.017 -32"><span class='ocrx_word' id='word_1_73' title='bbox 110 1336 222 1391; x_wconf 86' lang='lat' dir='ltr'><strong>autem</strong></span> <span class='ocrx_word' id='word_1_74' title='bbox 234 1335 408 1411; x_wconf 77' lang='lat' dir='ltr'><strong>generatim</strong></span> <span class='ocrx_word' id='word_1_75' title='bbox 422 1338 497 1398; x_wconf 86' lang='lat' dir='ltr'><strong>mali</strong></span> <span class='ocrx_word' id='word_1_76' title='bbox 513 1357 531 1399; x_wconf 93' lang='lat' dir='ltr'><strong>a</strong></span> <span class='ocrx_word' id='word_1_77' title='bbox 545 1339 635 1399; x_wconf 90' lang='lat' dir='ltr'><strong>nohis</strong></span> <span class='ocrx_word' id='word_1_78' title='bbox 647 1346 759 1400; x_wconf 88' lang='lat' dir='ltr'><strong>natura</strong></span> <span class='ocrx_word' id='word_1_79' title='bbox 773 1359 886 1420; x_wconf 89' lang='lat' dir='ltr'><strong>propo·</strong></span> 
     </span>
    </p>
   </div>
   <div class='ocr_carea' id='block_1_3' title="bbox 1642 348 1697 407">
    <p class='ocr_par' dir='ltr' id='par_1_3' title="bbox 1642 348 1697 407">
     <span class='ocr_line' id='line_1_12' title="bbox 1642 348 1697 407; baseline 0 0"><span class='ocrx_word' id='word_1_80' title='bbox 1642 348 1697 407; x_wconf 79' lang='lat' dir='ltr'><strong>tri</strong></span> 
     </span>
    </p>
   </div>
   <div class='ocr_carea' id='block_1_4' title="bbox 932 511 1705 1408">
    <p class='ocr_par' dir='ltr' id='par_1_4' title="bbox 932 511 1705 1408">
     <span class='ocr_line' id='line_1_13' title="bbox 933 511 1703 591; baseline -0.003 -19"><span class='ocrx_word' id='word_1_81' title='bbox 933 530 1057 573; x_wconf 86' lang='lat' dir='ltr'><strong>eausam</strong></span> <span class='ocrx_word' id='word_1_82' title='bbox 1071 514 1126 591; x_wconf 87' lang='lat' dir='ltr'><strong>qui</strong></span> <span class='ocrx_word' id='word_1_83' title='bbox 1140 533 1204 575; x_wconf 91' lang='lat' dir='ltr'><strong>non</strong></span> <span class='ocrx_word' id='word_1_84' title='bbox 1218 520 1300 589; x_wconf 90' lang='lat' dir='ltr'><strong>sunt,</strong></span> <span class='ocrx_word' id='word_1_85' title='bbox 1322 515 1400 574; x_wconf 90' lang='lat' dir='ltr'><strong>nihil</strong></span> <span class='ocrx_word' id='word_1_86' title='bbox 1412 532 1487 587; x_wconf 88' lang='lat' dir='ltr'><strong>esse,</strong></span> <span class='ocrx_word' id='word_1_87' title='bbox 1503 519 1535 574; x_wconf 88' lang='lat' dir='ltr'><strong>et</strong></span> <span class='ocrx_word' id='word_1_88' title='bbox 1552 511 1703 573; x_wconf 81' lang='grc'>01111111-</span> 
     </span>
     <span class='ocr_line' id='line_1_14' title="bbox 932 605 1698 685; baseline -0.005 -21"><span class='ocrx_word' id='word_1_89' title='bbox 932 605 1013 665; x_wconf 87' lang='lat' dir='ltr'><strong>tium</strong></span> <span class='ocrx_word' id='word_1_90' title='bbox 1023 605 1116 665; x_wconf 92' lang='lat' dir='ltr'><strong>etiam</strong></span> <span class='ocrx_word' id='word_1_91' title='bbox 1126 606 1287 679; x_wconf 86' lang='lat' dir='ltr'><strong>nihilcsse,</strong></span> <span class='ocrx_word' id='word_1_92' title='bbox 1304 606 1452 685; x_wconf 89' lang='lat' dir='ltr'><strong>qnoniam</strong></span> <span class='ocrx_word' id='word_1_93' title='bbox 1466 611 1511 666; x_wconf 87' lang='lat' dir='ltr'><strong>est</strong></span> <span class='ocrx_word' id='word_1_94' title='bbox 1528 622 1592 667; x_wconf 88' lang='lat' dir='ltr'><strong>non</strong></span> <span class='ocrx_word' id='word_1_95' title='bbox 1606 622 1672 665; x_wconf 90' lang='lat' dir='ltr'><strong>ens.</strong></span> <span class='ocrx_word' id='word_1_96' title='bbox 1683 624 1698 661; x_wconf 77' lang='lat' dir='ltr'><strong>o</strong></span> 
     </span>
     <span class='ocr_line' id='line_1_15' title="bbox 933 697 1704 778; baseline 0.003 -25"><span class='ocrx_word' id='word_1_97' title='bbox 933 697 1011 758; x_wconf 90' lang='lat' dir='ltr'><strong>Vide</strong></span> <span class='ocrx_word' id='word_1_98' title='bbox 1029 698 1167 775; x_wconf 87' lang='lat' dir='ltr'><strong>ejusdcm</strong></span> <span class='ocrx_word' id='word_1_99' title='bbox 1182 699 1308 778; x_wconf 88' lang='lat' dir='ltr'><strong>longam</strong></span> <span class='ocrx_word' id='word_1_100' title='bbox 1321 699 1359 759; x_wconf 92' lang='lat' dir='ltr'><strong>de</strong></span> <span class='ocrx_word' id='word_1_101' title='bbox 1377 698 1451 758; x_wconf 86' lang='lat' dir='ltr'><strong>mali</strong></span> <span class='ocrx_word' id='word_1_102' title='bbox 1465 698 1586 775; x_wconf 78' lang='lat' dir='ltr'><strong>origine</strong></span> <span class='ocrx_word' id='word_1_103' title='bbox 1600 697 1704 776; x_wconf 83' lang='lat' dir='ltr'><strong>dispu-</strong></span> 
     </span>
     <span class='ocr_line' id='line_1_16' title="bbox 933 789 1704 869; baseline -0.004 -20"><span class='ocrx_word' id='word_1_104' title='bbox 933 790 1085 850; x_wconf 83' lang='lat' dir='ltr'><strong>tationem</strong></span> <span class='ocrx_word' id='word_1_105' title='bbox 1102 791 1136 850; x_wconf 93' lang='lat' dir='ltr'><strong>in</strong></span> <span class='ocrx_word' id='word_1_106' title='bbox 1161 792 1259 869; x_wconf 87' lang='lat' dir='ltr'><strong>capite</strong></span> <span class='ocrx_word' id='word_1_107' title='bbox 1284 806 1353 850; x_wconf 80' lang='lat' dir='ltr'><strong>xxm</strong></span> <span class='ocrx_word' id='word_1_108' title='bbox 1372 789 1556 856; x_wconf 71' lang='lat' dir='ltr'><strong>ebibentia,</strong></span> <span class='ocrx_word' id='word_1_109' title='bbox 1583 806 1653 866; x_wconf 77' lang='lat' dir='ltr'><strong>quie</strong></span> <span class='ocrx_word' id='word_1_110' title='bbox 1672 795 1704 847; x_wconf 89' lang='lat' dir='ltr'><strong>et</strong></span> 
     </span>
     <span class='ocr_line' id='line_1_17' title="bbox 934 878 1704 960; baseline -0.001 -20"><span class='ocrx_word' id='word_1_111' title='bbox 934 883 1017 960; x_wconf 90' lang='lat' dir='ltr'><strong>apud</strong></span> <span class='ocrx_word' id='word_1_112' title='bbox 1037 882 1206 943; x_wconf 86' lang='lat' dir='ltr'><strong>Eusebium</strong></span> <span class='ocrx_word' id='word_1_113' title='bbox 1225 883 1441 943; x_wconf 82' lang='lat' dir='ltr'><strong>Gaesariensem</strong></span> <span class='ocrx_word' id='word_1_114' title='bbox 1463 882 1498 940; x_wconf 91' lang='lat' dir='ltr'><strong>in</strong></span> <span class='ocrx_word' id='word_1_115' title='bbox 1520 882 1651 959; x_wconf 86' lang='lat' dir='ltr'><strong>septimo</strong></span> <span class='ocrx_word' id='word_1_116' title='bbox 1669 878 1704 939; x_wconf 82' lang='lat' dir='ltr'><strong>de</strong></span> 
     </span>
     <span class='ocr_line' id='line_1_18' title="bbox 934 972 1705 1055; baseline -0.001 -23"><span class='ocrx_word' id='word_1_117' title='bbox 934 972 1163 1055; x_wconf 82' lang='lat' dir='ltr'><strong>Proeporotione</strong></span> <span class='ocrx_word' id='word_1_118' title='bbox 1185 975 1242 1034; x_wconf 92' lang='lat' dir='ltr'><strong>suh</strong></span> <span class='ocrx_word' id='word_1_119' title='bbox 1265 974 1359 1034; x_wconf 87' lang='lat' dir='ltr'><strong>linem</strong></span> <span class='ocrx_word' id='word_1_120' title='bbox 1382 974 1506 1052; x_wconf 89' lang='lat' dir='ltr'><strong>legitur.</strong></span> <span class='ocrx_word' id='word_1_121' title='bbox 1529 972 1654 1032; x_wconf 81' lang='lat' dir='ltr'><strong>Accedit</strong></span> <span class='ocrx_word' id='word_1_122' title='bbox 1674 978 1705 1032; x_wconf 89' lang='lat' dir='ltr'><strong>et</strong></span> 
     </span>
     <span class='ocr_line' id='line_1_19' title="bbox 935 1064 1704 1144; baseline -0.003 -18"><span class='ocrx_word' id='word_1_123' title='bbox 935 1064 1108 1126; x_wconf 90' lang='lat' dir='ltr'><strong>Methodius</strong></span> <span class='ocrx_word' id='word_1_124' title='bbox 1124 1066 1158 1125; x_wconf 90' lang='lat' dir='ltr'><strong>ln</strong></span> <span class='ocrx_word' id='word_1_125' title='bbox 1176 1067 1257 1125; x_wconf 89' lang='lat' dir='ltr'><strong>libro</strong></span> <span class='ocrx_word' id='word_1_126' title='bbox 1277 1065 1476 1126; x_wconf 79' lang='lat' dir='ltr'><strong>deliciorum</strong></span> <span class='ocrx_word' id='word_1_127' title='bbox 1494 1064 1609 1144; x_wconf 68' lang='lat' dir='ltr'><strong>origine</strong></span> <span class='ocrx_word' id='word_1_128' title='bbox 1622 1065 1704 1142; x_wconf 90' lang='lat' dir='ltr'><strong>apud</strong></span> 
     </span>
     <span class='ocr_line' id='line_1_20' title="bbox 936 1156 1705 1234; baseline 0 -18"><span class='ocrx_word' id='word_1_129' title='bbox 936 1157 1091 1225; x_wconf 80' lang='lat' dir='ltr'><strong>Photiunr,</strong></span> <span class='ocrx_word' id='word_1_130' title='bbox 1099 1157 1203 1218; x_wconf 84' lang='lat' dir='ltr'><strong>codice</strong></span> <span class='ocrx_word' id='word_1_131' title='bbox 1212 1174 1344 1234; x_wconf 81' lang='grc'>1111111,</span> <span class='ocrx_word' id='word_1_132' title='bbox 1353 1157 1408 1217; x_wconf 90' lang='lat' dir='ltr'><strong>ubi</strong></span> <span class='ocrx_word' id='word_1_133' title='bbox 1422 1156 1576 1216; x_wconf 89' lang='lat' dir='ltr'><strong>malorum</strong></span> <span class='ocrx_word' id='word_1_134' title='bbox 1585 1156 1705 1216; x_wconf 87' lang='lat' dir='ltr'><strong>nullam</strong></span> 
     </span>
     <span class='ocr_line' id='line_1_21' title="bbox 935 1248 1663 1329; baseline -0.003 -20"><span class='ocrx_word' id='word_1_135' title='bbox 935 1266 1000 1309; x_wconf 93' lang='lat' dir='ltr'><strong>esse</strong></span> <span class='ocrx_word' id='word_1_136' title='bbox 1009 1268 1134 1329; x_wconf 89' lang='lat' dir='ltr'><strong>prorsus</strong></span> <span class='ocrx_word' id='word_1_137' title='bbox 1144 1254 1239 1325; x_wconf 74' lang='grc' dir='ltr'>οὐσίαν,</span> <span class='ocrx_word' id='word_1_138' title='bbox 1247 1250 1337 1327; x_wconf 85' lang='lat' dir='ltr'><strong>juxta</strong></span> <span class='ocrx_word' id='word_1_139' title='bbox 1346 1255 1437 1327; x_wconf 88' lang='lat' dir='ltr'><strong>atque</strong></span> <span class='ocrx_word' id='word_1_140' title='bbox 1451 1248 1503 1307; x_wconf 92' lang='lat' dir='ltr'><strong>ille</strong></span> <span class='ocrx_word' id='word_1_141' title='bbox 1517 1248 1663 1307; x_wconf 78' lang='lat' dir='ltr'><strong>defendit.</strong></span> 
     </span>
     <span class='ocr_line' id='line_1_22' title="bbox 976 1338 1705 1408; baseline -0.001 -8"><span class='ocrx_word' id='word_1_142' title='bbox 976 1342 1163 1401; x_wconf 82' lang='lat' dir='ltr'><strong>Athanasius</strong></span> <span class='ocrx_word' id='word_1_143' title='bbox 1182 1340 1216 1399; x_wconf 92' lang='lat' dir='ltr'><strong>in</strong></span> <span class='ocrx_word' id='word_1_144' title='bbox 1230 1342 1310 1401; x_wconf 85' lang='lat' dir='ltr'><strong>libro</strong></span> <span class='ocrx_word' id='word_1_145' title='bbox 1324 1347 1425 1401; x_wconf 78' lang='lat' dir='ltr'><strong>contra</strong></span> <span class='ocrx_word' id='word_1_146' title='bbox 1442 1339 1554 1408; x_wconf 83' lang='lat' dir='ltr'><strong>Gentes,</strong></span> <span class='ocrx_word' id='word_1_147' title='bbox 1576 1338 1705 1400; x_wconf 80' lang='lat' dir='ltr'><strong>«Ethni-</strong></span> 
     </span>
    </p>
   </div>
   <div class='ocr_carea' id='block_1_5' title="bbox 112 1425 1708 1511">
    <p class='ocr_par' dir='ltr' id='par_1_5' title="bbox 112 1425 1708 1511">
     <span class='ocr_line' id='line_1_23' title="bbox 112 1425 1708 1511; baseline 0.007 -30"><span class='ocrx_word' id='word_1_148' title='bbox 112 1428 220 1497; x_wconf 88' lang='lat' dir='ltr'><strong>netur,</strong></span> <span class='ocrx_word' id='word_1_149' title='bbox 235 1425 335 1503; x_wconf 89' lang='lat' dir='ltr'><strong>deque</strong></span> <span class='ocrx_word' id='word_1_150' title='bbox 356 1446 392 1488; x_wconf 90' lang='grc'><strong>11</strong></span> <span class='ocrx_word' id='word_1_151' title='bbox 405 1431 581 1495; x_wconf 90' lang='lat' dir='ltr'><strong>communis</strong></span> <span class='ocrx_word' id='word_1_152' title='bbox 599 1433 733 1492; x_wconf 84' lang='lat' dir='ltr'><strong>maxime</strong></span> <span class='ocrx_word' id='word_1_153' title='bbox 746 1437 888 1493; x_wconf 89' lang='lat' dir='ltr'><strong>veterum</strong></span> <span class='ocrx_word' id='word_1_154' title='bbox 933 1450 1045 1493; x_wconf 86' lang='lat' dir='ltr'><strong>eorum</strong></span> <span class='ocrx_word' id='word_1_155' title='bbox 1078 1433 1121 1492; x_wconf 90' lang='lat' dir='ltr'><strong>nit</strong></span> <span class='ocrx_word' id='word_1_156' title='bbox 1151 1434 1302 1511; x_wconf 89' lang='lat' dir='ltr'><strong>quosdam</strong></span> <span class='ocrx_word' id='word_1_157' title='bbox 1334 1433 1514 1492; x_wconf 89' lang='lat' dir='ltr'><strong>aberrantes</strong></span> <span class='ocrx_word' id='word_1_158' title='bbox 1535 1451 1555 1491; x_wconf 89' lang='lat' dir='ltr'><strong>a</strong></span> <span class='ocrx_word' id='word_1_159' title='bbox 1579 1433 1640 1505; x_wconf 88' lang='lat' dir='ltr'><strong>via,</strong></span> <span class='ocrx_word' id='word_1_160' title='bbox 1677 1438 1708 1492; x_wconf 89' lang='lat' dir='ltr'><strong>et</strong></span> 
     </span>
    </p>
   </div>
   <div class='ocr_carea' id='block_1_6' title="bbox 111 1514 895 3162">
    <p class='ocr_par' dir='ltr' id='par_1_6' title="bbox 111 1514 893 2591">
     <span class='ocr_line' id='line_1_24' title="bbox 111 1514 885 1601; baseline 0.014 -27"><span class='ocrx_word' id='word_1_161' title='bbox 111 1514 344 1595; x_wconf 79' lang='lat' dir='ltr'><strong>theologorum,</strong></span> <span class='ocrx_word' id='word_1_162' title='bbox 376 1521 571 1584; x_wconf 86' lang='lat' dir='ltr'><strong>dissentiente</strong></span> <span class='ocrx_word' id='word_1_163' title='bbox 599 1524 697 1601; x_wconf 86' lang='lat' dir='ltr'><strong>nullo,</strong></span> <span class='ocrx_word' id='word_1_164' title='bbox 723 1526 885 1601; x_wconf 88' lang='lat' dir='ltr'><strong>sententia,</strong></span> 
     </span>
     <span class='ocr_line' id='line_1_25' title="bbox 113 1608 890 1692; baseline 0.014 -26"><span class='ocrx_word' id='word_1_165' title='bbox 113 1625 187 1685; x_wconf 77' lang='lat' dir='ltr'><strong>quae</strong></span> <span class='ocrx_word' id='word_1_166' title='bbox 202 1608 281 1669; x_wconf 90' lang='lat' dir='ltr'><strong>nihil</strong></span> <span class='ocrx_word' id='word_1_167' title='bbox 300 1629 376 1685; x_wconf 85' lang='lat' dir='ltr'><strong>esse,</strong></span> <span class='ocrx_word' id='word_1_168' title='bbox 391 1613 423 1672; x_wconf 93' lang='lat' dir='ltr'><strong>id</strong></span> <span class='ocrx_word' id='word_1_169' title='bbox 438 1620 484 1674; x_wconf 90' lang='lat' dir='ltr'><strong>est</strong></span> <span class='ocrx_word' id='word_1_170' title='bbox 500 1632 567 1675; x_wconf 87' lang='lat' dir='ltr'><strong>rem</strong></span> <span class='ocrx_word' id='word_1_171' title='bbox 589 1614 708 1676; x_wconf 87' lang='lat' dir='ltr'><strong>nullam</strong></span> <span class='ocrx_word' id='word_1_172' title='bbox 725 1634 842 1692; x_wconf 86' lang='lat' dir='ltr'><strong>veram,</strong></span> <span class='ocrx_word' id='word_1_173' title='bbox 859 1623 890 1678; x_wconf 91' lang='lat' dir='ltr'><strong>et</strong></span> 
     </span>
     <span class='ocr_line' id='line_1_26' title="bbox 113 1701 889 1781; baseline 0.015 -23"><span class='ocrx_word' id='word_1_174' title='bbox 113 1701 243 1778; x_wconf 85' lang='lat' dir='ltr'><strong>proprie</strong></span> <span class='ocrx_word' id='word_1_175' title='bbox 257 1702 486 1781; x_wconf 81' lang='lat' dir='ltr'><strong>consistentem,</strong></span> <span class='ocrx_word' id='word_1_176' title='bbox 502 1706 620 1767; x_wconf 88' lang='lat' dir='ltr'><strong>malum</strong></span> <span class='ocrx_word' id='word_1_177' title='bbox 634 1709 750 1777; x_wconf 82' lang='lat' dir='ltr'><strong>asserit,</strong></span> <span class='ocrx_word' id='word_1_178' title='bbox 767 1710 821 1769; x_wconf 90' lang='lat' dir='ltr'><strong>sed</strong></span> <span class='ocrx_word' id='word_1_179' title='bbox 833 1728 889 1770; x_wconf 89' lang='lat' dir='ltr'><strong>ne·</strong></span> 
     </span>
     <span class='ocr_line' id='line_1_27' title="bbox 113 1790 889 1875; baseline 0.014 -25"><span class='ocrx_word' id='word_1_180' title='bbox 113 1790 290 1869; x_wconf 86' lang='lat' dir='ltr'><strong>gationem,</strong></span> <span class='ocrx_word' id='word_1_181' title='bbox 314 1796 558 1873; x_wconf 82' lang='lat' dir='ltr'><strong>privationemve</strong></span> <span class='ocrx_word' id='word_1_182' title='bbox 582 1799 640 1875; x_wconf 87' lang='lat' dir='ltr'><strong>rei,</strong></span> <span class='ocrx_word' id='word_1_183' title='bbox 661 1799 725 1860; x_wconf 93' lang='lat' dir='ltr'><strong>sive</strong></span> <span class='ocrx_word' id='word_1_184' title='bbox 746 1801 889 1861; x_wconf 90' lang='lat' dir='ltr'><strong>deiectio-</strong></span> 
     </span>
     <span class='ocr_line' id='line_1_28' title="bbox 114 1885 888 1968; baseline 0.014 -26"><span class='ocrx_word' id='word_1_185' title='bbox 114 1900 205 1943; x_wconf 85' lang='lat' dir='ltr'><strong>nem.</strong></span> <span class='ocrx_word' id='word_1_186' title='bbox 221 1885 296 1958; x_wconf 78' lang='lat' dir='ltr'><strong>Quac</strong></span> <span class='ocrx_word' id='word_1_187' title='bbox 317 1887 424 1965; x_wconf 91' lang='lat' dir='ltr'><strong>opinio</strong></span> <span class='ocrx_word' id='word_1_188' title='bbox 438 1908 512 1968; x_wconf 90' lang='lat' dir='ltr'><strong>quo,</strong></span> <span class='ocrx_word' id='word_1_189' title='bbox 532 1897 569 1952; x_wconf 91' lang='lat' dir='ltr'><strong>ut</strong></span> <span class='ocrx_word' id='word_1_190' title='bbox 587 1891 661 1966; x_wconf 88' lang='lat' dir='ltr'><strong>dlxi,</strong></span> <span class='ocrx_word' id='word_1_191' title='bbox 682 1894 888 1967; x_wconf 89' lang='lat' dir='ltr'><strong>communior,</strong></span> 
     </span>
     <span class='ocr_line' id='line_1_29' title="bbox 115 1977 892 2062; baseline 0.015 -28"><span class='ocrx_word' id='word_1_192' title='bbox 115 1992 154 2035; x_wconf 83' lang='lat' dir='ltr'><strong>ac</strong></span> <span class='ocrx_word' id='word_1_193' title='bbox 168 1977 379 2055; x_wconf 87' lang='lat' dir='ltr'><strong>pervulgatior</strong></span> <span class='ocrx_word' id='word_1_194' title='bbox 392 1986 448 2056; x_wconf 88' lang='lat' dir='ltr'><strong>est,</strong></span> <span class='ocrx_word' id='word_1_195' title='bbox 467 2000 503 2041; x_wconf 89' lang='lat' dir='ltr'><strong>eo</strong></span> <span class='ocrx_word' id='word_1_196' title='bbox 517 1983 623 2042; x_wconf 90' lang='lat' dir='ltr'><strong>minus</strong></span> <span class='ocrx_word' id='word_1_197' title='bbox 640 1984 766 2062; x_wconf 88' lang='lat' dir='ltr'><strong>longam</strong></span> <span class='ocrx_word' id='word_1_198' title='bbox 780 1986 892 2046; x_wconf 79' lang='lat' dir='ltr'><strong>oratio</strong></span> 
     </span>
     <span class='ocr_line' id='line_1_30' title="bbox 115 2069 891 2152; baseline 0.015 -26"><span class='ocrx_word' id='word_1_199' title='bbox 115 2084 194 2128; x_wconf 88' lang='lat' dir='ltr'><strong>nem</strong></span> <span class='ocrx_word' id='word_1_200' title='bbox 208 2069 370 2131; x_wconf 84' lang='lat' dir='ltr'><strong>desiderat.</strong></span> <span class='ocrx_word' id='word_1_201' title='bbox 387 2073 493 2151; x_wconf 88' lang='lat' dir='ltr'><strong>ltaque</strong></span> <span class='ocrx_word' id='word_1_202' title='bbox 507 2092 677 2152; x_wconf 87' lang='lat' dir='ltr'><strong>paucorum</strong></span> <span class='ocrx_word' id='word_1_203' title='bbox 691 2076 789 2136; x_wconf 86' lang='lat' dir='ltr'><strong>citatis</strong></span> <span class='ocrx_word' id='word_1_204' title='bbox 806 2077 891 2138; x_wconf 88' lang='lat' dir='ltr'><strong>testi·</strong></span> 
     </span>
     <span class='ocr_line' id='line_1_31' title="bbox 116 2160 889 2248; baseline 0.016 -30"><span class='ocrx_word' id='word_1_205' title='bbox 116 2160 244 2235; x_wconf 88' lang='lat' dir='ltr'><strong>moniis,</strong></span> <span class='ocrx_word' id='word_1_206' title='bbox 264 2160 451 2240; x_wconf 87' lang='lat' dir='ltr'><strong>quibusdam</strong></span> <span class='ocrx_word' id='word_1_207' title='bbox 469 2166 597 2227; x_wconf 90' lang='lat' dir='ltr'><strong>nomine</strong></span> <span class='ocrx_word' id='word_1_208' title='bbox 614 2172 705 2227; x_wconf 91' lang='lat' dir='ltr'><strong>tenus</strong></span> <span class='ocrx_word' id='word_1_209' title='bbox 718 2169 889 2248; x_wconf 85' lang='lat' dir='ltr'><strong>appellatis,</strong></span> 
     </span>
     <span class='ocr_line' id='line_1_32' title="bbox 115 2251 890 2341; baseline 0.015 -31"><span class='ocrx_word' id='word_1_210' title='bbox 115 2251 183 2311; x_wconf 90' lang='lat' dir='ltr'><strong>duo</strong></span> <span class='ocrx_word' id='word_1_211' title='bbox 210 2252 333 2331; x_wconf 86' lang='lat' dir='ltr'><strong>reliqna</strong></span> <span class='ocrx_word' id='word_1_212' title='bbox 358 2257 537 2333; x_wconf 85' lang='lat' dir='ltr'><strong>quaestionis</strong></span> <span class='ocrx_word' id='word_1_213' title='bbox 564 2259 758 2320; x_wconf 84' lang='lat' dir='ltr'><strong>absolvemus</strong></span> <span class='ocrx_word' id='word_1_214' title='bbox 781 2262 890 2341; x_wconf 86' lang='lat' dir='ltr'><strong>capita,</strong></span> 
     </span>
     <span class='ocr_line' id='line_1_33' title="bbox 116 2344 893 2431; baseline 0.015 -29"><span class='ocrx_word' id='word_1_215' title='bbox 116 2361 192 2422; x_wconf 74' lang='lat' dir='ltr'><strong>quta</strong></span> <span class='ocrx_word' id='word_1_216' title='bbox 206 2344 245 2403; x_wconf 90' lang='lat' dir='ltr'><strong>sit</strong></span> <span class='ocrx_word' id='word_1_217' title='bbox 254 2345 341 2423; x_wconf 92' lang='lat' dir='ltr'><strong>origo</strong></span> <span class='ocrx_word' id='word_1_218' title='bbox 350 2347 444 2407; x_wconf 88' lang='lat' dir='ltr'><strong>mali:</strong></span> <span class='ocrx_word' id='word_1_219' title='bbox 461 2354 491 2408; x_wconf 91' lang='lat' dir='ltr'><strong>et</strong></span> <span class='ocrx_word' id='word_1_220' title='bbox 505 2355 611 2410; x_wconf 85' lang='lat' dir='ltr'><strong>utrum</strong></span> <span class='ocrx_word' id='word_1_221' title='bbox 621 2351 750 2431; x_wconf 87' lang='lat' dir='ltr'><strong>perinde</strong></span> <span class='ocrx_word' id='word_1_222' title='bbox 763 2371 797 2413; x_wconf 89' lang='grc'><strong>11</strong></span> <span class='ocrx_word' id='word_1_223' title='bbox 811 2371 893 2413; x_wconf 90' lang='lat' dir='ltr'><strong>sum·</strong></span> 
     </span>
     <span class='ocr_line' id='line_1_34' title="bbox 116 2436 892 2519; baseline 0.015 -24"><span class='ocrx_word' id='word_1_224' title='bbox 116 2450 211 2496; x_wconf 87' lang='lat' dir='ltr'><strong>mum</strong></span> <span class='ocrx_word' id='word_1_225' title='bbox 225 2436 344 2499; x_wconf 90' lang='lat' dir='ltr'><strong>bonum</strong></span> <span class='ocrx_word' id='word_1_226' title='bbox 356 2439 436 2500; x_wconf 92' lang='lat' dir='ltr'><strong>inest</strong></span> <span class='ocrx_word' id='word_1_227' title='bbox 449 2441 482 2501; x_wconf 90' lang='lat' dir='ltr'><strong>in</strong></span> <span class='ocrx_word' id='word_1_228' title='bbox 492 2442 595 2519; x_wconf 88' lang='lat' dir='ltr'><strong>rebus,</strong></span> <span class='ocrx_word' id='word_1_229' title='bbox 607 2444 650 2504; x_wconf 87' lang='lat' dir='ltr'><strong>ita</strong></span> <span class='ocrx_word' id='word_1_230' title='bbox 659 2462 818 2505; x_wconf 87' lang='lat' dir='ltr'><strong>summum</strong></span> <span class='ocrx_word' id='word_1_231' title='bbox 828 2464 892 2507; x_wconf 89' lang='lat' dir='ltr'><strong>esse</strong></span> 
     </span>
     <span class='ocr_line' id='line_1_35' title="bbox 117 2527 371 2591; baseline 0.012 -4"><span class='ocrx_word' id='word_1_232' title='bbox 117 2527 242 2588; x_wconf 81' lang='lat' dir='ltr'><strong>malum</strong></span> <span class='ocrx_word' id='word_1_233' title='bbox 252 2530 371 2591; x_wconf 87' lang='lat' dir='ltr'><strong>debeat.</strong></span> 
     </span>
    </p>

    <p class='ocr_par' dir='ltr' id='par_1_7' title="bbox 117 2618 895 3162">
     <span class='ocr_line' id='line_1_36' title="bbox 159 2618 893 2705; baseline 0.018 -26"><span class='ocrx_word' id='word_1_234' title='bbox 159 2618 200 2680; x_wconf 89' lang='lat' dir='ltr'><strong>ll.</strong></span> <span class='ocrx_word' id='word_1_235' title='bbox 223 2621 340 2681; x_wconf 87' lang='lat' dir='ltr'><strong>Malum</strong></span> <span class='ocrx_word' id='word_1_236' title='bbox 367 2623 482 2702; x_wconf 87' lang='lat' dir='ltr'><strong>itaque,</strong></span> <span class='ocrx_word' id='word_1_237' title='bbox 507 2643 568 2704; x_wconf 85' lang='lat' dir='ltr'><strong>qua</strong></span> <span class='ocrx_word' id='word_1_238' title='bbox 595 2628 714 2689; x_wconf 89' lang='lat' dir='ltr'><strong>malurn</strong></span> <span class='ocrx_word' id='word_1_239' title='bbox 743 2634 799 2705; x_wconf 90' lang='lat' dir='ltr'><strong>est,</strong></span> <span class='ocrx_word' id='word_1_240' title='bbox 828 2646 893 2692; x_wconf 90' lang='lat' dir='ltr'><strong>non</strong></span> 
     </span>
     <span class='ocr_line' id='line_1_37' title="bbox 117 2712 895 2800; baseline 0.015 -29"><span class='ocrx_word' id='word_1_241' title='bbox 117 2712 263 2787; x_wconf 81' lang='lat' dir='ltr'><strong>existere,</strong></span> <span class='ocrx_word' id='word_1_242' title='bbox 280 2732 381 2793; x_wconf 84' lang='lat' dir='ltr'><strong>neque</strong></span> <span class='ocrx_word' id='word_1_243' title='bbox 396 2734 464 2776; x_wconf 89' lang='lat' dir='ltr'><strong>rem</strong></span> <span class='ocrx_word' id='word_1_244' title='bbox 482 2735 547 2778; x_wconf 90' lang='lat' dir='ltr'><strong>esse</strong></span> <span class='ocrx_word' id='word_1_245' title='bbox 561 2721 742 2800; x_wconf 79' lang='lat' dir='ltr'><strong>qiiampiam</strong></span> <span class='ocrx_word' id='word_1_246' title='bbox 761 2721 895 2783; x_wconf 85' lang='lat' dir='ltr'><strong>declarat</strong></span> 
     </span>
     <span class='ocr_line' id='line_1_38' title="bbox 117 2802 893 2884; baseline 0.014 -21"><span class='ocrx_word' id='word_1_247' title='bbox 117 2802 276 2883; x_wconf 86' lang='lat' dir='ltr'><strong>imprimis</strong></span> <span class='ocrx_word' id='word_1_248' title='bbox 289 2806 434 2884; x_wconf 89' lang='lat' dir='ltr'><strong>Origenes</strong></span> <span class='ocrx_word' id='word_1_249' title='bbox 448 2808 482 2867; x_wconf 90' lang='lat' dir='ltr'><strong>in</strong></span> <span class='ocrx_word' id='word_1_250' title='bbox 495 2810 632 2871; x_wconf 90' lang='lat' dir='ltr'><strong>secundo</strong></span> <span class='ocrx_word' id='word_1_251' title='bbox 651 2817 736 2872; x_wconf 86' lang='lat' dir='ltr'><strong>tomo</strong></span> <span class='ocrx_word' id='word_1_252' title='bbox 751 2812 783 2872; x_wconf 81' lang='grc'><strong>11</strong></span> <span class='ocrx_word' id='word_1_253' title='bbox 801 2813 893 2874; x_wconf 80' lang='lat' dir='ltr'><strong>Jona-</strong></span> 
     </span>
     <span class='ocr_line' id='line_1_39' title="bbox 117 2895 895 2985; baseline 0.014 -31"><span class='ocrx_word' id='word_1_254' title='bbox 117 2912 199 2963; x_wconf 81' lang='lat' dir='ltr'><strong>uem,</strong></span> <span class='ocrx_word' id='word_1_255' title='bbox 216 2895 282 2974; x_wconf 86' lang='lat' dir='ltr'><strong>ejus</strong></span> <span class='ocrx_word' id='word_1_256' title='bbox 299 2898 394 2958; x_wconf 89' lang='lat' dir='ltr'><strong>verba</strong></span> <span class='ocrx_word' id='word_1_257' title='bbox 415 2899 482 2959; x_wconf 79' lang='lat' dir='ltr'><strong>haec</strong></span> <span class='ocrx_word' id='word_1_258' title='bbox 500 2901 667 2980; x_wconf 83' lang='lat' dir='ltr'><strong>explicans,</strong></span> <span class='ocrx_word' id='word_1_259' title='bbox 691 2902 735 2963; x_wconf 85' lang='lat' dir='ltr'><strong>Et</strong></span> <span class='ocrx_word' id='word_1_260' title='bbox 752 2904 814 2965; x_wconf 82' lang='lat' dir='ltr'><strong>sine</strong></span> <span class='ocrx_word' id='word_1_261' title='bbox 833 2904 895 2985; x_wconf 73' lang='lat' dir='ltr'><strong>ipro</strong></span> 
     </span>
     <span class='ocr_line' id='line_1_40' title="bbox 119 2987 893 3073; baseline 0.016 -28"><span class='ocrx_word' id='word_1_262' title='bbox 119 2988 238 3065; x_wconf 76' lang='lat' dir='ltr'><strong>foetum</strong></span> <span class='ocrx_word' id='word_1_263' title='bbox 252 2996 292 3048; x_wconf 85' lang='lat' dir='ltr'><strong>est</strong></span> <span class='ocrx_word' id='word_1_264' title='bbox 306 2987 417 3050; x_wconf 62' lang='grc'>1111111.</span> <span class='ocrx_word' id='word_1_265' title='bbox 433 2993 522 3067; x_wconf 87' lang='lat' dir='ltr'><strong>Nam,</strong></span> <span class='ocrx_word' id='word_1_266' title='bbox 539 3011 579 3053; x_wconf 92' lang='lat' dir='ltr'><strong>ne</strong></span> <span class='ocrx_word' id='word_1_267' title='bbox 593 2995 661 3072; x_wconf 89' lang='lat' dir='ltr'><strong>quis</strong></span> <span class='ocrx_word' id='word_1_268' title='bbox 670 2996 793 3073; x_wconf 90' lang='lat' dir='ltr'><strong>putaret</strong></span> <span class='ocrx_word' id='word_1_269' title='bbox 806 2996 893 3073; x_wconf 90' lang='grc'>11111,</span> 
     </span>
     <span class='ocr_line' id='line_1_41' title="bbox 118 3083 895 3162; baseline 0.017 -25"><span class='ocrx_word' id='word_1_270' title='bbox 118 3083 152 3138; x_wconf 88' lang='grc'><strong>11</strong></span> <span class='ocrx_word' id='word_1_271' title='bbox 165 3085 302 3158; x_wconf 88' lang='lat' dir='ltr'><strong>peccata,</strong></span> <span class='ocrx_word' id='word_1_272' title='bbox 314 3086 344 3141; x_wconf 93' lang='lat' dir='ltr'><strong>et</strong></span> <span class='ocrx_word' id='word_1_273' title='bbox 359 3100 453 3160; x_wconf 80' lang='lat' dir='ltr'><strong>prava</strong></span> <span class='ocrx_word' id='word_1_274' title='bbox 467 3083 601 3162; x_wconf 89' lang='lat' dir='ltr'><strong>denique</strong></span> <span class='ocrx_word' id='word_1_275' title='bbox 611 3086 717 3145; x_wconf 88' lang='lat' dir='ltr'><strong>omnia</strong></span> <span class='ocrx_word' id='word_1_276' title='bbox 731 3088 821 3148; x_wconf 89' lang='lat' dir='ltr'><strong>aDeo</strong></span> <span class='ocrx_word' id='word_1_277' title='bbox 831 3107 895 3150; x_wconf 88' lang='lat' dir='ltr'><strong>esse</strong></span> 
     </span>
    </p>
   </div>
   <div class='ocr_carea' id='block_1_7' title="bbox 10 3170 896 3258">
    <p class='ocr_par' dir='ltr' id='par_1_8' title="bbox 10 3170 896 3258">
     <span class='ocr_line' id='line_1_42' title="bbox 10 3170 896 3258; baseline 0.019 -34"><span class='ocrx_word' id='word_1_278' title='bbox 10 3182 88 3225; x_wconf 67' lang='lat' dir='ltr'><strong>nouis</strong></span> <span class='ocrx_word' id='word_1_279' title='bbox 118 3170 213 3246; x_wconf 82' lang='lat' dir='ltr'><strong>lacta,</strong></span> <span class='ocrx_word' id='word_1_280' title='bbox 229 3171 305 3232; x_wconf 89' lang='lat' dir='ltr'><strong>dum</strong></span> <span class='ocrx_word' id='word_1_281' title='bbox 320 3173 398 3233; x_wconf 89' lang='lat' dir='ltr'><strong>nihil</strong></span> <span class='ocrx_word' id='word_1_282' title='bbox 411 3173 450 3233; x_wconf 89' lang='lat' dir='ltr'><strong>ab</strong></span> <span class='ocrx_word' id='word_1_283' title='bbox 469 3176 524 3235; x_wconf 86' lang='lat' dir='ltr'><strong>Dei</strong></span> <span class='ocrx_word' id='word_1_284' title='bbox 536 3176 658 3255; x_wconf 90' lang='lat' dir='ltr'><strong>opificio</strong></span> <span class='ocrx_word' id='word_1_285' title='bbox 676 3185 839 3258; x_wconf 85' lang='lat' dir='ltr'><strong>exceptum</strong></span> <span class='ocrx_word' id='word_1_286' title='bbox 853 3181 896 3241; x_wconf 91' lang='lat' dir='ltr'><strong>le-</strong></span> 
     </span>
    </p>
   </div>
   <div class='ocr_carea' id='block_1_8' title="bbox 10 3244 900 4447">
    <p class='ocr_par' dir='ltr' id='par_1_9' title="bbox 10 3244 900 4447">
     <span class='ocr_line' id='line_1_43' title="bbox 10 3244 894 3351; baseline 0.014 -32"><span class='ocrx_word' id='word_1_287' title='bbox 10 3244 69 3279; x_wconf 70' lang='lat' dir='ltr'><strong>ann</strong></span> <span class='ocrx_word' id='word_1_288' title='bbox 119 3267 222 3340; x_wconf 86' lang='lat' dir='ltr'><strong>geret,</strong></span> <span class='ocrx_word' id='word_1_289' title='bbox 243 3265 450 3341; x_wconf 86' lang='lat' dir='ltr'><strong>quorumdam</strong></span> <span class='ocrx_word' id='word_1_290' title='bbox 473 3267 760 3346; x_wconf 85' lang='lat' dir='ltr'><strong>hiterpretationem</strong></span> <span class='ocrx_word' id='word_1_291' title='bbox 782 3289 894 3351; x_wconf 88' lang='lat' dir='ltr'><strong>appro-</strong></span> 
     </span>
     <span class='ocr_line' id='line_1_44' title="bbox 119 3354 897 3437; baseline 0.014 -24"><span class='ocrx_word' id='word_1_292' title='bbox 119 3354 190 3429; x_wconf 87' lang='lat' dir='ltr'><strong>bat,</strong></span> <span class='ocrx_word' id='word_1_293' title='bbox 208 3355 263 3433; x_wconf 88' lang='lat' dir='ltr'><strong>qui</strong></span> <span class='ocrx_word' id='word_1_294' title='bbox 280 3376 295 3411; x_wconf 83' lang='grc' dir='ltr'><strong>ιι</strong></span> <span class='ocrx_word' id='word_1_295' title='bbox 309 3355 421 3416; x_wconf 87' lang='lat' dir='ltr'><strong>vitium</strong></span> <span class='ocrx_word' id='word_1_296' title='bbox 435 3359 563 3419; x_wconf 91' lang='lat' dir='ltr'><strong>minime</strong></span> <span class='ocrx_word' id='word_1_297' title='bbox 577 3360 753 3437; x_wconf 84' lang='lat' dir='ltr'><strong>subsistere,</strong></span> <span class='ocrx_word' id='word_1_298' title='bbox 769 3381 804 3422; x_wconf 89' lang='lat' dir='ltr'><strong>ac</strong></span> <span class='ocrx_word' id='word_1_299' title='bbox 817 3364 897 3424; x_wconf 92' lang='lat' dir='ltr'><strong>nihil</strong></span> 
     </span>
     <span class='ocr_line' id='line_1_45' title="bbox 120 3447 895 3534; baseline 0.014 -29"><span class='ocrx_word' id='word_1_300' title='bbox 120 3464 191 3506; x_wconf 87' lang='lat' dir='ltr'><strong>esse</strong></span> <span class='ocrx_word' id='word_1_301' title='bbox 206 3447 324 3507; x_wconf 90' lang='lat' dir='ltr'><strong>dicunt.</strong></span> <span class='ocrx_word' id='word_1_302' title='bbox 342 3448 378 3507; x_wconf 88' lang='lat' dir='ltr'><strong>Et</strong></span> <span class='ocrx_word' id='word_1_303' title='bbox 397 3451 661 3527; x_wconf 89' lang='lat' dir='ltr'><strong>quemadmodum</strong></span> <span class='ocrx_word' id='word_1_304' title='bbox 681 3453 812 3531; x_wconf 87' lang='lat' dir='ltr'><strong>gentiles</strong></span> <span class='ocrx_word' id='word_1_305' title='bbox 825 3457 895 3534; x_wconf 85' lang='lat' dir='ltr'><strong>qui·</strong></span> 
     </span>
     <span class='ocr_line' id='line_1_46' title="bbox 121 3538 895 3620; baseline 0.014 -23"><span class='ocrx_word' id='word_1_306' title='bbox 121 3538 199 3598; x_wconf 91' lang='lat' dir='ltr'><strong>dam</strong></span> <span class='ocrx_word' id='word_1_307' title='bbox 213 3556 328 3617; x_wconf 84' lang='lat' dir='ltr'><strong>genera</strong></span> <span class='ocrx_word' id='word_1_308' title='bbox 348 3545 378 3600; x_wconf 90' lang='lat' dir='ltr'><strong>et</strong></span> <span class='ocrx_word' id='word_1_309' title='bbox 396 3542 523 3620; x_wconf 87' lang='lat' dir='ltr'><strong>species,</strong></span> <span class='ocrx_word' id='word_1_310' title='bbox 539 3543 635 3604; x_wconf 90' lang='lat' dir='ltr'><strong>veluti</strong></span> <span class='ocrx_word' id='word_1_311' title='bbox 649 3545 774 3619; x_wconf 88' lang='lat' dir='ltr'><strong>animal,</strong></span> <span class='ocrx_word' id='word_1_312' title='bbox 790 3553 821 3607; x_wconf 87' lang='lat' dir='ltr'><strong>et</strong></span> <span class='ocrx_word' id='word_1_313' title='bbox 838 3548 895 3608; x_wconf 93' lang='lat' dir='ltr'><strong>ho·</strong></span> 
     </span>
     <span class='ocr_line' id='line_1_47' title="bbox 120 3631 898 3708; baseline 0.014 -19"><span class='ocrx_word' id='word_1_314' title='bbox 120 3631 256 3705; x_wconf 87' lang='lat' dir='ltr'><strong>minem,</strong></span> <span class='ocrx_word' id='word_1_315' title='bbox 268 3631 346 3691; x_wconf 92' lang='lat' dir='ltr'><strong>nihil</strong></span> <span class='ocrx_word' id='word_1_316' title='bbox 357 3650 421 3693; x_wconf 90' lang='lat' dir='ltr'><strong>esse</strong></span> <span class='ocrx_word' id='word_1_317' title='bbox 431 3634 554 3708; x_wconf 76' lang='lat' dir='ltr'><strong>dicunt,</strong></span> <span class='ocrx_word' id='word_1_318' title='bbox 569 3635 613 3695; x_wconf 90' lang='lat' dir='ltr'><strong>ita</strong></span> <span class='ocrx_word' id='word_1_319' title='bbox 625 3635 659 3695; x_wconf 92' lang='lat' dir='ltr'><strong>hi</strong></span> <span class='ocrx_word' id='word_1_320' title='bbox 670 3637 810 3697; x_wconf 86' lang='lat' dir='ltr'><strong>arbitrati</strong></span> <span class='ocrx_word' id='word_1_321' title='bbox 823 3644 898 3700; x_wconf 89' lang='lat' dir='ltr'><strong>sunt</strong></span> 
     </span>
     <span class='ocr_line' id='line_1_48' title="bbox 120 3723 898 3808; baseline 0.013 -27"><span class='ocrx_word' id='word_1_322' title='bbox 120 3740 192 3782; x_wconf 86' lang='lat' dir='ltr'><strong>esse</strong></span> <span class='ocrx_word' id='word_1_323' title='bbox 206 3741 299 3783; x_wconf 89' lang='lat' dir='ltr'><strong>omne</strong></span> <span class='ocrx_word' id='word_1_324' title='bbox 313 3723 401 3799; x_wconf 88' lang='lat' dir='ltr'><strong>illud,</strong></span> <span class='ocrx_word' id='word_1_325' title='bbox 416 3725 500 3803; x_wconf 88' lang='lat' dir='ltr'><strong>quod</strong></span> <span class='ocrx_word' id='word_1_326' title='bbox 514 3744 571 3786; x_wconf 92' lang='lat' dir='ltr'><strong>nec</strong></span> <span class='ocrx_word' id='word_1_327' title='bbox 580 3746 597 3786; x_wconf 88' lang='lat' dir='ltr'><strong>a</strong></span> <span class='ocrx_word' id='word_1_328' title='bbox 606 3728 679 3802; x_wconf 92' lang='lat' dir='ltr'><strong>Deo,</strong></span> <span class='ocrx_word' id='word_1_329' title='bbox 696 3746 754 3788; x_wconf 87' lang='lat' dir='ltr'><strong>nec</strong></span> <span class='ocrx_word' id='word_1_330' title='bbox 767 3748 822 3808; x_wconf 92' lang='lat' dir='ltr'><strong>per</strong></span> <span class='ocrx_word' id='word_1_331' title='bbox 837 3749 898 3792; x_wconf 88' lang='grc'>111-</span> 
     </span>
     <span class='ocr_line' id='line_1_49' title="bbox 121 3817 896 3897; baseline 0.012 -23"><span class='ocrx_word' id='word_1_332' title='bbox 121 3832 255 3875; x_wconf 90' lang='lat' dir='ltr'><strong>monem</strong></span> <span class='ocrx_word' id='word_1_333' title='bbox 287 3817 454 3895; x_wconf 85' lang='lat' dir='ltr'><strong>sumpserit</strong></span> <span class='ocrx_word' id='word_1_334' title='bbox 487 3827 688 3897; x_wconf 89' lang='lat' dir='ltr'><strong>apparentem</strong></span> <span class='ocrx_word' id='word_1_335' title='bbox 729 3821 896 3884; x_wconf 89' lang='lat' dir='ltr'><strong>subsisten-</strong></span> 
     </span>
     <span class='ocr_line' id='line_1_50' title="bbox 119 3906 899 3990; baseline 0.013 -24"><span class='ocrx_word' id='word_1_336' title='bbox 119 3906 214 3966; x_wconf 88' lang='lat' dir='ltr'><strong>tiam.</strong></span> <span class='ocrx_word' id='word_1_337' title='bbox 236 3928 252 3963; x_wconf 82' lang='lat' dir='ltr'><strong>n</strong></span> <span class='ocrx_word' id='word_1_338' title='bbox 283 3908 411 3981; x_wconf 88' lang='lat' dir='ltr'><strong>Deinde,</strong></span> <span class='ocrx_word' id='word_1_339' title='bbox 440 3929 456 3965; x_wconf 85' lang='grc' dir='ltr'><strong>ιι</strong></span> <span class='ocrx_word' id='word_1_340' title='bbox 479 3910 592 3985; x_wconf 89' lang='lat' dir='ltr'><strong>Bonus,</strong></span> <span class='ocrx_word' id='word_1_341' title='bbox 616 3911 727 3990; x_wconf 88' lang='lat' dir='ltr'><strong>inquit,</strong></span> <span class='ocrx_word' id='word_1_342' title='bbox 748 3913 832 3974; x_wconf 93' lang='lat' dir='ltr'><strong>idem</strong></span> <span class='ocrx_word' id='word_1_343' title='bbox 852 3921 899 3976; x_wconf 85' lang='lat' dir='ltr'><strong>est</strong></span> 
     </span>
     <span class='ocr_line' id='line_1_51' title="bbox 121 3998 898 4084; baseline 0.012 -27"><span class='ocrx_word' id='word_1_344' title='bbox 121 4016 200 4058; x_wconf 86' lang='lat' dir='ltr'><strong>curn</strong></span> <span class='ocrx_word' id='word_1_345' title='bbox 209 3998 369 4060; x_wconf 81' lang='lat' dir='ltr'><strong>existente.</strong></span> <span class='ocrx_word' id='word_1_346' title='bbox 381 4001 459 4060; x_wconf 87' lang='lat' dir='ltr'><strong>Cum</strong></span> <span class='ocrx_word' id='word_1_347' title='bbox 471 4018 544 4061; x_wconf 88' lang='lat' dir='ltr'><strong>vero</strong></span> <span class='ocrx_word' id='word_1_348' title='bbox 558 4001 686 4079; x_wconf 90' lang='lat' dir='ltr'><strong>malum,</strong></span> <span class='ocrx_word' id='word_1_349' title='bbox 699 4009 753 4063; x_wconf 89' lang='lat' dir='ltr'><strong>aut</strong></span> <span class='ocrx_word' id='word_1_350' title='bbox 766 4023 898 4084; x_wconf 87' lang='lat' dir='ltr'><strong>pravum</strong></span> 
     </span>
     <span class='ocr_line' id='line_1_52' title="bbox 121 4090 898 4167; baseline 0.012 -17"><span class='ocrx_word' id='word_1_351' title='bbox 121 4091 317 4151; x_wconf 85' lang='lat' dir='ltr'><strong>contrarium</strong></span> <span class='ocrx_word' id='word_1_352' title='bbox 334 4092 373 4152; x_wconf 92' lang='lat' dir='ltr'><strong>sit</strong></span> <span class='ocrx_word' id='word_1_353' title='bbox 391 4090 486 4167; x_wconf 89' lang='lat' dir='ltr'><strong>hono,</strong></span> <span class='ocrx_word' id='word_1_354' title='bbox 502 4098 533 4152; x_wconf 88' lang='lat' dir='ltr'><strong>et</strong></span> <span class='ocrx_word' id='word_1_355' title='bbox 547 4094 737 4155; x_wconf 90' lang='lat' dir='ltr'><strong>contrarium</strong></span> <span class='ocrx_word' id='word_1_356' title='bbox 756 4098 898 4158; x_wconf 84' lang='lat' dir='ltr'><strong>existenti</strong></span> 
     </span>
     <span class='ocr_line' id='line_1_53' title="bbox 122 4182 899 4268; baseline 0.01 -26"><span class='ocrx_word' id='word_1_357' title='bbox 122 4182 167 4242; x_wconf 86' lang='lat' dir='ltr'><strong>sit</strong></span> <span class='ocrx_word' id='word_1_358' title='bbox 181 4200 245 4242; x_wconf 92' lang='lat' dir='ltr'><strong>non</strong></span> <span class='ocrx_word' id='word_1_359' title='bbox 258 4184 403 4259; x_wconf 80' lang='lat' dir='ltr'><strong>existens,</strong></span> <span class='ocrx_word' id='word_1_360' title='bbox 419 4183 557 4263; x_wconf 86' lang='lat' dir='ltr'><strong>sequitur</strong></span> <span class='ocrx_word' id='word_1_361' title='bbox 571 4184 701 4261; x_wconf 87' lang='lat' dir='ltr'><strong>malum,</strong></span> <span class='ocrx_word' id='word_1_362' title='bbox 718 4193 749 4247; x_wconf 90' lang='lat' dir='ltr'><strong>et</strong></span> <span class='ocrx_word' id='word_1_363' title='bbox 767 4207 899 4268; x_wconf 85' lang='lat' dir='ltr'><strong>pravom</strong></span> 
     </span>
     <span class='ocr_line' id='line_1_54' title="bbox 122 4275 900 4354; baseline 0.008 -20"><span class='ocrx_word' id='word_1_364' title='bbox 122 4292 267 4335; x_wconf 86' lang='lat' dir='ltr'><strong>essenon</strong></span> <span class='ocrx_word' id='word_1_365' title='bbox 281 4275 425 4335; x_wconf 85' lang='lat' dir='ltr'><strong>existens.</strong></span> <span class='ocrx_word' id='word_1_366' title='bbox 441 4298 456 4332; x_wconf 78' lang='grc' dir='ltr'>ν</span> <span class='ocrx_word' id='word_1_367' title='bbox 475 4276 561 4349; x_wconf 88' lang='lat' dir='ltr'><strong>item,</strong></span> <span class='ocrx_word' id='word_1_368' title='bbox 583 4299 598 4335; x_wconf 80' lang='grc' dir='ltr'><strong>ιι</strong></span> <span class='ocrx_word' id='word_1_369' title='bbox 612 4297 677 4338; x_wconf 90' lang='lat' dir='ltr'><strong>non</strong></span> <span class='ocrx_word' id='word_1_370' title='bbox 691 4297 756 4354; x_wconf 87' lang='lat' dir='ltr'><strong>ens,</strong></span> <span class='ocrx_word' id='word_1_371' title='bbox 774 4285 805 4339; x_wconf 90' lang='lat' dir='ltr'><strong>et</strong></span> <span class='ocrx_word' id='word_1_372' title='bbox 819 4278 900 4340; x_wconf 90' lang='lat' dir='ltr'><strong>nihil</strong></span> 
     </span>
     <span class='ocr_line' id='line_1_55' title="bbox 122 4366 899 4447; baseline 0.009 -21"><span class='ocrx_word' id='word_1_373' title='bbox 122 4384 314 4447; x_wconf 81' lang='lat' dir='ltr'><strong>synonyma,</strong></span> <span class='ocrx_word' id='word_1_374' title='bbox 333 4372 364 4428; x_wconf 89' lang='lat' dir='ltr'><strong>et</strong></span> <span class='ocrx_word' id='word_1_375' title='bbox 382 4366 515 4429; x_wconf 86' lang='lat' dir='ltr'><strong>univoca</strong></span> <span class='ocrx_word' id='word_1_376' title='bbox 532 4387 596 4430; x_wconf 88' lang='grc'>1111</span> <span class='ocrx_word' id='word_1_377' title='bbox 615 4366 704 4446; x_wconf 91' lang='lat' dir='ltr'><strong>dicit;</strong></span> <span class='ocrx_word' id='word_1_378' title='bbox 721 4376 752 4432; x_wconf 91' lang='lat' dir='ltr'><strong>et</strong></span> <span class='ocrx_word' id='word_1_379' title='bbox 765 4371 805 4431; x_wconf 94' lang='lat' dir='ltr'><strong>ob</strong></span> <span class='ocrx_word' id='word_1_380' title='bbox 818 4371 899 4433; x_wconf 88' lang='lat' dir='ltr'><strong>hauc</strong></span> 
     </span>
    </p>
   </div>
   <div class='ocr_carea' id='block_1_9' title="bbox 122 4608 902 5020">
    <p class='ocr_par' dir='ltr' id='par_1_10' title="bbox 122 4608 902 5020">
     <span class='ocr_line' id='line_1_56' title="bbox 164 4608 901 4689; baseline -0.001 -15"><span class='ocrx_word' id='word_1_381' title='bbox 164 4633 186 4675; x_wconf 85' lang='lat' dir='ltr'><strong><em>a</em></strong></span> <span class='ocrx_word' id='word_1_382' title='bbox 203 4619 307 4674; x_wconf 74' lang='grc'>111111.</span> <span class='ocrx_word' id='word_1_383' title='bbox 325 4614 694 4689; x_wconf 71' lang='grc' dir='ltr'>1011161111Ἓλλήνωνμὲν</span> <span class='ocrx_word' id='word_1_384' title='bbox 709 4608 751 4672; x_wconf 73' lang='lat' dir='ltr'><strong>civ</strong></span> <span class='ocrx_word' id='word_1_385' title='bbox 766 4618 901 4681; x_wconf 83' lang='grc' dir='ltr'>τιν1ςπλα·</span> 
     </span>
     <span class='ocr_line' id='line_1_57' title="bbox 123 4699 899 4772; baseline -0.003 -17"><span class='ocrx_word' id='word_1_386' title='bbox 123 4702 237 4770; x_wconf 74' lang='grc' dir='ltr'>νηθέντες</span> <span class='ocrx_word' id='word_1_387' title='bbox 257 4705 300 4769; x_wconf 79' lang='grc' dir='ltr'><strong>τῆς</strong></span> <span class='ocrx_word' id='word_1_388' title='bbox 320 4702 388 4763; x_wconf 79' lang='grc' dir='ltr'>ὁδοῦ,</span> <span class='ocrx_word' id='word_1_389' title='bbox 409 4700 449 4754; x_wconf 79' lang='grc' dir='ltr'>καὶ</span> <span class='ocrx_word' id='word_1_390' title='bbox 467 4700 509 4754; x_wconf 67' lang='lat' dir='ltr'><strong>civ</strong></span> <span class='ocrx_word' id='word_1_391' title='bbox 528 4699 630 4771; x_wconf 72' lang='grc' dir='ltr'>Χριστὸν</span> <span class='ocrx_word' id='word_1_392' title='bbox 650 4700 695 4753; x_wconf 69' lang='grc' dir='ltr'>οὐκ</span> <span class='ocrx_word' id='word_1_393' title='bbox 714 4700 855 4772; x_wconf 74' lang='grc' dir='ltr'>ἐγνωκότες,</span> <span class='ocrx_word' id='word_1_394' title='bbox 875 4700 899 4754; x_wconf 79' lang='grc' dir='ltr'>ἔν</span> 
     </span>
     <span class='ocr_line' id='line_1_58' title="bbox 122 4777 899 4855; baseline -0.004 -18"><span class='ocrx_word' id='word_1_395' title='bbox 122 4783 274 4850; x_wconf 71' lang='grc' dir='ltr'>ὑποστάσει,</span> <span class='ocrx_word' id='word_1_396' title='bbox 282 4784 323 4836; x_wconf 77' lang='grc' dir='ltr'>καὶ</span> <span class='ocrx_word' id='word_1_397' title='bbox 333 4784 385 4836; x_wconf 82' lang='grc' dir='ltr'>καθ’</span> <span class='ocrx_word' id='word_1_398' title='bbox 398 4783 483 4852; x_wconf 67' lang='lat' dir='ltr'><strong>twa-bv</strong></span> <span class='ocrx_word' id='word_1_399' title='bbox 495 4777 556 4835; x_wconf 83' lang='grc' dir='ltr'>εἶναι</span> <span class='ocrx_word' id='word_1_400' title='bbox 569 4780 612 4849; x_wconf 82' lang='grc' dir='ltr'>τὴν</span> <span class='ocrx_word' id='word_1_401' title='bbox 629 4782 713 4835; x_wconf 84' lang='grc' dir='ltr'>κακίαν</span> <span class='ocrx_word' id='word_1_402' title='bbox 731 4783 899 4855; x_wconf 75' lang='grc' dir='ltr'>ἀπεφήναντο,</span> 
     </span>
     <span class='ocr_line' id='line_1_59' title="bbox 124 4864 902 4938; baseline 0.001 -20"><span class='ocrx_word' id='word_1_403' title='bbox 124 4864 310 4938; x_wconf 76' lang='grc' dir='ltr'>ἁμαρτάνοντες</span> <span class='ocrx_word' id='word_1_404' title='bbox 321 4866 384 4919; x_wconf 79' lang='grc' dir='ltr'>κατὰ</span> <span class='ocrx_word' id='word_1_405' title='bbox 398 4866 441 4919; x_wconf 75' lang='grc' dir='ltr'><strong>δύο</strong></span> <span class='ocrx_word' id='word_1_406' title='bbox 451 4870 535 4920; x_wconf 79' lang='grc' dir='ltr'>ταῦτα·</span> <span class='ocrx_word' id='word_1_407' title='bbox 548 4866 564 4931; x_wconf 77' lang='grc' dir='ltr'>ἢ</span> <span class='ocrx_word' id='word_1_408' title='bbox 578 4864 619 4917; x_wconf 70' lang='grc' dir='ltr'>τὸν</span> <span class='ocrx_word' id='word_1_409' title='bbox 636 4865 783 4937; x_wconf 75' lang='grc' dir='ltr'>δημιουργὸν</span> <span class='ocrx_word' id='word_1_410' title='bbox 799 4865 902 4919; x_wconf 76' lang='grc' dir='ltr'><strong>ἀποστε-</strong></span> 
     </span>
     <span class='ocr_line' id='line_1_60' title="bbox 125 4942 898 5020; baseline -0.004 -20"><span class='ocrx_word' id='word_1_411' title='bbox 125 4954 228 5019; x_wconf 75' lang='grc' dir='ltr'>ροῦντες</span> <span class='ocrx_word' id='word_1_412' title='bbox 241 4952 284 5002; x_wconf 74' lang='lat' dir='ltr'><strong>roi</strong></span> <span class='ocrx_word' id='word_1_413' title='bbox 299 4942 362 5002; x_wconf 77' lang='grc' dir='ltr'>εἶναι</span> <span class='ocrx_word' id='word_1_414' title='bbox 376 4948 479 5017; x_wconf 68' lang='grc' dir='ltr'>ποιητὴν</span> <span class='ocrx_word' id='word_1_415' title='bbox 492 4953 541 5001; x_wconf 83' lang='grc' dir='ltr'>τῶν</span> <span class='ocrx_word' id='word_1_416' title='bbox 553 4947 640 5000; x_wconf 79' lang='grc' dir='ltr'>ὄντων·</span> <span class='ocrx_word' id='word_1_417' title='bbox 655 4946 698 5000; x_wconf 72' lang='grc' dir='ltr'>οὒκ</span> <span class='ocrx_word' id='word_1_418' title='bbox 707 4950 736 5000; x_wconf 84' lang='grc' dir='ltr'>ἀν</span> <span class='ocrx_word' id='word_1_419' title='bbox 744 4944 791 5020; x_wconf 69' lang='grc' dir='ltr'><strong>γὰρ</strong></span> <span class='ocrx_word' id='word_1_420' title='bbox 802 4944 838 5016; x_wconf 76' lang='grc' dir='ltr'><strong>εἴη</strong></span> <span class='ocrx_word' id='word_1_421' title='bbox 849 4954 898 5002; x_wconf 86' lang='grc' dir='ltr'>τῶν</span> 
     </span>
    </p>
   </div>
   <div class='ocr_carea' id='block_1_10' title="bbox 938 1524 1735 4446">
    <p class='ocr_par' dir='ltr' id='par_1_11' title="bbox 938 1524 1735 2888">
     <span class='ocr_line' id='line_1_61' title="bbox 938 1524 1707 1603; baseline 0 -19"><span class='ocrx_word' id='word_1_422' title='bbox 938 1525 1094 1584; x_wconf 85' lang='lat' dir='ltr'><strong>Christum</strong></span> <span class='ocrx_word' id='word_1_423' title='bbox 1115 1526 1294 1602; x_wconf 85' lang='lat' dir='ltr'><strong>ignorantes</strong></span> <span class='ocrx_word' id='word_1_424' title='bbox 1326 1524 1501 1597; x_wconf 85' lang='lat' dir='ltr'><strong>subsistere,</strong></span> <span class='ocrx_word' id='word_1_425' title='bbox 1535 1542 1590 1603; x_wconf 88' lang='lat' dir='ltr'><strong>per</strong></span> <span class='ocrx_word' id='word_1_426' title='bbox 1616 1542 1707 1603; x_wconf 83' lang='lat' dir='ltr'><strong>seque</strong></span> 
     </span>
     <span class='ocr_line' id='line_1_62' title="bbox 938 1614 1735 1695; baseline 0.006 -20"><span class='ocrx_word' id='word_1_427' title='bbox 938 1634 1003 1677; x_wconf 90' lang='lat' dir='ltr'><strong>esse</strong></span> <span class='ocrx_word' id='word_1_428' title='bbox 1020 1617 1174 1677; x_wconf 87' lang='lat' dir='ltr'><strong>malitiam</strong></span> <span class='ocrx_word' id='word_1_429' title='bbox 1194 1617 1317 1692; x_wconf 85' lang='lat' dir='ltr'><strong>dixisse,</strong></span> <span class='ocrx_word' id='word_1_430' title='bbox 1344 1614 1506 1695; x_wconf 88' lang='lat' dir='ltr'><strong>dupliciter</strong></span> <span class='ocrx_word' id='word_1_431' title='bbox 1528 1621 1706 1694; x_wconf 88' lang='lat' dir='ltr'><strong>peccantes;</strong></span> <span class='ocrx_word' id='word_1_432' title='bbox 1730 1671 1735 1680; x_wconf 95' lang='lat'><strong>.</strong></span> 
     </span>
     <span class='ocr_line' id='line_1_63' title="bbox 938 1708 1710 1788; baseline 0.001 -21"><span class='ocrx_word' id='word_1_433' title='bbox 938 1708 1001 1769; x_wconf 91' lang='lat' dir='ltr'><strong>sive</strong></span> <span class='ocrx_word' id='word_1_434' title='bbox 1032 1715 1184 1788; x_wconf 89' lang='lat' dir='ltr'><strong>quatenus</strong></span> <span class='ocrx_word' id='word_1_435' title='bbox 1211 1708 1352 1787; x_wconf 83' lang='lat' dir='ltr'><strong>opificem</strong></span> <span class='ocrx_word' id='word_1_436' title='bbox 1378 1708 1502 1786; x_wconf 86' lang='lat' dir='ltr'><strong>privant</strong></span> <span class='ocrx_word' id='word_1_437' title='bbox 1529 1725 1583 1781; x_wconf 90' lang='lat' dir='ltr'><strong>eo,</strong></span> <span class='ocrx_word' id='word_1_438' title='bbox 1613 1712 1648 1765; x_wconf 91' lang='lat' dir='ltr'><strong>nt</strong></span> <span class='ocrx_word' id='word_1_439' title='bbox 1670 1708 1710 1768; x_wconf 89' lang='lat' dir='ltr'><strong>sit</strong></span> 
     </span>
     <span class='ocr_line' id='line_1_64' title="bbox 939 1800 1709 1879; baseline -0.003 -19"><span class='ocrx_word' id='word_1_440' title='bbox 939 1818 1059 1874; x_wconf 87' lang='lat' dir='ltr'><strong>eorum,</strong></span> <span class='ocrx_word' id='word_1_441' title='bbox 1075 1818 1144 1879; x_wconf 85' lang='lat' dir='ltr'><strong>quae</strong></span> <span class='ocrx_word' id='word_1_442' title='bbox 1157 1806 1240 1874; x_wconf 90' lang='lat' dir='ltr'><strong>sunt,</strong></span> <span class='ocrx_word' id='word_1_443' title='bbox 1255 1800 1411 1860; x_wconf 90' lang='lat' dir='ltr'><strong>conditor:</strong></span> <span class='ocrx_word' id='word_1_444' title='bbox 1427 1817 1491 1859; x_wconf 92' lang='lat' dir='ltr'><strong>non</strong></span> <span class='ocrx_word' id='word_1_445' title='bbox 1507 1800 1591 1857; x_wconf 89' lang='lat' dir='ltr'><strong>enim</strong></span> <span class='ocrx_word' id='word_1_446' title='bbox 1601 1816 1709 1858; x_wconf 91' lang='lat' dir='ltr'><strong>eorum</strong></span> 
     </span>
     <span class='ocr_line' id='line_1_65' title="bbox 940 1890 1709 1973; baseline 0.001 -21"><span class='ocrx_word' id='word_1_447' title='bbox 940 1896 1115 1973; x_wconf 77' lang='lat' dir='ltr'><strong>quaesunt,</strong></span> <span class='ocrx_word' id='word_1_448' title='bbox 1140 1892 1285 1952; x_wconf 90' lang='lat' dir='ltr'><strong>dominus</strong></span> <span class='ocrx_word' id='word_1_449' title='bbox 1308 1892 1377 1966; x_wconf 89' lang='lat' dir='ltr'><strong>erit,</strong></span> <span class='ocrx_word' id='word_1_450' title='bbox 1404 1891 1430 1950; x_wconf 89' lang='lat' dir='ltr'><strong>si</strong></span> <span class='ocrx_word' id='word_1_451' title='bbox 1455 1890 1583 1966; x_wconf 88' lang='lat' dir='ltr'><strong>malitia,</strong></span> <span class='ocrx_word' id='word_1_452' title='bbox 1609 1897 1643 1951; x_wconf 89' lang='lat' dir='ltr'><strong>ut</strong></span> <span class='ocrx_word' id='word_1_453' title='bbox 1664 1891 1709 1953; x_wconf 91' lang='lat' dir='ltr'><strong>illi</strong></span> 
     </span>
     <span class='ocr_line' id='line_1_66' title="bbox 940 1983 1711 2064; baseline -0.003 -20"><span class='ocrx_word' id='word_1_454' title='bbox 940 1990 1061 2064; x_wconf 87' lang='lat' dir='ltr'><strong>putant,</strong></span> <span class='ocrx_word' id='word_1_455' title='bbox 1078 1983 1305 2044; x_wconf 88' lang='lat' dir='ltr'><strong>subsistentiam</strong></span> <span class='ocrx_word' id='word_1_456' title='bbox 1320 2002 1420 2062; x_wconf 87' lang='lat' dir='ltr'><strong>perse</strong></span> <span class='ocrx_word' id='word_1_457' title='bbox 1439 1983 1544 2055; x_wconf 91' lang='lat' dir='ltr'><strong>habet,</strong></span> <span class='ocrx_word' id='word_1_458' title='bbox 1567 1987 1598 2041; x_wconf 90' lang='lat' dir='ltr'><strong>et</strong></span> <span class='ocrx_word' id='word_1_459' title='bbox 1611 2000 1711 2042; x_wconf 83' lang='lat' dir='ltr'><strong>essen·</strong></span> 
     </span>
     <span class='ocr_line' id='line_1_67' title="bbox 940 2074 1711 2154; baseline -0.001 -18"><span class='ocrx_word' id='word_1_460' title='bbox 940 2077 1034 2150; x_wconf 85' lang='lat' dir='ltr'><strong>tiam;</strong></span> <span class='ocrx_word' id='word_1_461' title='bbox 1058 2076 1121 2136; x_wconf 87' lang='lat' dir='ltr'><strong>sive</strong></span> <span class='ocrx_word' id='word_1_462' title='bbox 1146 2081 1299 2154; x_wconf 88' lang='lat' dir='ltr'><strong>quatenus</strong></span> <span class='ocrx_word' id='word_1_463' title='bbox 1325 2074 1414 2134; x_wconf 90' lang='lat' dir='ltr'><strong>illum</strong></span> <span class='ocrx_word' id='word_1_464' title='bbox 1438 2074 1580 2134; x_wconf 90' lang='lat' dir='ltr'><strong>omnium</strong></span> <span class='ocrx_word' id='word_1_465' title='bbox 1607 2075 1711 2135; x_wconf 91' lang='lat' dir='ltr'><strong>condi·</strong></span> 
     </span>
     <span class='ocr_line' id='line_1_68' title="bbox 939 2166 1710 2243; baseline -0.003 -15"><span class='ocrx_word' id='word_1_466' title='bbox 939 2173 1041 2229; x_wconf 89' lang='lat' dir='ltr'><strong>torem</strong></span> <span class='ocrx_word' id='word_1_467' title='bbox 1056 2173 1236 2243; x_wconf 86' lang='lat' dir='ltr'><strong>statuentes,</strong></span> <span class='ocrx_word' id='word_1_468' title='bbox 1252 2168 1345 2227; x_wconf 87' lang='lat' dir='ltr'><strong>etiem</strong></span> <span class='ocrx_word' id='word_1_469' title='bbox 1363 2167 1437 2226; x_wconf 87' lang='lat' dir='ltr'><strong>mali</strong></span> <span class='ocrx_word' id='word_1_470' title='bbox 1456 2184 1520 2226; x_wconf 88' lang='lat' dir='ltr'><strong>esse</strong></span> <span class='ocrx_word' id='word_1_471' title='bbox 1540 2166 1710 2226; x_wconf 88' lang='lat' dir='ltr'><strong>necessario</strong></span> 
     </span>
     <span class='ocr_line' id='line_1_69' title="bbox 941 2259 1710 2338; baseline -0.004 -18"><span class='ocrx_word' id='word_1_472' title='bbox 941 2261 1133 2320; x_wconf 83' lang='lat' dir='ltr'><strong>concedent:</strong></span> <span class='ocrx_word' id='word_1_473' title='bbox 1151 2259 1265 2338; x_wconf 88' lang='lat' dir='ltr'><strong>quippe</strong></span> <span class='ocrx_word' id='word_1_474' title='bbox 1284 2276 1356 2318; x_wconf 82' lang='lat' dir='ltr'><strong>cunr</strong></span> <span class='ocrx_word' id='word_1_475' title='bbox 1370 2259 1451 2318; x_wconf 87' lang='lat' dir='ltr'><strong>inter</strong></span> <span class='ocrx_word' id='word_1_476' title='bbox 1465 2276 1513 2331; x_wconf 91' lang='lat' dir='ltr'><strong>ea,</strong></span> <span class='ocrx_word' id='word_1_477' title='bbox 1536 2275 1605 2336; x_wconf 73' lang='lat' dir='ltr'><strong>quie</strong></span> <span class='ocrx_word' id='word_1_478' title='bbox 1627 2263 1710 2334; x_wconf 91' lang='lat' dir='ltr'><strong>sunt,</strong></span> 
     </span>
     <span class='ocr_line' id='line_1_70' title="bbox 941 2350 1713 2431; baseline -0.004 -19"><span class='ocrx_word' id='word_1_479' title='bbox 941 2352 1061 2412; x_wconf 91' lang='lat' dir='ltr'><strong>malum</strong></span> <span class='ocrx_word' id='word_1_480' title='bbox 1069 2352 1128 2431; x_wconf 92' lang='lat' dir='ltr'><strong>ipsi</strong></span> <span class='ocrx_word' id='word_1_481' title='bbox 1136 2356 1312 2412; x_wconf 87' lang='lat' dir='ltr'><strong>numerent.</strong></span> <span class='ocrx_word' id='word_1_482' title='bbox 1328 2352 1392 2410; x_wconf 89' lang='lat' dir='ltr'><strong>Hoc</strong></span> <span class='ocrx_word' id='word_1_483' title='bbox 1401 2368 1474 2409; x_wconf 86' lang='lat' dir='ltr'><strong>vero</strong></span> <span class='ocrx_word' id='word_1_484' title='bbox 1486 2350 1713 2429; x_wconf 85' lang='lat' dir='ltr'><strong>perabsurdum</strong></span> 
     </span>
     <span class='ocr_line' id='line_1_71' title="bbox 942 2443 1714 2523; baseline -0.005 -18"><span class='ocrx_word' id='word_1_485' title='bbox 942 2463 1018 2519; x_wconf 91' lang='lat' dir='ltr'><strong>esse,</strong></span> <span class='ocrx_word' id='word_1_486' title='bbox 1030 2462 1132 2523; x_wconf 89' lang='lat' dir='ltr'><strong>neque</strong></span> <span class='ocrx_word' id='word_1_487' title='bbox 1152 2462 1240 2523; x_wconf 88' lang='lat' dir='ltr'><strong>posse</strong></span> <span class='ocrx_word' id='word_1_488' title='bbox 1254 2443 1322 2503; x_wconf 88' lang='lat' dir='ltr'><strong>fieri</strong></span> <span class='ocrx_word' id='word_1_489' title='bbox 1337 2443 1517 2503; x_wconf 64' lang='lat' dir='ltr'><strong>videtum.»</strong></span> <span class='ocrx_word' id='word_1_490' title='bbox 1535 2443 1608 2502; x_wconf 83' lang='lat' dir='ltr'><strong>liceo</strong></span> <span class='ocrx_word' id='word_1_491' title='bbox 1621 2443 1714 2502; x_wconf 85' lang='lat' dir='ltr'><strong>Atha·</strong></span> 
     </span>
     <span class='ocr_line' id='line_1_72' title="bbox 943 2534 1714 2614; baseline -0.004 -18"><span class='ocrx_word' id='word_1_492' title='bbox 943 2536 1047 2597; x_wconf 88' lang='lat' dir='ltr'><strong>nasius</strong></span> <span class='ocrx_word' id='word_1_493' title='bbox 1073 2536 1112 2595; x_wconf 88' lang='lat' dir='ltr'><strong>ad</strong></span> <span class='ocrx_word' id='word_1_494' title='bbox 1135 2552 1260 2611; x_wconf 90' lang='lat' dir='ltr'><strong>novam,</strong></span> <span class='ocrx_word' id='word_1_495' title='bbox 1287 2552 1383 2614; x_wconf 87' lang='lat' dir='ltr'><strong>quam</strong></span> <span class='ocrx_word' id='word_1_496' title='bbox 1404 2534 1483 2608; x_wconf 87' lang='lat' dir='ltr'><strong>dixi,</strong></span> <span class='ocrx_word' id='word_1_497' title='bbox 1515 2534 1714 2594; x_wconf 87' lang='lat' dir='ltr'><strong>evertendam</strong></span> 
     </span>
     <span class='ocr_line' id='line_1_73' title="bbox 943 2625 1715 2708; baseline -0.003 -20"><span class='ocrx_word' id='word_1_498' title='bbox 943 2628 1121 2708; x_wconf 91' lang='lat' dir='ltr'><strong>opinionem</strong></span> <span class='ocrx_word' id='word_1_499' title='bbox 1140 2627 1309 2706; x_wconf 88' lang='lat' dir='ltr'><strong>aptissima.</strong></span> <span class='ocrx_word' id='word_1_500' title='bbox 1325 2626 1405 2686; x_wconf 88' lang='lat' dir='ltr'><strong>Nam</strong></span> <span class='ocrx_word' id='word_1_501' title='bbox 1422 2626 1448 2685; x_wconf 90' lang='lat' dir='ltr'><strong>si</strong></span> <span class='ocrx_word' id='word_1_502' title='bbox 1466 2626 1585 2685; x_wconf 88' lang='lat' dir='ltr'><strong>malum</strong></span> <span class='ocrx_word' id='word_1_503' title='bbox 1609 2625 1715 2704; x_wconf 85' lang='lat' dir='ltr'><strong>aliqua</strong></span> 
     </span>
     <span class='ocr_line' id='line_1_74' title="bbox 942 2716 1716 2803; baseline -0.006 -22"><span class='ocrx_word' id='word_1_504' title='bbox 942 2739 992 2781; x_wconf 89' lang='lat' dir='ltr'><strong>res</strong></span> <span class='ocrx_word' id='word_1_505' title='bbox 1014 2726 1069 2795; x_wconf 90' lang='lat' dir='ltr'><strong>est,</strong></span> <span class='ocrx_word' id='word_1_506' title='bbox 1090 2738 1127 2779; x_wconf 90' lang='lat' dir='ltr'><strong>ea</strong></span> <span class='ocrx_word' id='word_1_507' title='bbox 1148 2736 1272 2779; x_wconf 88' lang='lat' dir='ltr'><strong>necesse</strong></span> <span class='ocrx_word' id='word_1_508' title='bbox 1295 2723 1340 2779; x_wconf 88' lang='lat' dir='ltr'><strong>est</strong></span> <span class='ocrx_word' id='word_1_509' title='bbox 1368 2723 1527 2803; x_wconf 79' lang='lat' dir='ltr'><strong>auctorem</strong></span> <span class='ocrx_word' id='word_1_510' title='bbox 1549 2716 1664 2777; x_wconf 87' lang='lat' dir='ltr'><strong>haheat</strong></span> <span class='ocrx_word' id='word_1_511' title='bbox 1684 2722 1716 2777; x_wconf 89' lang='lat' dir='ltr'><strong>et</strong></span> 
     </span>
     <span class='ocr_line' id='line_1_75' title="bbox 944 2808 1612 2888; baseline -0.01 -15"><span class='ocrx_word' id='word_1_512' title='bbox 944 2813 1118 2873; x_wconf 80' lang='lat' dir='ltr'><strong>effcchnem</strong></span> <span class='ocrx_word' id='word_1_513' title='bbox 1133 2812 1231 2871; x_wconf 89' lang='lat' dir='ltr'><strong>Deum</strong></span> <span class='ocrx_word' id='word_1_514' title='bbox 1246 2810 1349 2888; x_wconf 88' lang='lat' dir='ltr'><strong>:quod</strong></span> <span class='ocrx_word' id='word_1_515' title='bbox 1361 2808 1445 2868; x_wconf 86' lang='grc'>111111</span> <span class='ocrx_word' id='word_1_516' title='bbox 1459 2813 1505 2868; x_wconf 87' lang='grc'><strong>111</strong></span> <span class='ocrx_word' id='word_1_517' title='bbox 1518 2808 1612 2867; x_wconf 90' lang='lat' dir='ltr'><strong>dictu.</strong></span> 
     </span>
    </p>

    <p class='ocr_par' dir='ltr' id='par_1_12' title="bbox 943 2897 1720 4267">
     <span class='ocr_line' id='line_1_76' title="bbox 986 2897 1715 2981; baseline -0.008 -17"><span class='ocrx_word' id='word_1_518' title='bbox 986 2905 1036 2964; x_wconf 89' lang='lat' dir='ltr'><strong>ill.</strong></span> <span class='ocrx_word' id='word_1_519' title='bbox 1060 2903 1224 2981; x_wconf 86' lang='lat' dir='ltr'><strong>Gregorius</strong></span> <span class='ocrx_word' id='word_1_520' title='bbox 1234 2903 1391 2980; x_wconf 85' lang='lat' dir='ltr'><strong>Nyssenus</strong></span> <span class='ocrx_word' id='word_1_521' title='bbox 1404 2901 1438 2959; x_wconf 91' lang='lat' dir='ltr'><strong>in</strong></span> <span class='ocrx_word' id='word_1_522' title='bbox 1451 2899 1530 2959; x_wconf 89' lang='lat' dir='ltr'><strong>libro</strong></span> <span class='ocrx_word' id='word_1_523' title='bbox 1550 2897 1585 2958; x_wconf 86' lang='lat' dir='ltr'><strong>de</strong></span> <span class='ocrx_word' id='word_1_524' title='bbox 1605 2899 1715 2959; x_wconf 84' lang='lat' dir='ltr'><strong>Animo</strong></span> 
     </span>
     <span class='ocr_line' id='line_1_77' title="bbox 943 2990 1716 3070; baseline -0.008 -14"><span class='ocrx_word' id='word_1_525' title='bbox 943 3003 973 3056; x_wconf 81' lang='lat' dir='ltr'><strong>ct</strong></span> <span class='ocrx_word' id='word_1_526' title='bbox 995 2994 1215 3062; x_wconf 79' lang='lat' dir='ltr'><strong>resurrectione,</strong></span> <span class='ocrx_word' id='word_1_527' title='bbox 1236 2992 1394 3070; x_wconf 86' lang='lat' dir='ltr'><strong>eleganter</strong></span> <span class='ocrx_word' id='word_1_528' title='bbox 1417 2996 1448 3051; x_wconf 91' lang='lat' dir='ltr'><strong>et</strong></span> <span class='ocrx_word' id='word_1_529' title='bbox 1466 2992 1554 3051; x_wconf 90' lang='lat' dir='ltr'><strong>docte</strong></span> <span class='ocrx_word' id='word_1_530' title='bbox 1577 2990 1634 3050; x_wconf 90' lang='lat' dir='ltr'><strong>suh</strong></span> <span class='ocrx_word' id='word_1_531' title='bbox 1654 2992 1716 3051; x_wconf 87' lang='lat' dir='ltr'><strong>bla-</strong></span> 
     </span>
     <span class='ocr_line' id='line_1_78' title="bbox 945 3083 1714 3164; baseline -0.007 -18"><span class='ocrx_word' id='word_1_532' title='bbox 945 3088 1037 3147; x_wconf 85' lang='lat' dir='ltr'><strong>crinae</strong></span> <span class='ocrx_word' id='word_1_533' title='bbox 1069 3087 1182 3146; x_wconf 87' lang='lat' dir='ltr'><strong>sororis</strong></span> <span class='ocrx_word' id='word_1_534' title='bbox 1212 3102 1345 3164; x_wconf 88' lang='lat' dir='ltr'><strong>persona</strong></span> <span class='ocrx_word' id='word_1_535' title='bbox 1374 3084 1416 3143; x_wconf 88' lang='lat' dir='ltr'><strong>sic</strong></span> <span class='ocrx_word' id='word_1_536' title='bbox 1442 3083 1524 3143; x_wconf 90' lang='lat' dir='ltr'><strong>istud</strong></span> <span class='ocrx_word' id='word_1_537' title='bbox 1556 3083 1714 3161; x_wconf 86' lang='lat' dir='ltr'><strong>exponit:</strong></span> 
     </span>
     <span class='ocr_line' id='line_1_79' title="bbox 948 3175 1718 3256; baseline -0.006 -18"><span class='ocrx_word' id='word_1_538' title='bbox 948 3178 1128 3252; x_wconf 85' lang='lat' dir='ltr'><strong>«Quoniam</strong></span> <span class='ocrx_word' id='word_1_539' title='bbox 1146 3178 1241 3256; x_wconf 86' lang='lat' dir='ltr'><strong>igitur</strong></span> <span class='ocrx_word' id='word_1_540' title='bbox 1259 3177 1342 3236; x_wconf 89' lang='lat' dir='ltr'><strong>ultra</strong></span> <span class='ocrx_word' id='word_1_541' title='bbox 1360 3175 1478 3235; x_wconf 90' lang='lat' dir='ltr'><strong>honum</strong></span> <span class='ocrx_word' id='word_1_542' title='bbox 1497 3192 1590 3234; x_wconf 90' lang='lat' dir='ltr'><strong>omne</strong></span> <span class='ocrx_word' id='word_1_543' title='bbox 1608 3180 1653 3234; x_wconf 90' lang='lat' dir='ltr'><strong>est</strong></span> <span class='ocrx_word' id='word_1_544' title='bbox 1673 3175 1718 3234; x_wconf 89' lang='lat' dir='ltr'><strong>di-</strong></span> 
     </span>
     <span class='ocr_line' id='line_1_80' title="bbox 944 3263 1718 3342; baseline -0.004 -15"><span class='ocrx_word' id='word_1_545' title='bbox 944 3269 1018 3327; x_wconf 84' lang='lat' dir='ltr'><strong>vina</strong></span> <span class='ocrx_word' id='word_1_546' title='bbox 1032 3272 1155 3341; x_wconf 80' lang='grc'>1111111,</span> <span class='ocrx_word' id='word_1_547' title='bbox 1175 3265 1295 3325; x_wconf 84' lang='lat' dir='ltr'><strong>honuni</strong></span> <span class='ocrx_word' id='word_1_548' title='bbox 1308 3271 1415 3324; x_wconf 89' lang='lat' dir='ltr'><strong>autem</strong></span> <span class='ocrx_word' id='word_1_549' title='bbox 1434 3263 1507 3323; x_wconf 89' lang='lat' dir='ltr'><strong>honi</strong></span> <span class='ocrx_word' id='word_1_550' title='bbox 1529 3281 1654 3342; x_wconf 87' lang='lat' dir='ltr'><strong>prorsus</strong></span> <span class='ocrx_word' id='word_1_551' title='bbox 1673 3269 1718 3324; x_wconf 85' lang='lat' dir='ltr'><strong>est</strong></span> 
     </span>
     <span class='ocr_line' id='line_1_81' title="bbox 945 3355 1717 3435; baseline -0.004 -16"><span class='ocrx_word' id='word_1_552' title='bbox 945 3359 1090 3433; x_wconf 90' lang='lat' dir='ltr'><strong>amicum,</strong></span> <span class='ocrx_word' id='word_1_553' title='bbox 1107 3358 1176 3418; x_wconf 89' lang='lat' dir='ltr'><strong>ideo</strong></span> <span class='ocrx_word' id='word_1_554' title='bbox 1190 3358 1298 3418; x_wconf 87' lang='lat' dir='ltr'><strong>videns</strong></span> <span class='ocrx_word' id='word_1_555' title='bbox 1311 3357 1345 3416; x_wconf 91' lang='lat' dir='ltr'><strong>in</strong></span> <span class='ocrx_word' id='word_1_556' title='bbox 1359 3356 1469 3435; x_wconf 89' lang='lat' dir='ltr'><strong>seipsa,</strong></span> <span class='ocrx_word' id='word_1_557' title='bbox 1482 3360 1512 3414; x_wconf 85' lang='lat' dir='ltr'><strong>ct</strong></span> <span class='ocrx_word' id='word_1_558' title='bbox 1526 3355 1610 3433; x_wconf 90' lang='lat' dir='ltr'><strong>quod</strong></span> <span class='ocrx_word' id='word_1_559' title='bbox 1621 3355 1717 3416; x_wconf 86' lang='lat' dir='ltr'><strong>habet</strong></span> 
     </span>
     <span class='ocr_line' id='line_1_82' title="bbox 944 3448 1717 3529; baseline -0.004 -18"><span class='ocrx_word' id='word_1_560' title='bbox 944 3452 1022 3525; x_wconf 92' lang='lat' dir='ltr'><strong>vult,</strong></span> <span class='ocrx_word' id='word_1_561' title='bbox 1036 3456 1067 3512; x_wconf 92' lang='lat' dir='ltr'><strong>et</strong></span> <span class='ocrx_word' id='word_1_562' title='bbox 1081 3450 1165 3529; x_wconf 92' lang='lat' dir='ltr'><strong>quod</strong></span> <span class='ocrx_word' id='word_1_563' title='bbox 1178 3449 1245 3509; x_wconf 89' lang='lat' dir='ltr'><strong>vult</strong></span> <span class='ocrx_word' id='word_1_564' title='bbox 1257 3448 1363 3523; x_wconf 87' lang='lat' dir='ltr'><strong>habet,</strong></span> <span class='ocrx_word' id='word_1_565' title='bbox 1379 3448 1457 3507; x_wconf 90' lang='lat' dir='ltr'><strong>nihil</strong></span> <span class='ocrx_word' id='word_1_566' title='bbox 1472 3453 1672 3507; x_wconf 87' lang='lat' dir='ltr'><strong>externorum</strong></span> <span class='ocrx_word' id='word_1_567' title='bbox 1684 3449 1717 3508; x_wconf 90' lang='lat' dir='ltr'><strong>in</strong></span> 
     </span>
     <span class='ocr_line' id='line_1_83' title="bbox 945 3540 1718 3623; baseline -0.005 -19"><span class='ocrx_word' id='word_1_568' title='bbox 945 3545 1078 3623; x_wconf 84' lang='lat' dir='ltr'><strong>seipsam</strong></span> <span class='ocrx_word' id='word_1_569' title='bbox 1108 3542 1269 3621; x_wconf 90' lang='lat' dir='ltr'><strong>recipiens.</strong></span> <span class='ocrx_word' id='word_1_570' title='bbox 1305 3540 1388 3601; x_wconf 92' lang='lat' dir='ltr'><strong>Nihil</strong></span> <span class='ocrx_word' id='word_1_571' title='bbox 1414 3545 1459 3600; x_wconf 91' lang='lat' dir='ltr'><strong>est</strong></span> <span class='ocrx_word' id='word_1_572' title='bbox 1493 3545 1598 3600; x_wconf 86' lang='lat' dir='ltr'><strong>antem</strong></span> <span class='ocrx_word' id='word_1_573' title='bbox 1632 3544 1718 3600; x_wconf 87' lang='lat' dir='ltr'><strong>extra</strong></span> 
     </span>
     <span class='ocr_line' id='line_1_84' title="bbox 944 3632 1718 3715; baseline -0.005 -20"><span class='ocrx_word' id='word_1_574' title='bbox 944 3635 1055 3715; x_wconf 87' lang='lat' dir='ltr'><strong>ipsam,</strong></span> <span class='ocrx_word' id='word_1_575' title='bbox 1083 3639 1195 3714; x_wconf 68' lang='lat' dir='ltr'><strong>praeter</strong></span> <span class='ocrx_word' id='word_1_576' title='bbox 1214 3633 1312 3693; x_wconf 89' lang='lat' dir='ltr'><strong>solnm</strong></span> <span class='ocrx_word' id='word_1_577' title='bbox 1334 3632 1543 3707; x_wconf 84' lang='lat' dir='ltr'><strong>vitiositatem,</strong></span> <span class='ocrx_word' id='word_1_578' title='bbox 1569 3649 1650 3710; x_wconf 73' lang='lat' dir='ltr'><strong>quae,</strong></span> <span class='ocrx_word' id='word_1_579' title='bbox 1670 3637 1718 3691; x_wconf 88' lang='lat' dir='ltr'><strong>ta-</strong></span> 
     </span>
     <span class='ocr_line' id='line_1_85' title="bbox 945 3724 1719 3803; baseline -0.006 -15"><span class='ocrx_word' id='word_1_580' title='bbox 945 3728 1035 3789; x_wconf 87' lang='lat' dir='ltr'><strong>metsi</strong></span> <span class='ocrx_word' id='word_1_581' title='bbox 1047 3727 1130 3787; x_wconf 89' lang='lat' dir='ltr'><strong>dictu</strong></span> <span class='ocrx_word' id='word_1_582' title='bbox 1151 3732 1196 3786; x_wconf 92' lang='lat' dir='ltr'><strong>est</strong></span> <span class='ocrx_word' id='word_1_583' title='bbox 1214 3725 1422 3803; x_wconf 88' lang='lat' dir='ltr'><strong>inopinatum,</strong></span> <span class='ocrx_word' id='word_1_584' title='bbox 1444 3724 1478 3784; x_wconf 92' lang='lat' dir='ltr'><strong>in</strong></span> <span class='ocrx_word' id='word_1_585' title='bbox 1491 3741 1540 3797; x_wconf 89' lang='lat' dir='ltr'><strong>eo,</strong></span> <span class='ocrx_word' id='word_1_586' title='bbox 1557 3724 1640 3801; x_wconf 90' lang='lat' dir='ltr'><strong>quod</strong></span> <span class='ocrx_word' id='word_1_587' title='bbox 1654 3742 1719 3783; x_wconf 91' lang='lat' dir='ltr'><strong>non</strong></span> 
     </span>
     <span class='ocr_line' id='line_1_86' title="bbox 946 3815 1720 3895; baseline -0.008 -14"><span class='ocrx_word' id='word_1_588' title='bbox 946 3826 1002 3895; x_wconf 88' lang='lat' dir='ltr'><strong>est,</strong></span> <span class='ocrx_word' id='word_1_589' title='bbox 1017 3819 1112 3879; x_wconf 87' lang='lat' dir='ltr'><strong>habet</strong></span> <span class='ocrx_word' id='word_1_590' title='bbox 1125 3823 1160 3877; x_wconf 91' lang='lat' dir='ltr'><strong>ut</strong></span> <span class='ocrx_word' id='word_1_591' title='bbox 1173 3818 1222 3876; x_wconf 89' lang='lat' dir='ltr'><strong>sit.</strong></span> <span class='ocrx_word' id='word_1_592' title='bbox 1239 3818 1306 3875; x_wconf 89' lang='lat' dir='ltr'><strong>Non</strong></span> <span class='ocrx_word' id='word_1_593' title='bbox 1321 3815 1475 3875; x_wconf 84' lang='lat' dir='ltr'><strong>animalia</strong></span> <span class='ocrx_word' id='word_1_594' title='bbox 1488 3820 1534 3874; x_wconf 87' lang='lat' dir='ltr'><strong>est</strong></span> <span class='ocrx_word' id='word_1_595' title='bbox 1546 3815 1720 3875; x_wconf 81' lang='lat' dir='ltr'><strong>vitiositatis</strong></span> 
     </span>
     <span class='ocr_line' id='line_1_87' title="bbox 946 3906 1719 3990; baseline -0.008 -18"><span class='ocrx_word' id='word_1_596' title='bbox 946 3913 1044 3990; x_wconf 88' lang='lat' dir='ltr'><strong>origo,</strong></span> <span class='ocrx_word' id='word_1_597' title='bbox 1069 3927 1163 3989; x_wconf 85' lang='lat' dir='ltr'><strong>quarn</strong></span> <span class='ocrx_word' id='word_1_598' title='bbox 1181 3908 1258 3985; x_wconf 78' lang='lat' dir='ltr'><strong>ejuS,</strong></span> <span class='ocrx_word' id='word_1_599' title='bbox 1284 3908 1368 3986; x_wconf 85' lang='lat' dir='ltr'><strong>quod</strong></span> <span class='ocrx_word' id='word_1_600' title='bbox 1387 3912 1443 3980; x_wconf 90' lang='lat' dir='ltr'><strong>est,</strong></span> <span class='ocrx_word' id='word_1_601' title='bbox 1464 3906 1606 3984; x_wconf 83' lang='lat' dir='ltr'><strong>privatio.</strong></span> <span class='ocrx_word' id='word_1_602' title='bbox 1624 3906 1719 3966; x_wconf 89' lang='lat' dir='ltr'><strong>Porro</strong></span> 
     </span>
     <span class='ocr_line' id='line_1_88' title="bbox 947 3997 1719 4083; baseline -0.006 -20"><span class='ocrx_word' id='word_1_603' title='bbox 947 4004 1030 4083; x_wconf 91' lang='lat' dir='ltr'><strong>quod</strong></span> <span class='ocrx_word' id='word_1_604' title='bbox 1050 4001 1173 4081; x_wconf 88' lang='lat' dir='ltr'><strong>proprie</strong></span> <span class='ocrx_word' id='word_1_605' title='bbox 1192 4004 1248 4073; x_wconf 88' lang='lat' dir='ltr'><strong>cst,</strong></span> <span class='ocrx_word' id='word_1_606' title='bbox 1271 3999 1303 4058; x_wconf 91' lang='lat' dir='ltr'><strong>id</strong></span> <span class='ocrx_word' id='word_1_607' title='bbox 1325 4003 1370 4057; x_wconf 91' lang='lat' dir='ltr'><strong>est</strong></span> <span class='ocrx_word' id='word_1_608' title='bbox 1390 3997 1465 4057; x_wconf 90' lang='lat' dir='ltr'><strong>boni</strong></span> <span class='ocrx_word' id='word_1_609' title='bbox 1486 4002 1609 4056; x_wconf 86' lang='lat' dir='ltr'><strong>natura.</strong></span> <span class='ocrx_word' id='word_1_610' title='bbox 1631 3998 1719 4069; x_wconf 80' lang='lat' dir='ltr'><strong>Quod</strong></span> 
     </span>
     <span class='ocr_line' id='line_1_89' title="bbox 947 4087 1717 4173; baseline -0.008 -19"><span class='ocrx_word' id='word_1_611' title='bbox 947 4095 1040 4173; x_wconf 87' lang='lat' dir='ltr'><strong>igitur</strong></span> <span class='ocrx_word' id='word_1_612' title='bbox 1051 4092 1085 4151; x_wconf 93' lang='lat' dir='ltr'><strong>in</strong></span> <span class='ocrx_word' id='word_1_613' title='bbox 1099 4100 1169 4152; x_wconf 89' lang='lat' dir='ltr'><strong>ente</strong></span> <span class='ocrx_word' id='word_1_614' title='bbox 1184 4108 1249 4150; x_wconf 91' lang='lat' dir='ltr'><strong>non</strong></span> <span class='ocrx_word' id='word_1_615' title='bbox 1263 4094 1319 4165; x_wconf 90' lang='lat' dir='ltr'><strong>est,</strong></span> <span class='ocrx_word' id='word_1_616' title='bbox 1334 4090 1366 4149; x_wconf 90' lang='lat' dir='ltr'><strong>id</strong></span> <span class='ocrx_word' id='word_1_617' title='bbox 1376 4089 1409 4149; x_wconf 93' lang='lat' dir='ltr'><strong>in</strong></span> <span class='ocrx_word' id='word_1_618' title='bbox 1424 4107 1472 4163; x_wconf 91' lang='lat' dir='ltr'><strong>eo,</strong></span> <span class='ocrx_word' id='word_1_619' title='bbox 1486 4087 1570 4166; x_wconf 85' lang='lat' dir='ltr'><strong>quod</strong></span> <span class='ocrx_word' id='word_1_620' title='bbox 1584 4106 1647 4147; x_wconf 90' lang='lat' dir='ltr'><strong>non</strong></span> <span class='ocrx_word' id='word_1_621' title='bbox 1661 4094 1717 4165; x_wconf 89' lang='grc'>111,</span> 
     </span>
     <span class='ocr_line' id='line_1_90' title="bbox 947 4182 1193 4267; baseline -0.033 -20"><span class='ocrx_word' id='word_1_622' title='bbox 947 4203 1073 4267; x_wconf 88' lang='lat' dir='ltr'><strong>prorsus</strong></span> <span class='ocrx_word' id='word_1_623' title='bbox 1091 4182 1165 4244; x_wconf 75' lang='lat' dir='ltr'><strong>esti.</strong></span> <span class='ocrx_word' id='word_1_624' title='bbox 1178 4205 1193 4240; x_wconf 80' lang='lat' dir='ltr'><strong>n</strong></span> 
     </span>
    </p>

    <p class='ocr_par' dir='ltr' id='par_1_13' title="bbox 950 4271 1721 4446">
     <span class='ocr_line' id='line_1_91' title="bbox 989 4271 1721 4353; baseline -0.01 -14"><span class='ocrx_word' id='word_1_625' title='bbox 989 4279 1037 4339; x_wconf 87' lang='lat' dir='ltr'><strong>Sic</strong></span> <span class='ocrx_word' id='word_1_626' title='bbox 1053 4277 1087 4337; x_wconf 93' lang='lat' dir='ltr'><strong>in</strong></span> <span class='ocrx_word' id='word_1_627' title='bbox 1104 4274 1231 4336; x_wconf 88' lang='lat' dir='ltr'><strong>homilia</strong></span> <span class='ocrx_word' id='word_1_628' title='bbox 1249 4273 1379 4353; x_wconf 86' lang='lat' dir='ltr'><strong>septima</strong></span> <span class='ocrx_word' id='word_1_629' title='bbox 1400 4272 1434 4333; x_wconf 89' lang='lat' dir='ltr'><strong>in</strong></span> <span class='ocrx_word' id='word_1_630' title='bbox 1451 4271 1483 4333; x_wconf 84' lang='lat' dir='ltr'><em>E</em></span> <span class='ocrx_word' id='word_1_631' title='bbox 1483 4271 1657 4347; x_wconf 83' lang='lat' dir='ltr'><strong>cclesiosten,</strong></span> <span class='ocrx_word' id='word_1_632' title='bbox 1681 4273 1721 4332; x_wconf 88' lang='lat' dir='ltr'><strong>ad</strong></span> 
     </span>
     <span class='ocr_line' id='line_1_92' title="bbox 950 4365 1721 4446; baseline -0.009 -14"><span class='ocrx_word' id='word_1_633' title='bbox 950 4370 1092 4432; x_wconf 89' lang='lat' dir='ltr'><strong>eamdem</strong></span> <span class='ocrx_word' id='word_1_634' title='bbox 1112 4367 1299 4428; x_wconf 87' lang='lat' dir='ltr'><strong>sententiam</strong></span> <span class='ocrx_word' id='word_1_635' title='bbox 1320 4367 1411 4446; x_wconf 86' lang='lat' dir='ltr'><strong>plura</strong></span> <span class='ocrx_word' id='word_1_636' title='bbox 1431 4365 1576 4444; x_wconf 90' lang='lat' dir='ltr'><strong>disputat,</strong></span> <span class='ocrx_word' id='word_1_637' title='bbox 1592 4384 1662 4444; x_wconf 83' lang='lat' dir='ltr'><strong>quae</strong></span> <span class='ocrx_word' id='word_1_638' title='bbox 1681 4365 1721 4425; x_wconf 90' lang='lat' dir='ltr'><strong>ad</strong></span> 
     </span>
    </p>
   </div>
   <div class='ocr_carea' id='block_1_11' title="bbox 948 4606 1721 5018">
    <p class='ocr_par' dir='ltr' id='par_1_14' title="bbox 948 4606 1721 5018">
     <span class='ocr_line' id='line_1_93' title="bbox 985 4606 1721 4687; baseline -0.007 -13"><span class='ocrx_word' id='word_1_639' title='bbox 985 4619 1002 4674; x_wconf 80' lang='lat' dir='ltr'><strong>b</strong></span> <span class='ocrx_word' id='word_1_640' title='bbox 1021 4618 1144 4674; x_wconf 76' lang='grc'>1111101.</span> <span class='ocrx_word' id='word_1_641' title='bbox 1165 4614 1245 4673; x_wconf 74' lang='lat' dir='ltr'><strong>Niss.</strong></span> <span class='ocrx_word' id='word_1_642' title='bbox 1271 4610 1339 4669; x_wconf 76' lang='lat' dir='ltr'><strong>’Exci</strong></span> <span class='ocrx_word' id='word_1_643' title='bbox 1353 4612 1379 4667; x_wconf 76' lang='grc' dir='ltr'><strong>δὲ</strong></span> <span class='ocrx_word' id='word_1_644' title='bbox 1397 4606 1438 4666; x_wconf 68' lang='grc' dir='ltr'>οὖν</span> <span class='ocrx_word' id='word_1_645' title='bbox 1456 4612 1547 4675; x_wconf 72' lang='grc' dir='ltr'>παντὸς</span> <span class='ocrx_word' id='word_1_646' title='bbox 1562 4612 1652 4687; x_wconf 71' lang='grc' dir='ltr'>ἀγαθοῦ</span> <span class='ocrx_word' id='word_1_647' title='bbox 1667 4612 1721 4669; x_wconf 74' lang='grc' dir='ltr'><strong>ἔτιέ-</strong></span> 
     </span>
     <span class='ocr_line' id='line_1_94' title="bbox 949 4694 1718 4771; baseline -0.009 -15"><span class='ocrx_word' id='word_1_648' title='bbox 949 4721 1017 4756; x_wconf 88' lang='grc' dir='ltr'>κεινα</span> <span class='ocrx_word' id='word_1_649' title='bbox 1029 4701 1045 4769; x_wconf 77' lang='grc' dir='ltr'>ἡ</span> <span class='ocrx_word' id='word_1_650' title='bbox 1055 4701 1105 4754; x_wconf 77' lang='grc' dir='ltr'>θεία</span> <span class='ocrx_word' id='word_1_651' title='bbox 1117 4699 1194 4771; x_wconf 77' lang='grc' dir='ltr'><strong>φύσις,</strong></span> <span class='ocrx_word' id='word_1_652' title='bbox 1210 4697 1279 4752; x_wconf 78' lang='grc' dir='ltr'>τὸδὲ</span> <span class='ocrx_word' id='word_1_653' title='bbox 1298 4696 1387 4770; x_wconf 69' lang='grc' dir='ltr'>ἀγαθὸν</span> <span class='ocrx_word' id='word_1_654' title='bbox 1404 4694 1495 4769; x_wconf 77' lang='grc' dir='ltr'>ἀγαθοῦ</span> <span class='ocrx_word' id='word_1_655' title='bbox 1518 4697 1587 4768; x_wconf 88' lang='grc' dir='ltr'>φίλον</span> <span class='ocrx_word' id='word_1_656' title='bbox 1607 4698 1718 4763; x_wconf 77' lang='grc' dir='ltr'>πάντως,</span> 
     </span>
     <span class='ocr_line' id='line_1_95' title="bbox 948 4778 1721 4853; baseline -0.004 -15"><span class='ocrx_word' id='word_1_657' title='bbox 948 4786 989 4837; x_wconf 79' lang='grc' dir='ltr'><strong>διὰ</strong></span> <span class='ocrx_word' id='word_1_658' title='bbox 1009 4790 1082 4838; x_wconf 75' lang='grc' dir='ltr'>τοῦτο</span> <span class='ocrx_word' id='word_1_659' title='bbox 1104 4781 1127 4835; x_wconf 82' lang='grc' dir='ltr'>ἔν</span> <span class='ocrx_word' id='word_1_660' title='bbox 1151 4782 1225 4853; x_wconf 64' lang='lat' dir='ltr'><strong>taoni</strong></span> <span class='ocrx_word' id='word_1_661' title='bbox 1246 4782 1380 4852; x_wconf 82' lang='grc' dir='ltr'>βλέπουσα,</span> <span class='ocrx_word' id='word_1_662' title='bbox 1400 4778 1440 4832; x_wconf 71' lang='grc' dir='ltr'>καὶ</span> <span class='ocrx_word' id='word_1_663' title='bbox 1458 4780 1473 4832; x_wconf 86' lang='grc' dir='ltr'>θ</span> <span class='ocrx_word' id='word_1_664' title='bbox 1493 4778 1544 4853; x_wconf 77' lang='grc' dir='ltr'>ἔχει</span> <span class='ocrx_word' id='word_1_665' title='bbox 1559 4780 1631 4841; x_wconf 80' lang='grc' dir='ltr'>θέλει,</span> <span class='ocrx_word' id='word_1_666' title='bbox 1652 4781 1721 4836; x_wconf 65' lang='lat' dir='ltr'><strong>auli</strong></span> 
     </span>
     <span class='ocr_line' id='line_1_96' title="bbox 948 4859 1720 4940; baseline -0.01 -20"><span class='ocrx_word' id='word_1_667' title='bbox 948 4868 1011 4920; x_wconf 81' lang='grc' dir='ltr'>θέλει</span> <span class='ocrx_word' id='word_1_668' title='bbox 1034 4866 1096 4940; x_wconf 77' lang='grc' dir='ltr'>ἔχει,</span> <span class='ocrx_word' id='word_1_669' title='bbox 1122 4863 1191 4917; x_wconf 71' lang='grc' dir='ltr'>οὐδὲν</span> <span class='ocrx_word' id='word_1_670' title='bbox 1206 4870 1255 4916; x_wconf 82' lang='grc' dir='ltr'>τῶν</span> <span class='ocrx_word' id='word_1_671' title='bbox 1267 4861 1351 4924; x_wconf 77' lang='grc' dir='ltr'>ἔξωθεν</span> <span class='ocrx_word' id='word_1_672' title='bbox 1368 4861 1401 4922; x_wconf 81' lang='grc' dir='ltr'><strong>εἰς</strong></span> <span class='ocrx_word' id='word_1_673' title='bbox 1416 4859 1503 4927; x_wconf 79' lang='grc' dir='ltr'>ἑαυτὴν</span> <span class='ocrx_word' id='word_1_674' title='bbox 1525 4861 1656 4934; x_wconf 75' lang='grc' dir='ltr'>δεχομένη,</span> <span class='ocrx_word' id='word_1_675' title='bbox 1674 4860 1720 4922; x_wconf 79' lang='grc' dir='ltr'><strong>ἔξω</strong></span> 
     </span>
     <span class='ocr_line' id='line_1_97' title="bbox 948 4940 1720 5018; baseline -0.008 -16"><span class='ocrx_word' id='word_1_676' title='bbox 948 4948 974 5002; x_wconf 75' lang='grc' dir='ltr'><strong>δὲ</strong></span> <span class='ocrx_word' id='word_1_677' title='bbox 989 4948 1063 5015; x_wconf 79' lang='grc' dir='ltr'>αὐτῆς</span> <span class='ocrx_word' id='word_1_678' title='bbox 1077 4945 1157 5009; x_wconf 69' lang='lat' dir='ltr'><strong>oridia,</strong></span> <span class='ocrx_word' id='word_1_679' title='bbox 1172 4948 1209 5000; x_wconf 74' lang='grc' dir='ltr'><strong>ὅτι</strong></span> <span class='ocrx_word' id='word_1_680' title='bbox 1225 4943 1257 5018; x_wconf 78' lang='grc' dir='ltr'><strong>μὴ</strong></span> <span class='ocrx_word' id='word_1_681' title='bbox 1272 4945 1288 5011; x_wconf 72' lang='grc' dir='ltr'>ἦ</span> <span class='ocrx_word' id='word_1_682' title='bbox 1302 4945 1373 4998; x_wconf 90' lang='grc' dir='ltr'>κακία</span> <span class='ocrx_word' id='word_1_683' title='bbox 1386 4946 1459 5017; x_wconf 77' lang='grc' dir='ltr'>μόνη·</span> <span class='ocrx_word' id='word_1_684' title='bbox 1483 4943 1545 5010; x_wconf 80' lang='grc' dir='ltr'>ἥτις,</span> <span class='ocrx_word' id='word_1_685' title='bbox 1559 4940 1631 4995; x_wconf 78' lang='grc' dir='ltr'>εἶκαὶ</span> <span class='ocrx_word' id='word_1_686' title='bbox 1643 4945 1720 5016; x_wconf 80' lang='grc' dir='ltr'>παρά-</span> 
     </span>
    </p>
   </div>
   <div class='ocr_carea' id='block_1_12' title="bbox 122 5022 1720 5350">
    <p class='ocr_par' dir='ltr' id='par_1_15' title="bbox 122 5022 1720 5350">
     <span class='ocr_line' id='line_1_98' title="bbox 123 5022 1719 5104; baseline -0.002 -22"><span class='ocrx_word' id='word_1_687' title='bbox 123 5030 207 5083; x_wconf 79' lang='grc' dir='ltr'>ὅντων</span> <span class='ocrx_word' id='word_1_688' title='bbox 222 5030 315 5102; x_wconf 65' lang='grc' dir='ltr'>κύριος,</span> <span class='ocrx_word' id='word_1_689' title='bbox 335 5028 358 5083; x_wconf 82' lang='grc' dir='ltr'><strong>εἴ</strong></span> <span class='ocrx_word' id='word_1_690' title='bbox 373 5051 401 5104; x_wconf 75' lang='grc' dir='ltr'><strong>γε</strong></span> <span class='ocrx_word' id='word_1_691' title='bbox 421 5032 474 5085; x_wconf 81' lang='grc' dir='ltr'>κατ’</span> <span class='ocrx_word' id='word_1_692' title='bbox 489 5029 574 5091; x_wconf 66' lang='grc' dir='ltr'>αὖτοὺς</span> <span class='ocrx_word' id='word_1_693' title='bbox 588 5028 833 5097; x_wconf 57' lang='lat' dir='ltr'><strong>imitatuturum</strong></span> <span class='ocrx_word' id='word_1_694' title='bbox 847 5029 898 5104; x_wconf 74' lang='grc' dir='ltr'>ἔχει</span> <span class='ocrx_word' id='word_1_695' title='bbox 948 5030 1018 5093; x_wconf 78' lang='grc' dir='ltr'>δοξον</span> <span class='ocrx_word' id='word_1_696' title='bbox 1034 5030 1120 5092; x_wconf 76' lang='grc' dir='ltr'>εἰπεῖν,</span> <span class='ocrx_word' id='word_1_697' title='bbox 1137 5027 1160 5080; x_wconf 79' lang='grc' dir='ltr'>ἐν</span> <span class='ocrx_word' id='word_1_698' title='bbox 1177 5035 1213 5101; x_wconf 84' lang='grc' dir='ltr'><strong>τῷ</strong></span> <span class='ocrx_word' id='word_1_699' title='bbox 1229 5027 1262 5100; x_wconf 75' lang='grc' dir='ltr'><strong>μὴ</strong></span> <span class='ocrx_word' id='word_1_700' title='bbox 1278 5022 1339 5081; x_wconf 75' lang='grc' dir='ltr'>εἶναι</span> <span class='ocrx_word' id='word_1_701' title='bbox 1355 5026 1416 5101; x_wconf 80' lang='grc' dir='ltr'>ἔχει.</span> <span class='ocrx_word' id='word_1_702' title='bbox 1435 5026 1463 5079; x_wconf 80' lang='grc' dir='ltr'><strong>οὗ</strong></span> <span class='ocrx_word' id='word_1_703' title='bbox 1477 5026 1525 5099; x_wconf 71' lang='grc' dir='ltr'><strong>γὰρ</strong></span> <span class='ocrx_word' id='word_1_704' title='bbox 1539 5026 1602 5093; x_wconf 82' lang='grc' dir='ltr'>ἄλλη</span> <span class='ocrx_word' id='word_1_705' title='bbox 1617 5027 1654 5088; x_wconf 88' lang='grc' dir='ltr'><strong>τίς</strong></span> <span class='ocrx_word' id='word_1_706' title='bbox 1669 5024 1719 5081; x_wconf 76' lang='grc' dir='ltr'><strong>ἔστι</strong></span> 
     </span>
     <span class='ocr_line' id='line_1_99' title="bbox 122 5107 1720 5183; baseline -0.002 -17"><span class='ocrx_word' id='word_1_707' title='bbox 122 5111 183 5166; x_wconf 80' lang='grc' dir='ltr'>καθ’</span> <span class='ocrx_word' id='word_1_708' title='bbox 197 5111 294 5181; x_wconf 70' lang='grc' dir='ltr'>ἑαυτὴν,</span> <span class='ocrx_word' id='word_1_709' title='bbox 309 5113 349 5167; x_wconf 78' lang='grc' dir='ltr'>καὶ</span> <span class='ocrx_word' id='word_1_710' title='bbox 363 5113 458 5168; x_wconf 71' lang='grc' dir='ltr'><strong>οὖσίαψ</strong></span> <span class='ocrx_word' id='word_1_711' title='bbox 474 5114 490 5180; x_wconf 80' lang='grc' dir='ltr'><strong>ἢ</strong></span> <span class='ocrx_word' id='word_1_712' title='bbox 505 5113 576 5167; x_wconf 81' lang='grc' dir='ltr'>πάλιν</span> <span class='ocrx_word' id='word_1_713' title='bbox 589 5114 698 5175; x_wconf 80' lang='grc' dir='ltr'>θέλοντες</span> <span class='ocrx_word' id='word_1_714' title='bbox 710 5111 782 5166; x_wconf 72' lang='grc' dir='ltr'>οώτὸν</span> <span class='ocrx_word' id='word_1_715' title='bbox 797 5113 900 5181; x_wconf 72' lang='grc' dir='ltr'>ποιητὴν</span> <span class='ocrx_word' id='word_1_716' title='bbox 947 5114 987 5166; x_wconf 76' lang='grc' dir='ltr'>καὶ</span> <span class='ocrx_word' id='word_1_717' title='bbox 1000 5113 1083 5173; x_wconf 80' lang='grc' dir='ltr'>κακίας</span> <span class='ocrx_word' id='word_1_718' title='bbox 1090 5112 1191 5183; x_wconf 76' lang='grc' dir='ltr'><strong>γένεσις,</strong></span> <span class='ocrx_word' id='word_1_719' title='bbox 1203 5110 1224 5163; x_wconf 78' lang='lat' dir='ltr'><strong>ai</strong></span> <span class='ocrx_word' id='word_1_720' title='bbox 1234 5109 1266 5182; x_wconf 80' lang='grc' dir='ltr'><strong>μὴ</strong></span> <span class='ocrx_word' id='word_1_721' title='bbox 1276 5115 1319 5164; x_wconf 80' lang='grc' dir='ltr'><strong>τοῦ</strong></span> <span class='ocrx_word' id='word_1_722' title='bbox 1335 5111 1406 5171; x_wconf 84' lang='grc' dir='ltr'>ὄντος</span> <span class='ocrx_word' id='word_1_723' title='bbox 1420 5111 1541 5181; x_wconf 76' lang='grc' dir='ltr'><strong>στέρησις,</strong></span> <span class='ocrx_word' id='word_1_724' title='bbox 1552 5109 1581 5161; x_wconf 78' lang='lat' dir='ltr'><strong>rh</strong></span> <span class='ocrx_word' id='word_1_725' title='bbox 1595 5107 1621 5162; x_wconf 74' lang='lat' dir='ltr'><strong>bl</strong></span> <span class='ocrx_word' id='word_1_726' title='bbox 1633 5110 1720 5181; x_wconf 77' lang='grc' dir='ltr'>κυρίως</span> 
     </span>
     <span class='ocr_line' id='line_1_100' title="bbox 125 5188 1718 5267; baseline -0.002 -19"><span class='ocrx_word' id='word_1_727' title='bbox 125 5190 193 5248; x_wconf 73' lang='grc' dir='ltr'>εἶναι</span> <span class='ocrx_word' id='word_1_728' title='bbox 207 5203 257 5249; x_wconf 84' lang='grc' dir='ltr'>τῶν</span> <span class='ocrx_word' id='word_1_729' title='bbox 268 5195 344 5260; x_wconf 77' lang='grc' dir='ltr'>ὅλων,</span> <span class='ocrx_word' id='word_1_730' title='bbox 354 5195 378 5259; x_wconf 76' lang='grc' dir='ltr'><strong>ἐξ</strong></span> <span class='ocrx_word' id='word_1_731' title='bbox 387 5196 492 5267; x_wconf 71' lang='grc' dir='ltr'>ἀνάγκης</span> <span class='ocrx_word' id='word_1_732' title='bbox 506 5195 546 5248; x_wconf 82' lang='grc' dir='ltr'>καὶ</span> <span class='ocrx_word' id='word_1_733' title='bbox 558 5200 600 5250; x_wconf 74' lang='grc' dir='ltr'><strong>τοῦ</strong></span> <span class='ocrx_word' id='word_1_734' title='bbox 608 5200 683 5249; x_wconf 86' lang='grc' dir='ltr'>κακοῦ</span> <span class='ocrx_word' id='word_1_735' title='bbox 694 5196 813 5249; x_wconf 79' lang='grc' dir='ltr'>δώσουσιν</span> <span class='ocrx_word' id='word_1_736' title='bbox 825 5190 898 5248; x_wconf 82' lang='grc' dir='ltr'>εἶναι.</span> <span class='ocrx_word' id='word_1_737' title='bbox 947 5197 985 5259; x_wconf 88' lang='grc' dir='ltr'><strong>θν,</strong></span> <span class='ocrx_word' id='word_1_738' title='bbox 1001 5195 1016 5263; x_wconf 71' lang='grc' dir='ltr'><strong>ἡ</strong></span> <span class='ocrx_word' id='word_1_739' title='bbox 1031 5200 1073 5248; x_wconf 83' lang='grc' dir='ltr'><strong>τοῦ</strong></span> <span class='ocrx_word' id='word_1_740' title='bbox 1088 5194 1178 5265; x_wconf 75' lang='grc' dir='ltr'>ἀγαθοῦ</span> <span class='ocrx_word' id='word_1_741' title='bbox 1189 5195 1256 5264; x_wconf 67' lang='lat' dir='ltr'><strong>pior&lt;</strong></span> <span class='ocrx_word' id='word_1_742' title='bbox 1269 5191 1343 5247; x_wconf 75' lang='grc' dir='ltr'>ἐστίν.</span> <span class='ocrx_word' id='word_1_743' title='bbox 1359 5195 1374 5247; x_wconf 77' lang='grc' dir='ltr'><strong><em>ὃ</em></strong></span> <span class='ocrx_word' id='word_1_744' title='bbox 1389 5188 1429 5245; x_wconf 64' lang='grc' dir='ltr'>οὖν</span> <span class='ocrx_word' id='word_1_745' title='bbox 1441 5189 1464 5244; x_wconf 78' lang='grc' dir='ltr'>ἓν</span> <span class='ocrx_word' id='word_1_746' title='bbox 1477 5198 1513 5263; x_wconf 81' lang='grc' dir='ltr'><strong>τῷ</strong></span> <span class='ocrx_word' id='word_1_747' title='bbox 1523 5192 1575 5244; x_wconf 79' lang='grc' dir='ltr'>ὄντι</span> <span class='ocrx_word' id='word_1_748' title='bbox 1586 5190 1630 5244; x_wconf 73' lang='grc' dir='ltr'>οὔκ</span> <span class='ocrx_word' id='word_1_749' title='bbox 1642 5192 1718 5256; x_wconf 81' lang='grc' dir='ltr'>ἔστιν,</span> 
     </span>
     <span class='ocr_line' id='line_1_101' title="bbox 125 5271 1335 5350; baseline -0.005 -20"><span class='ocrx_word' id='word_1_750' title='bbox 125 5276 153 5330; x_wconf 78' lang='grc' dir='ltr'>ἔν</span> <span class='ocrx_word' id='word_1_751' title='bbox 170 5276 216 5350; x_wconf 76' lang='grc' dir='ltr'><strong>γάρ</strong></span> <span class='ocrx_word' id='word_1_752' title='bbox 227 5280 279 5339; x_wconf 80' lang='grc' dir='ltr'>τοῖς</span> <span class='ocrx_word' id='word_1_753' title='bbox 293 5272 346 5332; x_wconf 67' lang='grc' dir='ltr'><strong>οὖσι</strong></span> <span class='ocrx_word' id='word_1_754' title='bbox 360 5279 401 5331; x_wconf 78' lang='grc' dir='ltr'>καὶ</span> <span class='ocrx_word' id='word_1_755' title='bbox 411 5278 440 5332; x_wconf 88' lang='grc' dir='ltr'><strong>τθ</strong></span> <span class='ocrx_word' id='word_1_756' title='bbox 449 5279 523 5331; x_wconf 83' lang='grc' dir='ltr'>κακδν</span> <span class='ocrx_word' id='word_1_757' title='bbox 538 5278 592 5331; x_wconf 82' lang='grc' dir='ltr'>κατ’</span> <span class='ocrx_word' id='word_1_758' title='bbox 608 5276 694 5339; x_wconf 71' lang='grc' dir='ltr'>αὺτούς</span> <span class='ocrx_word' id='word_1_759' title='bbox 709 5276 769 5341; x_wconf 81' lang='grc' dir='ltr'>ἔστι,</span> <span class='ocrx_word' id='word_1_760' title='bbox 786 5281 859 5330; x_wconf 82' lang='grc' dir='ltr'>τοῦτο</span> <span class='ocrx_word' id='word_1_761' title='bbox 873 5276 899 5331; x_wconf 80' lang='grc' dir='ltr'><strong>δὲ</strong></span> <span class='ocrx_word' id='word_1_762' title='bbox 948 5276 971 5331; x_wconf 79' lang='grc' dir='ltr'>ἔν</span> <span class='ocrx_word' id='word_1_763' title='bbox 985 5284 1021 5350; x_wconf 74' lang='grc' dir='ltr'><strong>τῷ</strong></span> <span class='ocrx_word' id='word_1_764' title='bbox 1033 5277 1066 5350; x_wconf 74' lang='grc' dir='ltr'><strong>μὴ</strong></span> <span class='ocrx_word' id='word_1_765' title='bbox 1080 5271 1142 5330; x_wconf 83' lang='grc' dir='ltr'>εἶναι</span> <span class='ocrx_word' id='word_1_766' title='bbox 1151 5278 1248 5336; x_wconf 82' lang='grc' dir='ltr'>πάντως</span> <span class='ocrx_word' id='word_1_767' title='bbox 1262 5272 1335 5328; x_wconf 71' lang='grc' dir='ltr'>ἐστίν.</span> 
     </span>
    </p>
   </div>
   <div class='ocr_carea' id='block_1_13' title="bbox 126 5359 896 5432">
    <p class='ocr_par' dir='ltr' id='par_1_16' title="bbox 126 5359 896 5432">
     <span class='ocr_line' id='line_1_102' title="bbox 126 5359 896 5432; baseline 0 -19"><span class='ocrx_word' id='word_1_768' title='bbox 126 5362 222 5414; x_wconf 73' lang='grc' dir='ltr'>ἄτοπον</span> <span class='ocrx_word' id='word_1_769' title='bbox 249 5361 289 5414; x_wconf 80' lang='grc' dir='ltr'>καὶ</span> <span class='ocrx_word' id='word_1_770' title='bbox 305 5360 422 5416; x_wconf 71' lang='grc' dir='ltr'>ἀδύνατον</span> <span class='ocrx_word' id='word_1_771' title='bbox 444 5363 472 5414; x_wconf 69' lang='grc' dir='ltr'>ἂν</span> <span class='ocrx_word' id='word_1_772' title='bbox 487 5361 583 5432; x_wconf 80' lang='grc' dir='ltr'>φανείη.</span> <span class='ocrx_word' id='word_1_773' title='bbox 606 5360 674 5417; x_wconf 78' lang='lat' dir='ltr'><strong>Vide</strong></span> <span class='ocrx_word' id='word_1_774' title='bbox 689 5360 769 5431; x_wconf 81' lang='lat' dir='ltr'><strong>plura</strong></span> <span class='ocrx_word' id='word_1_775' title='bbox 782 5359 896 5416; x_wconf 84' lang='lat' dir='ltr'><strong>ibidem.</strong></span> 
     </span>
    </p>
   </div>
   <div class='ocr_carea' id='block_1_14' title="bbox 157 5503 425 5561">
    <p class='ocr_par' dir='ltr' id='par_1_17' title="bbox 157 5503 425 5561">
     <span class='ocr_line' id='line_1_103' title="bbox 157 5503 425 5561; baseline 0.004 -13"><span class='ocrx_word' id='word_1_776' title='bbox 157 5505 170 5548; x_wconf 85' lang='lat'>¹</span> <span class='ocrx_word' id='word_1_777' title='bbox 185 5503 347 5560; x_wconf 77' lang='lat' dir='ltr'><strong>Orig.&#39;lom.1l</strong></span> <span class='ocrx_word' id='word_1_778' title='bbox 360 5506 425 5561; x_wconf 75' lang='grc'>0111.</span> 
     </span>
    </p>
   </div>
   <div class='ocr_carea' id='block_1_15' title="bbox 0 0 2044 6196">
    <p class='ocr_par' dir='ltr' id='par_1_18' title="bbox 0 0 2044 6196">
     <span class='ocr_line' id='line_1_104' title="bbox 0 0 2044 6196; baseline 0 0"><span class='ocrx_word' id='word_1_779' title='bbox 0 0 2044 6196; x_wconf 95' lang='lat' dir='ltr'><strong> </strong></span> 
     </span>
    </p>
   </div>
  </div>
 </body>
</html>
