<?xml version="1.0" encoding="UTF-8"?>
<!DOCTYPE html PUBLIC "-//W3C//DTD XHTML 1.0 Transitional//EN"
    "http://www.w3.org/TR/xhtml1/DTD/xhtml1-transitional.dtd">
<html xmlns="http://www.w3.org/1999/xhtml" xml:lang="en" lang="en">
 <head>
  <title>
</title>
<meta http-equiv="Content-Type" content="text/html;charset=utf-8" />
  <meta name='ocr-system' content='tesseract 3.04.00' />
  <meta name='ocr-capabilities' content='ocr_page ocr_carea ocr_par ocr_line ocrx_word'/>
</head>
<body>
  <div class='ocr_page' id='page_1' title='image "./dogmatatheologi01goog_0573.png"; bbox 0 0 4030 6204; ppageno 0'>
   <div class='ocr_carea' id='block_1_1' title="bbox 0 4412 7 5936">
    <p class='ocr_par' dir='ltr' id='par_1_1' title="bbox 0 4412 7 5936">
     <span class='ocr_line' id='line_1_1' title="bbox 0 4412 7 5936; baseline 0 0"><span class='ocrx_word' id='word_1_1' title='bbox 0 4412 7 5936; x_wconf 95' lang='lat' dir='ltr'><strong> </strong></span> 
     </span>
    </p>
   </div>
   <div class='ocr_carea' id='block_1_2' title="bbox 334 357 1405 425">
    <p class='ocr_par' dir='ltr' id='par_1_2' title="bbox 334 357 1405 425">
     <span class='ocr_line' id='line_1_2' title="bbox 334 357 1405 425; baseline -0.002 0"><span class='ocrx_word' id='word_1_2' title='bbox 334 361 394 425; x_wconf 67' lang='lat' dir='ltr'><strong>lidi</strong></span> <span class='ocrx_word' id='word_1_3' title='bbox 840 361 1166 425; x_wconf 75' lang='lat' dir='ltr'><strong>fflmnccluonull</strong></span> <span class='ocrx_word' id='word_1_4' title='bbox 1186 357 1405 424; x_wconf 73' lang='lat' dir='ltr'><strong>menerual</strong></span> 
     </span>
    </p>
   </div>
   <div class='ocr_carea' id='block_1_3' title="bbox 334 511 2014 5125">
    <p class='ocr_par' dir='ltr' id='par_1_3' title="bbox 334 511 2014 5125">
     <span class='ocr_line' id='line_1_3' title="bbox 334 511 1928 606; baseline 0.006 -20"><span class='ocrx_word' id='word_1_5' title='bbox 334 521 827 604; x_wconf 67' lang='lat' dir='ltr'><strong>mrieuuvuaorobur,perlseta</strong></span> <span class='ocrx_word' id='word_1_6' title='bbox 837 525 998 606; x_wconf 87' lang='lat' dir='ltr'><strong>sapientia,</strong></span> <span class='ocrx_word' id='word_1_7' title='bbox 1012 532 1105 605; x_wconf 86' lang='lat' dir='ltr'><strong>atque</strong></span> <span class='ocrx_word' id='word_1_8' title='bbox 1154 526 1261 589; x_wconf 88' lang='lat' dir='ltr'><strong>multis</strong></span> <span class='ocrx_word' id='word_1_9' title='bbox 1291 521 1444 605; x_wconf 85' lang='lat' dir='ltr'><strong>imprimis</strong></span> <span class='ocrx_word' id='word_1_10' title='bbox 1471 522 1680 600; x_wconf 58' lang='lat' dir='ltr'><strong>mmmmm&gt;</strong></span> <span class='ocrx_word' id='word_1_11' title='bbox 1709 531 1747 579; x_wconf 60' lang='grc' dir='ltr'><strong>ὅθ</strong></span> <span class='ocrx_word' id='word_1_12' title='bbox 1780 511 1928 575; x_wconf 53' lang='lat' dir='ltr'><strong>lilim</strong></span> 
     </span>
     <span class='ocr_line' id='line_1_4' title="bbox 335 607 1926 699; baseline -0.008 -20"><span class='ocrx_word' id='word_1_13' title='bbox 335 616 444 691; x_wconf 76' lang='lat' dir='ltr'><strong>vimus,</strong></span> <span class='ocrx_word' id='word_1_14' title='bbox 460 619 633 699; x_wconf 82' lang='lat' dir='ltr'><strong>caeteraque</strong></span> <span class='ocrx_word' id='word_1_15' title='bbox 642 615 675 677; x_wconf 88' lang='lat' dir='ltr'><strong>id</strong></span> <span class='ocrx_word' id='word_1_16' title='bbox 685 622 861 695; x_wconf 77' lang='lat' dir='ltr'><strong>genestum</strong></span> <span class='ocrx_word' id='word_1_17' title='bbox 875 634 939 679; x_wconf 88' lang='lat' dir='ltr'><strong>esse</strong></span> <span class='ocrx_word' id='word_1_18' title='bbox 948 618 1104 696; x_wconf 74' lang='lat' dir='ltr'><strong>donnum,</strong></span> <span class='ocrx_word' id='word_1_19' title='bbox 1155 618 1250 681; x_wconf 80' lang='lat' dir='ltr'><strong>navis</strong></span> <span class='ocrx_word' id='word_1_20' title='bbox 1263 613 1442 679; x_wconf 86' lang='lat' dir='ltr'><strong>dedecorari</strong></span> <span class='ocrx_word' id='word_1_21' title='bbox 1458 628 1581 679; x_wconf 85' lang='lat' dir='ltr'><strong>necesse</strong></span> <span class='ocrx_word' id='word_1_22' title='bbox 1593 615 1640 677; x_wconf 87' lang='lat' dir='ltr'><strong>est</strong></span> <span class='ocrx_word' id='word_1_23' title='bbox 1649 607 1828 669; x_wconf 86' lang='lat' dir='ltr'><strong>humanum</strong></span> <span class='ocrx_word' id='word_1_24' title='bbox 1841 619 1926 667; x_wconf 84' lang='lat' dir='ltr'><strong>meu·</strong></span> 
     </span>
     <span class='ocr_line' id='line_1_5' title="bbox 336 693 1930 801; baseline -0.002 -32"><span class='ocrx_word' id='word_1_25' title='bbox 336 725 408 771; x_wconf 86' lang='lat' dir='ltr'><strong>cum</strong></span> <span class='ocrx_word' id='word_1_26' title='bbox 421 706 461 771; x_wconf 83' lang='lat' dir='ltr'><strong>ad</strong></span> <span class='ocrx_word' id='word_1_27' title='bbox 487 725 560 770; x_wconf 89' lang='lat' dir='ltr'><strong>eum</strong></span> <span class='ocrx_word' id='word_1_28' title='bbox 583 709 717 787; x_wconf 61' lang='lat' dir='ltr'><strong>madum</strong></span> <span class='ocrx_word' id='word_1_29' title='bbox 745 710 893 788; x_wconf 86' lang='lat' dir='ltr'><strong>perducta</strong></span> <span class='ocrx_word' id='word_1_30' title='bbox 912 716 996 787; x_wconf 88' lang='lat' dir='ltr'><strong>sunt,</strong></span> <span class='ocrx_word' id='word_1_31' title='bbox 1012 729 1106 790; x_wconf 88' lang='lat' dir='ltr'><strong>quem</strong></span> <span class='ocrx_word' id='word_1_32' title='bbox 1154 716 1230 773; x_wconf 90' lang='lat' dir='ltr'><strong>tem.</strong></span> <span class='ocrx_word' id='word_1_33' title='bbox 1245 708 1284 771; x_wconf 89' lang='lat' dir='ltr'><strong>Si</strong></span> <span class='ocrx_word' id='word_1_34' title='bbox 1291 708 1369 771; x_wconf 85' lang='lat' dir='ltr'><strong>enim</strong></span> <span class='ocrx_word' id='word_1_35' title='bbox 1380 705 1553 779; x_wconf 70' lang='lat' dir='ltr'><strong>discimus,</strong></span> <span class='ocrx_word' id='word_1_36' title='bbox 1565 700 1636 784; x_wconf 78' lang='lat' dir='ltr'><strong>quia</strong></span> <span class='ocrx_word' id='word_1_37' title='bbox 1641 693 1930 801; x_wconf 27' lang='lat' dir='ltr'><strong>percuttere-”wit</strong></span> 
     </span>
     <span class='ocr_line' id='line_1_6' title="bbox 336 785 1930 883; baseline -0.01 -20"><span class='ocrx_word' id='word_1_38' title='bbox 336 801 450 863; x_wconf 75' lang='lat' dir='ltr'><strong>usitata</strong></span> <span class='ocrx_word' id='word_1_39' title='bbox 477 804 508 863; x_wconf 89' lang='lat' dir='ltr'><strong>et</strong></span> <span class='ocrx_word' id='word_1_40' title='bbox 521 799 678 863; x_wconf 86' lang='lat' dir='ltr'><strong>ordinaria</strong></span> <span class='ocrx_word' id='word_1_41' title='bbox 691 801 944 863; x_wconf 76' lang='lat' dir='ltr'><strong>conditionatum</strong></span> <span class='ocrx_word' id='word_1_42' title='bbox 958 803 1104 882; x_wconf 88' lang='lat' dir='ltr'><strong>postulat,</strong></span> <span class='ocrx_word' id='word_1_43' title='bbox 1155 801 1262 878; x_wconf 76' lang='lat' dir='ltr'><strong>demus,</strong></span> <span class='ocrx_word' id='word_1_44' title='bbox 1283 800 1344 883; x_wconf 84' lang='lat' dir='ltr'><strong>ipsi</strong></span> <span class='ocrx_word' id='word_1_45' title='bbox 1363 818 1414 861; x_wconf 82' lang='lat' dir='ltr'><strong>aas</strong></span> <span class='ocrx_word' id='word_1_46' title='bbox 1427 796 1597 862; x_wconf 71' lang='lat' dir='ltr'><strong><em>seducimus,</em></strong></span> <span class='ocrx_word' id='word_1_47' title='bbox 1618 801 1645 853; x_wconf 85' lang='lat' dir='ltr'><strong>et</strong></span> <span class='ocrx_word' id='word_1_48' title='bbox 1663 798 1771 853; x_wconf 74' lang='lat' dir='ltr'><strong>uerutus</strong></span> <span class='ocrx_word' id='word_1_49' title='bbox 1794 808 1829 849; x_wconf 82' lang='lat' dir='ltr'><strong>m</strong></span> <span class='ocrx_word' id='word_1_50' title='bbox 1850 785 1930 847; x_wconf 79' lang='lat' dir='ltr'><strong>notu</strong></span> 
     </span>
     <span class='ocr_line' id='line_1_7' title="bbox 336 878 1929 988; baseline -0.003 -35"><span class='ocrx_word' id='word_1_51' title='bbox 336 893 461 971; x_wconf 88' lang='lat' dir='ltr'><strong>dequo</strong></span> <span class='ocrx_word' id='word_1_52' title='bbox 486 892 521 954; x_wconf 88' lang='lat' dir='ltr'><strong>in</strong></span> <span class='ocrx_word' id='word_1_53' title='bbox 545 892 710 973; x_wconf 87' lang='lat' dir='ltr'><strong>plerisque,</strong></span> <span class='ocrx_word' id='word_1_54' title='bbox 737 912 807 974; x_wconf 87' lang='lat' dir='ltr'><strong>quas</strong></span> <span class='ocrx_word' id='word_1_55' title='bbox 834 896 875 956; x_wconf 89' lang='lat' dir='ltr'><strong>ad</strong></span> <span class='ocrx_word' id='word_1_56' title='bbox 908 914 1001 955; x_wconf 93' lang='lat' dir='ltr'><strong>usum</strong></span> <span class='ocrx_word' id='word_1_57' title='bbox 1036 896 1107 957; x_wconf 78' lang='lat' dir='ltr'><strong>vitae</strong></span> <span class='ocrx_word' id='word_1_58' title='bbox 1155 892 1360 970; x_wconf 75' lang='lat' dir='ltr'><strong>noneu⁸,ait</strong></span> <span class='ocrx_word' id='word_1_59' title='bbox 1377 888 1684 970; x_wconf 78' lang='lat' dir='ltr'><strong>unuusperiectnrum.</strong></span> <span class='ocrx_word' id='word_1_60' title='bbox 1704 878 1929 988; x_wconf 68' lang='lat' dir='ltr'><strong>uExqussiatr</strong></span> 
     </span>
     <span class='ocr_line' id='line_1_8' title="bbox 336 979 1930 1066; baseline -0.006 -21"><span class='ocrx_word' id='word_1_61' title='bbox 336 1002 374 1046; x_wconf 91' lang='lat' dir='ltr'><strong>ac</strong></span> <span class='ocrx_word' id='word_1_62' title='bbox 399 1001 502 1049; x_wconf 89' lang='lat' dir='ltr'><strong>mores</strong></span> <span class='ocrx_word' id='word_1_63' title='bbox 527 986 694 1064; x_wconf 76' lang='lat' dir='ltr'>pertinent,</span> <span class='ocrx_word' id='word_1_64' title='bbox 729 988 892 1066; x_wconf 87' lang='lat' dir='ltr'><strong>prudentis</strong></span> <span class='ocrx_word' id='word_1_65' title='bbox 924 987 1107 1049; x_wconf 81' lang='lat' dir='ltr'><strong>existimatio</strong></span> <span class='ocrx_word' id='word_1_66' title='bbox 1156 992 1226 1049; x_wconf 92' lang='lat' dir='ltr'><strong>tum</strong></span> <span class='ocrx_word' id='word_1_67' title='bbox 1239 991 1294 1064; x_wconf 90' lang='lat' dir='ltr'><strong>est,</strong></span> <span class='ocrx_word' id='word_1_68' title='bbox 1310 992 1346 1046; x_wconf 91' lang='lat' dir='ltr'><strong>ut</strong></span> <span class='ocrx_word' id='word_1_69' title='bbox 1354 984 1459 1046; x_wconf 76' lang='lat' dir='ltr'><strong>scnhlt</strong></span> <span class='ocrx_word' id='word_1_70' title='bbox 1472 980 1674 1060; x_wconf 80' lang='lat' dir='ltr'><strong>Augustinus,</strong></span> <span class='ocrx_word' id='word_1_71' title='bbox 1683 979 1849 1051; x_wconf 80' lang='lat' dir='ltr'><strong>vututem,</strong></span> <span class='ocrx_word' id='word_1_72' title='bbox 1864 990 1930 1053; x_wconf 73' lang='lat' dir='ltr'><strong>qua</strong></span> 
     </span>
     <span class='ocr_line' id='line_1_9' title="bbox 337 1066 1931 1170; baseline -0.002 -32"><span class='ocrx_word' id='word_1_73' title='bbox 337 1081 393 1139; x_wconf 81' lang='lat' dir='ltr'><strong>est.</strong></span> <span class='ocrx_word' id='word_1_74' title='bbox 791 1106 793 1115; x_wconf 58' lang='lat'><strong>¹</strong></span> <span class='ocrx_word' id='word_1_75' title='bbox 1157 1069 1771 1154; x_wconf 80' lang='lat' dir='ltr'><strong>nuncestmhominejusto,perleetam</strong></span> <span class='ocrx_word' id='word_1_76' title='bbox 1782 1066 1931 1170; x_wconf 53' lang='lat' dir='ltr'><strong>hflctfssllss</strong></span> 
     </span>
     <span class='ocr_line' id='line_1_10' title="bbox 378 1162 1930 1265; baseline -0.004 -34"><span class='ocrx_word' id='word_1_77' title='bbox 378 1169 417 1231; x_wconf 92' lang='grc' dir='ltr'><strong>ΙΙ.</strong></span> <span class='ocrx_word' id='word_1_78' title='bbox 445 1168 570 1231; x_wconf 74' lang='lat' dir='ltr'><strong>«Aliter</strong></span> <span class='ocrx_word' id='word_1_79' title='bbox 595 1169 679 1231; x_wconf 89' lang='lat' dir='ltr'><strong>enim</strong></span> <span class='ocrx_word' id='word_1_80' title='bbox 700 1170 820 1232; x_wconf 86' lang='lat' dir='ltr'><strong>bouum</strong></span> <span class='ocrx_word' id='word_1_81' title='bbox 842 1173 942 1233; x_wconf 89' lang='lat' dir='ltr'><strong>Deum</strong></span> <span class='ocrx_word' id='word_1_82' title='bbox 965 1172 1106 1249; x_wconf 85' lang='lat' dir='ltr'><strong>dicimus,</strong></span> <span class='ocrx_word' id='word_1_83' title='bbox 1148 1172 1324 1247; x_wconf 84' lang='lat' dir='ltr'><strong>nominari,</strong></span> <span class='ocrx_word' id='word_1_84' title='bbox 1345 1176 1381 1231; x_wconf 91' lang='lat' dir='ltr'><strong>ut</strong></span> <span class='ocrx_word' id='word_1_85' title='bbox 1398 1170 1438 1231; x_wconf 90' lang='lat' dir='ltr'><strong>ad</strong></span> <span class='ocrx_word' id='word_1_86' title='bbox 1456 1169 1523 1247; x_wconf 84' lang='lat' dir='ltr'><strong>ejus</strong></span> <span class='ocrx_word' id='word_1_87' title='bbox 1538 1163 1761 1265; x_wconf 78' lang='lat' dir='ltr'><strong>perlectionem</strong></span> <span class='ocrx_word' id='word_1_88' title='bbox 1780 1162 1930 1263; x_wconf 56' lang='lat' dir='ltr'><strong>perunum</strong></span> 
     </span>
     <span class='ocr_line' id='line_1_11' title="bbox 338 1255 2013 1355; baseline -0.006 -32"><span class='ocrx_word' id='word_1_89' title='bbox 338 1261 382 1323; x_wconf 87' lang='lat' dir='ltr'><strong>ait</strong></span> <span class='ocrx_word' id='word_1_90' title='bbox 392 1260 584 1338; x_wconf 78' lang='lat' dir='ltr'><strong>Ambrosius,</strong></span> <span class='ocrx_word' id='word_1_91' title='bbox 598 1263 688 1324; x_wconf 91' lang='lat' dir='ltr'><strong>aliter</strong></span> <span class='ocrx_word' id='word_1_92' title='bbox 699 1263 980 1327; x_wconf 77' lang='lat' dir='ltr'><strong>hominemtalitcr</strong></span> <span class='ocrx_word' id='word_1_93' title='bbox 989 1266 1109 1344; x_wconf 88' lang='lat' dir='ltr'><strong>justum</strong></span> <span class='ocrx_word' id='word_1_94' title='bbox 1158 1264 1252 1327; x_wconf 88' lang='lat' dir='ltr'><strong>etiam</strong></span> <span class='ocrx_word' id='word_1_95' title='bbox 1272 1263 1368 1344; x_wconf 88' lang='lat' dir='ltr'><strong>ipsius</strong></span> <span class='ocrx_word' id='word_1_96' title='bbox 1380 1256 1620 1343; x_wconf 81' lang='lat' dir='ltr'><strong>imperfectionis</strong></span> <span class='ocrx_word' id='word_1_97' title='bbox 1632 1260 1664 1316; x_wconf 92' lang='lat' dir='ltr'><strong>et</strong></span> <span class='ocrx_word' id='word_1_98' title='bbox 1683 1272 1717 1317; x_wconf 80' lang='lat' dir='ltr'><strong>ua</strong></span> <span class='ocrx_word' id='word_1_99' title='bbox 1737 1255 1869 1313; x_wconf 76' lang='lat' dir='ltr'><strong>ventare</strong></span> <span class='ocrx_word' id='word_1_100' title='bbox 1882 1267 1928 1355; x_wconf 68' lang='lat' dir='ltr'><strong>aa</strong></span> <span class='ocrx_word' id='word_1_101' title='bbox 2012 1262 2013 1297; x_wconf 71' lang='lat'>³</span> 
     </span>
     <span class='ocr_line' id='line_1_12' title="bbox 340 1346 1929 1435; baseline -0.006 -20"><span class='ocrx_word' id='word_1_102' title='bbox 340 1354 440 1415; x_wconf 59' lang='lat' dir='ltr'><strong>Mum</strong></span> <span class='ocrx_word' id='word_1_103' title='bbox 460 1353 663 1433; x_wconf 73' lang='lat' dir='ltr'>appellamus,</span> <span class='ocrx_word' id='word_1_104' title='bbox 689 1356 778 1417; x_wconf 87' lang='lat' dir='ltr'><strong>aliter</strong></span> <span class='ocrx_word' id='word_1_105' title='bbox 801 1356 962 1418; x_wconf 90' lang='lat' dir='ltr'><strong>hominem</strong></span> <span class='ocrx_word' id='word_1_106' title='bbox 973 1358 996 1419; x_wconf 88' lang='lat'><strong>¹.</strong></span> <span class='ocrx_word' id='word_1_107' title='bbox 1021 1360 1111 1420; x_wconf 91' lang='lat' dir='ltr'><strong>Simi-</strong></span> <span class='ocrx_word' id='word_1_108' title='bbox 1158 1356 1268 1435; x_wconf 73' lang='lat' dir='ltr'><strong>gnitio,</strong></span> <span class='ocrx_word' id='word_1_109' title='bbox 1284 1356 1361 1416; x_wconf 89' lang='lat' dir='ltr'><strong>etin</strong></span> <span class='ocrx_word' id='word_1_110' title='bbox 1375 1354 1548 1416; x_wconf 87' lang='lat' dir='ltr'><strong>humilitate</strong></span> <span class='ocrx_word' id='word_1_111' title='bbox 1563 1346 1725 1411; x_wconf 79' lang='lat' dir='ltr'><strong>confessio.</strong></span> <span class='ocrx_word' id='word_1_112' title='bbox 1744 1346 1837 1407; x_wconf 84' lang='lat' dir='ltr'><strong>Tunc</strong></span> <span class='ocrx_word' id='word_1_113' title='bbox 1850 1361 1929 1407; x_wconf 89' lang='lat' dir='ltr'><strong>emm</strong></span> 
     </span>
     <span class='ocr_line' id='line_1_13' title="bbox 339 1442 1931 1540; baseline -0.004 -33"><span class='ocrx_word' id='word_1_114' title='bbox 339 1445 409 1509; x_wconf 85' lang='lat' dir='ltr'><strong>liter</strong></span> <span class='ocrx_word' id='word_1_115' title='bbox 423 1446 636 1525; x_wconf 87' lang='lat' dir='ltr'><strong>etsapientem</strong></span> <span class='ocrx_word' id='word_1_116' title='bbox 648 1448 747 1509; x_wconf 86' lang='lat' dir='ltr'><strong>Deum</strong></span> <span class='ocrx_word' id='word_1_117' title='bbox 761 1448 851 1509; x_wconf 88' lang='lat' dir='ltr'><strong>aliter</strong></span> <span class='ocrx_word' id='word_1_118' title='bbox 866 1450 1008 1526; x_wconf 79' lang='lat' dir='ltr'><strong>dicimus,</strong></span> <span class='ocrx_word' id='word_1_119' title='bbox 1022 1451 1111 1512; x_wconf 85' lang='lat' dir='ltr'><strong>aliter</strong></span> <span class='ocrx_word' id='word_1_120' title='bbox 1159 1454 1205 1509; x_wconf 90' lang='lat' dir='ltr'><strong>est</strong></span> <span class='ocrx_word' id='word_1_121' title='bbox 1218 1448 1389 1509; x_wconf 88' lang='lat' dir='ltr'><strong>secundum</strong></span> <span class='ocrx_word' id='word_1_122' title='bbox 1402 1448 1483 1509; x_wconf 85' lang='lat' dir='ltr'><strong>hane</strong></span> <span class='ocrx_word' id='word_1_123' title='bbox 1495 1442 1708 1505; x_wconf 84' lang='lat' dir='ltr'><strong>infirmitatem</strong></span> <span class='ocrx_word' id='word_1_124' title='bbox 1721 1455 1781 1519; x_wconf 88' lang='lat' dir='ltr'><strong>pro</strong></span> <span class='ocrx_word' id='word_1_125' title='bbox 1801 1454 1857 1498; x_wconf 88' lang='lat' dir='ltr'><strong>suo</strong></span> <span class='ocrx_word' id='word_1_126' title='bbox 1869 1454 1931 1540; x_wconf 68' lang='lat' dir='ltr'><strong>mu</strong></span> 
     </span>
     <span class='ocr_line' id='line_1_14' title="bbox 339 1528 1929 1632; baseline 0.006 -33"><span class='ocrx_word' id='word_1_127' title='bbox 339 1537 512 1599; x_wconf 88' lang='lat' dir='ltr'><strong>hominem.</strong></span> <span class='ocrx_word' id='word_1_128' title='bbox 552 1540 641 1613; x_wconf 82' lang='lat' dir='ltr'><strong>Quod</strong></span> <span class='ocrx_word' id='word_1_129' title='bbox 678 1547 710 1601; x_wconf 93' lang='lat' dir='ltr'><strong>et</strong></span> <span class='ocrx_word' id='word_1_130' title='bbox 733 1542 901 1621; x_wconf 78' lang='lat' dir='ltr'><strong>Evangelio</strong></span> <span class='ocrx_word' id='word_1_131' title='bbox 940 1543 1107 1605; x_wconf 89' lang='lat' dir='ltr'><strong>doeemur:</strong></span> <span class='ocrx_word' id='word_1_132' title='bbox 1159 1540 1233 1602; x_wconf 91' lang='lat' dir='ltr'><strong>dulo</strong></span> <span class='ocrx_word' id='word_1_133' title='bbox 1247 1540 1380 1620; x_wconf 86' lang='lat' dir='ltr'><strong>perfecta</strong></span> <span class='ocrx_word' id='word_1_134' title='bbox 1392 1539 1451 1599; x_wconf 85' lang='lat' dir='ltr'><strong>ista</strong></span> <span class='ocrx_word' id='word_1_135' title='bbox 1459 1528 1929 1632; x_wconf 46' lang='lat' dir='ltr'><strong>pmajustififlsfflfflssfflffffi</strong></span> 
     </span>
     <span class='ocr_line' id='line_1_15' title="bbox 340 1621 1930 1725; baseline -0.002 -33"><span class='ocrx_word' id='word_1_136' title='bbox 340 1628 444 1692; x_wconf 80' lang='lat' dir='ltr'><strong>Estote</strong></span> <span class='ocrx_word' id='word_1_137' title='bbox 466 1648 535 1710; x_wconf 77' lang='lat' dir='ltr'><strong>erpo</strong></span> <span class='ocrx_word' id='word_1_138' title='bbox 563 1638 590 1691; x_wconf 85' lang='lat' dir='ltr'><strong>et</strong></span> <span class='ocrx_word' id='word_1_139' title='bbox 616 1649 664 1692; x_wconf 84' lang='lat' dir='ltr'><strong>vos</strong></span> <span class='ocrx_word' id='word_1_140' title='bbox 690 1631 825 1713; x_wconf 77' lang='lat' dir='ltr'><strong>pcrfedi,</strong></span> <span class='ocrx_word' id='word_1_141' title='bbox 857 1634 931 1695; x_wconf 71' lang='lat' dir='ltr'><strong>semu</strong></span> <span class='ocrx_word' id='word_1_142' title='bbox 957 1643 986 1695; x_wconf 84' lang='lat' dir='ltr'><strong>et</strong></span> <span class='ocrx_word' id='word_1_143' title='bbox 1018 1635 1111 1697; x_wconf 83' lang='lat' dir='ltr'><strong>Peter</strong></span> <span class='ocrx_word' id='word_1_144' title='bbox 1160 1632 1235 1712; x_wconf 89' lang='lat' dir='ltr'><strong>quid</strong></span> <span class='ocrx_word' id='word_1_145' title='bbox 1261 1632 1318 1693; x_wconf 87' lang='lat' dir='ltr'><strong>sibi</strong></span> <span class='ocrx_word' id='word_1_146' title='bbox 1343 1631 1421 1691; x_wconf 88' lang='lat' dir='ltr'><strong>desit</strong></span> <span class='ocrx_word' id='word_1_147' title='bbox 1444 1623 1617 1705; x_wconf 79' lang='lat' dir='ltr'><strong>intelligit⁶.</strong></span> <span class='ocrx_word' id='word_1_148' title='bbox 1647 1645 1662 1681; x_wconf 84' lang='lat' dir='ltr'><strong>u</strong></span> <span class='ocrx_word' id='word_1_149' title='bbox 1694 1623 1733 1685; x_wconf 80' lang='lat' dir='ltr'><strong>Et</strong></span> <span class='ocrx_word' id='word_1_150' title='bbox 1757 1621 1930 1725; x_wconf 46' lang='lat' dir='ltr'><strong>lienum</strong></span> 
     </span>
     <span class='ocr_line' id='line_1_16' title="bbox 340 1715 1927 1808; baseline -0.007 -25"><span class='ocrx_word' id='word_1_151' title='bbox 340 1728 442 1790; x_wconf 83' lang='lat' dir='ltr'><strong>vester,</strong></span> <span class='ocrx_word' id='word_1_152' title='bbox 463 1723 518 1803; x_wconf 83' lang='lat' dir='ltr'><strong>qui</strong></span> <span class='ocrx_word' id='word_1_153' title='bbox 535 1723 565 1785; x_wconf 82' lang='lat' dir='ltr'><strong>iu</strong></span> <span class='ocrx_word' id='word_1_154' title='bbox 587 1723 667 1785; x_wconf 81' lang='lat' dir='ltr'><strong>coelr&#39;s</strong></span> <span class='ocrx_word' id='word_1_155' title='bbox 687 1731 738 1793; x_wconf 87' lang='lat' dir='ltr'><strong>est,</strong></span> <span class='ocrx_word' id='word_1_156' title='bbox 750 1725 901 1808; x_wconf 78' lang='lat' dir='ltr'><strong>perfectus</strong></span> <span class='ocrx_word' id='word_1_157' title='bbox 913 1726 990 1788; x_wconf 77' lang='lat' dir='ltr'><strong>eet⁸.</strong></span> <span class='ocrx_word' id='word_1_158' title='bbox 1006 1729 1111 1808; x_wconf 86' lang='lat' dir='ltr'><strong>Ipsum</strong></span> <span class='ocrx_word' id='word_1_159' title='bbox 1160 1724 1240 1785; x_wconf 89' lang='lat' dir='ltr'><strong>libro</strong></span> <span class='ocrx_word' id='word_1_160' title='bbox 1252 1715 1927 1801; x_wconf 63' lang='lat' dir='ltr'><strong>deEcclestusttmadopmutituacaprtemxxt:</strong></span> 
     </span>
     <span class='ocr_line' id='line_1_17' title="bbox 342 1809 1930 1900; baseline 0.004 -27"><span class='ocrx_word' id='word_1_161' title='bbox 342 1814 474 1876; x_wconf 87' lang='lat' dir='ltr'><strong>Paulum</strong></span> <span class='ocrx_word' id='word_1_162' title='bbox 500 1815 570 1893; x_wconf 77' lang='lat' dir='ltr'><strong>lego</strong></span> <span class='ocrx_word' id='word_1_163' title='bbox 595 1816 776 1896; x_wconf 85' lang='lat' dir='ltr'><strong>perfectum,</strong></span> <span class='ocrx_word' id='word_1_164' title='bbox 799 1824 829 1879; x_wconf 92' lang='lat' dir='ltr'><strong>et</strong></span> <span class='ocrx_word' id='word_1_165' title='bbox 850 1837 916 1879; x_wconf 91' lang='lat' dir='ltr'><strong>uon</strong></span> <span class='ocrx_word' id='word_1_166' title='bbox 930 1820 1109 1900; x_wconf 85' lang='lat' dir='ltr'><strong>perlectum.</strong></span> <span class='ocrx_word' id='word_1_167' title='bbox 1165 1816 1304 1877; x_wconf 75' lang='lat' dir='ltr'><strong>«Nullus</strong></span> <span class='ocrx_word' id='word_1_168' title='bbox 1322 1819 1444 1876; x_wconf 87' lang='lat' dir='ltr'><strong>sanctus</strong></span> <span class='ocrx_word' id='word_1_169' title='bbox 1462 1818 1493 1873; x_wconf 90' lang='lat' dir='ltr'><strong>ct</strong></span> <span class='ocrx_word' id='word_1_170' title='bbox 1507 1812 1610 1891; x_wconf 73' lang='lat' dir='ltr'><strong>iustus</strong></span> <span class='ocrx_word' id='word_1_171' title='bbox 1625 1811 1709 1869; x_wconf 88' lang='lat' dir='ltr'><strong>caret</strong></span> <span class='ocrx_word' id='word_1_172' title='bbox 1722 1809 1864 1885; x_wconf 59' lang='grc' dir='ltr'><strong>Ρθθῦἃῖῡὶ</strong></span> <span class='ocrx_word' id='word_1_173' title='bbox 1878 1822 1930 1865; x_wconf 60' lang='grc' dir='ltr'><strong>Μ</strong></span> 
     </span>
     <span class='ocr_line' id='line_1_18' title="bbox 341 1897 1928 1994; baseline -0.007 -27"><span class='ocrx_word' id='word_1_174' title='bbox 341 1906 421 1967; x_wconf 89' lang='lat' dir='ltr'><strong>Nam</strong></span> <span class='ocrx_word' id='word_1_175' title='bbox 433 1925 505 1968; x_wconf 89' lang='lat' dir='ltr'><strong>cum</strong></span> <span class='ocrx_word' id='word_1_176' title='bbox 520 1907 663 1970; x_wconf 85' lang='lat' dir='ltr'><strong>dixisset:</strong></span> <span class='ocrx_word' id='word_1_177' title='bbox 678 1907 835 1991; x_wconf 79' lang='lat' dir='ltr'><strong>Nonquod</strong></span> <span class='ocrx_word' id='word_1_178' title='bbox 850 1910 920 1991; x_wconf 82' lang='lat' dir='ltr'><strong>jum</strong></span> <span class='ocrx_word' id='word_1_179' title='bbox 937 1916 1108 1994; x_wconf 82' lang='lat' dir='ltr'><strong>acceperim,</strong></span> <span class='ocrx_word' id='word_1_180' title='bbox 1161 1915 1268 1970; x_wconf 86' lang='lat' dir='ltr'><strong>tamen</strong></span> <span class='ocrx_word' id='word_1_181' title='bbox 1282 1927 1321 1968; x_wconf 81' lang='lat' dir='ltr'><strong>ex</strong></span> <span class='ocrx_word' id='word_1_182' title='bbox 1334 1908 1394 1970; x_wconf 86' lang='lat' dir='ltr'><strong>hoc</strong></span> <span class='ocrx_word' id='word_1_183' title='bbox 1411 1905 1525 1969; x_wconf 90' lang='lat' dir='ltr'><strong>desinit</strong></span> <span class='ocrx_word' id='word_1_184' title='bbox 1537 1920 1603 1964; x_wconf 87' lang='lat' dir='ltr'><strong>esse</strong></span> <span class='ocrx_word' id='word_1_185' title='bbox 1619 1900 1723 1980; x_wconf 84' lang='lat' dir='ltr'><strong>justus</strong></span> <span class='ocrx_word' id='word_1_186' title='bbox 1733 1897 1789 1958; x_wconf 80' lang='lat' dir='ltr'><strong>vel</strong></span> <span class='ocrx_word' id='word_1_187' title='bbox 1801 1904 1928 1969; x_wconf 69' lang='lat' dir='ltr'><strong>saneim</strong></span> 
     </span>
     <span class='ocr_line' id='line_1_19' title="bbox 342 1990 1931 2095; baseline -0.004 -34"><span class='ocrx_word' id='word_1_188' title='bbox 342 2005 394 2061; x_wconf 82' lang='lat' dir='ltr'><strong>aut</strong></span> <span class='ocrx_word' id='word_1_189' title='bbox 405 1999 474 2079; x_wconf 83' lang='lat' dir='ltr'><strong>jum</strong></span> <span class='ocrx_word' id='word_1_190' title='bbox 486 1998 638 2079; x_wconf 76' lang='lat' dir='ltr'><strong>perfectus</strong></span> <span class='ocrx_word' id='word_1_191' title='bbox 651 1999 730 2061; x_wconf 63' lang='grc' dir='ltr'>εἰει*</span> <span class='ocrx_word' id='word_1_192' title='bbox 744 2021 751 2063; x_wconf 89' lang='lat'>:</span> <span class='ocrx_word' id='word_1_193' title='bbox 767 2021 869 2083; x_wconf 79' lang='lat' dir='ltr'><strong>aequm</strong></span> <span class='ocrx_word' id='word_1_194' title='bbox 882 2011 979 2065; x_wconf 81' lang='lat' dir='ltr'><strong>auton</strong></span> <span class='ocrx_word' id='word_1_195' title='bbox 992 2005 1107 2067; x_wconf 81' lang='lat' dir='ltr'><strong>sicom-</strong></span> <span class='ocrx_word' id='word_1_196' title='bbox 1162 2020 1234 2065; x_wconf 87' lang='lat' dir='ltr'><strong>cum</strong></span> <span class='ocrx_word' id='word_1_197' title='bbox 1254 2000 1365 2063; x_wconf 84' lang='lat' dir='ltr'><strong>affectu</strong></span> <span class='ocrx_word' id='word_1_198' title='bbox 1392 2003 1496 2061; x_wconf 87' lang='lat' dir='ltr'><strong>teneat</strong></span> <span class='ocrx_word' id='word_1_199' title='bbox 1528 1993 1734 2057; x_wconf 76' lang='lat' dir='ltr'><strong>sanctitatem.</strong></span> <span class='ocrx_word' id='word_1_200' title='bbox 1757 2012 1775 2095; x_wconf 70' lang='lat' dir='ltr'><strong>u</strong></span> <span class='ocrx_word' id='word_1_201' title='bbox 1800 1990 1879 2050; x_wconf 72' lang='lat' dir='ltr'><strong>‘lum</strong></span> <span class='ocrx_word' id='word_1_202' title='bbox 1899 1996 1931 2049; x_wconf 85' lang='lat' dir='ltr'><strong>ut</strong></span> 
     </span>
     <span class='ocr_line' id='line_1_20' title="bbox 336 2088 1931 2189; baseline -0.006 -36"><span class='ocrx_word' id='word_1_203' title='bbox 336 2088 539 2171; x_wconf 72' lang='lat' dir='ltr'><strong>prehendam:</strong></span> <span class='ocrx_word' id='word_1_204' title='bbox 554 2092 659 2153; x_wconf 88' lang='lat' dir='ltr'><strong>statim</strong></span> <span class='ocrx_word' id='word_1_205' title='bbox 673 2093 822 2173; x_wconf 81' lang='lat' dir='ltr'><strong>subjecit:</strong></span> <span class='ocrx_word' id='word_1_206' title='bbox 840 2094 1019 2177; x_wconf 82' lang='lat' dir='ltr'><strong>Quicumque</strong></span> <span class='ocrx_word' id='word_1_207' title='bbox 1043 2117 1113 2179; x_wconf 74' lang='lat' dir='ltr'><strong>erpo</strong></span> <span class='ocrx_word' id='word_1_208' title='bbox 1163 2094 1241 2163; x_wconf 77' lang='lat' dir='ltr'><strong>mni]</strong></span> <span class='ocrx_word' id='word_1_209' title='bbox 1267 2093 1341 2153; x_wconf 87' lang='lat' dir='ltr'><strong>insit</strong></span> <span class='ocrx_word' id='word_1_210' title='bbox 1367 2092 1445 2167; x_wconf 80' lang='lat' dir='ltr'><strong>vitii,</strong></span> <span class='ocrx_word' id='word_1_211' title='bbox 1473 2107 1567 2151; x_wconf 88' lang='lat' dir='ltr'><strong>nemo</strong></span> <span class='ocrx_word' id='word_1_212' title='bbox 1590 2090 1716 2189; x_wconf 77' lang='lat' dir='ltr'><strong>tuntttm</strong></span> <span class='ocrx_word' id='word_1_213' title='bbox 1742 2088 1867 2188; x_wconf 62' lang='lat' dir='ltr'><strong>surmus</strong></span> <span class='ocrx_word' id='word_1_214' title='bbox 1890 2088 1931 2144; x_wconf 84' lang='lat' dir='ltr'><strong>est</strong></span> 
     </span>
     <span class='ocr_line' id='line_1_21' title="bbox 337 2177 1839 2271; baseline 0.001 -28"><span class='ocrx_word' id='word_1_215' title='bbox 337 2181 468 2263; x_wconf 77' lang='lat' dir='ltr'><strong>perfecti</strong></span> <span class='ocrx_word' id='word_1_216' title='bbox 492 2202 602 2247; x_wconf 80' lang='lat' dir='ltr'><strong>mmm.</strong></span> <span class='ocrx_word' id='word_1_217' title='bbox 628 2185 746 2266; x_wconf 86' lang='lat' dir='ltr'>Duplex</span> <span class='ocrx_word' id='word_1_218' title='bbox 759 2192 805 2248; x_wconf 90' lang='lat' dir='ltr'><strong>est</strong></span> <span class='ocrx_word' id='word_1_219' title='bbox 820 2188 905 2248; x_wconf 88' lang='lat' dir='ltr'><strong>anim</strong></span> <span class='ocrx_word' id='word_1_220' title='bbox 927 2188 1029 2251; x_wconf 87' lang='lat' dir='ltr'><strong>forma</strong></span> <span class='ocrx_word' id='word_1_221' title='bbox 1042 2210 1112 2271; x_wconf 86' lang='lat' dir='ltr'><strong>per-</strong></span> <span class='ocrx_word' id='word_1_222' title='bbox 1163 2191 1329 2262; x_wconf 86' lang='lat' dir='ltr'><strong>assecutus,</strong></span> <span class='ocrx_word' id='word_1_223' title='bbox 1345 2186 1422 2264; x_wconf 88' lang='lat' dir='ltr'><strong>quin</strong></span> <span class='ocrx_word' id='word_1_224' title='bbox 1434 2182 1558 2262; x_wconf 80' lang='lat' dir='ltr'><strong>longius</strong></span> <span class='ocrx_word' id='word_1_225' title='bbox 1570 2177 1717 2261; x_wconf 73' lang='lat' dir='ltr'><strong>progredt</strong></span> <span class='ocrx_word' id='word_1_226' title='bbox 1728 2183 1839 2256; x_wconf 60' lang='lat' dir='ltr'><strong>postet·</strong></span> 
     </span>
     <span class='ocr_line' id='line_1_22' title="bbox 341 2273 2014 2363; baseline 0.012 -28"><span class='ocrx_word' id='word_1_227' title='bbox 341 2273 500 2336; x_wconf 86' lang='lat' dir='ltr'><strong>iectionis:</strong></span> <span class='ocrx_word' id='word_1_228' title='bbox 516 2276 577 2337; x_wconf 88' lang='lat' dir='ltr'><strong>alia</strong></span> <span class='ocrx_word' id='word_1_229' title='bbox 601 2277 729 2346; x_wconf 90' lang='lat' dir='ltr'><strong>medios,</strong></span> <span class='ocrx_word' id='word_1_230' title='bbox 756 2279 817 2339; x_wconf 93' lang='lat' dir='ltr'><strong>alia</strong></span> <span class='ocrx_word' id='word_1_231' title='bbox 838 2279 947 2358; x_wconf 89' lang='lat' dir='ltr'><strong>plenos</strong></span> <span class='ocrx_word' id='word_1_232' title='bbox 966 2300 1115 2344; x_wconf 88' lang='lat' dir='ltr'><strong>numeros</strong></span> <span class='ocrx_word' id='word_1_233' title='bbox 2013 2326 2014 2363; x_wconf 61' lang='lat'>2</span> 
     </span>
     <span class='ocr_line' id='line_1_23' title="bbox 343 2364 2014 2464; baseline 0.006 -35"><span class='ocrx_word' id='word_1_234' title='bbox 343 2366 483 2429; x_wconf 83' lang='lat' dir='ltr'><strong>habens:</strong></span> <span class='ocrx_word' id='word_1_235' title='bbox 511 2368 573 2429; x_wconf 90' lang='lat' dir='ltr'><strong>alia</strong></span> <span class='ocrx_word' id='word_1_236' title='bbox 598 2369 659 2437; x_wconf 88' lang='lat' dir='ltr'><strong>hic,</strong></span> <span class='ocrx_word' id='word_1_237' title='bbox 681 2370 744 2431; x_wconf 89' lang='lat' dir='ltr'><strong>alia</strong></span> <span class='ocrx_word' id='word_1_238' title='bbox 771 2371 835 2431; x_wconf 78' lang='lat' dir='ltr'><strong>ibit</strong></span> <span class='ocrx_word' id='word_1_239' title='bbox 860 2371 921 2432; x_wconf 88' lang='lat' dir='ltr'><strong>alia</strong></span> <span class='ocrx_word' id='word_1_240' title='bbox 943 2375 1115 2436; x_wconf 90' lang='lat' dir='ltr'><strong>seeundum</strong></span> <span class='ocrx_word' id='word_1_241' title='bbox 1168 2371 1324 2450; x_wconf 69' lang='lat' dir='ltr'><strong>«Semper</strong></span> <span class='ocrx_word' id='word_1_242' title='bbox 1338 2368 1423 2430; x_wconf 82' lang='lat' dir='ltr'><strong>enim</strong></span> <span class='ocrx_word' id='word_1_243' title='bbox 1437 2364 1713 2443; x_wconf 60' lang='lat' dir='ltr'><strong>sesemetipsum,</strong></span> <span class='ocrx_word' id='word_1_244' title='bbox 1729 2376 1930 2464; x_wconf 54' lang='grc' dir='ltr'><strong>(ΝΟΜ</strong></span> <span class='ocrx_word' id='word_1_245' title='bbox 2013 2408 2014 2411; x_wconf 36' lang='lat'>¹</span> 
     </span>
     <span class='ocr_line' id='line_1_24' title="bbox 343 2454 2014 2557; baseline 0.01 -39"><span class='ocrx_word' id='word_1_246' title='bbox 343 2458 480 2519; x_wconf 86' lang='lat' dir='ltr'><strong>hominis</strong></span> <span class='ocrx_word' id='word_1_247' title='bbox 500 2459 744 2539; x_wconf 84' lang='lat' dir='ltr'><strong>possibilitatem,</strong></span> <span class='ocrx_word' id='word_1_248' title='bbox 769 2462 830 2523; x_wconf 91' lang='lat' dir='ltr'><strong>alia</strong></span> <span class='ocrx_word' id='word_1_249' title='bbox 852 2464 1023 2524; x_wconf 88' lang='lat' dir='ltr'><strong>secundum</strong></span> <span class='ocrx_word' id='word_1_250' title='bbox 1044 2485 1114 2546; x_wconf 90' lang='lat' dir='ltr'><strong>per·</strong></span> <span class='ocrx_word' id='word_1_251' title='bbox 1672 2545 1678 2557; x_wconf 34' lang='lat'>¹</span> <span class='ocrx_word' id='word_1_252' title='bbox 1794 2454 1928 2532; x_wconf 57' lang='lat' dir='ltr'><strong>[imm</strong></span> <span class='ocrx_word' id='word_1_253' title='bbox 2013 2510 2014 2515; x_wconf 21' lang='grc' dir='ltr'><strong>κ</strong></span> 
     </span>
     <span class='ocr_line' id='line_1_25' title="bbox 344 2540 1875 2638; baseline -0.005 -25"><span class='ocrx_word' id='word_1_254' title='bbox 344 2549 511 2613; x_wconf 74' lang='lat' dir='ltr'><strong>tetdonem</strong></span> <span class='ocrx_word' id='word_1_255' title='bbox 537 2551 687 2615; x_wconf 74' lang='lat' dir='ltr'><strong>fulturam.</strong></span> <span class='ocrx_word' id='word_1_256' title='bbox 717 2554 798 2615; x_wconf 76' lang='lat' dir='ltr'><strong>Deras</strong></span> <span class='ocrx_word' id='word_1_257' title='bbox 821 2561 927 2616; x_wconf 87' lang='lat' dir='ltr'><strong>autem</strong></span> <span class='ocrx_word' id='word_1_258' title='bbox 936 2556 1040 2634; x_wconf 85' lang='lat' dir='ltr'><strong>justus</strong></span> <span class='ocrx_word' id='word_1_259' title='bbox 1060 2577 1116 2638; x_wconf 87' lang='lat' dir='ltr'><strong>per</strong></span> <span class='ocrx_word' id='word_1_260' title='bbox 1205 2554 1241 2613; x_wconf 89' lang='lat' dir='ltr'><strong>Et</strong></span> <span class='ocrx_word' id='word_1_261' title='bbox 1251 2552 1458 2634; x_wconf 85' lang='lat' dir='ltr'><strong>perfectorum</strong></span> <span class='ocrx_word' id='word_1_262' title='bbox 1469 2549 1569 2629; x_wconf 82' lang='lat' dir='ltr'><strong>gloria</strong></span> <span class='ocrx_word' id='word_1_263' title='bbox 1581 2546 1773 2627; x_wconf 74' lang='lat' dir='ltr'><strong>principium</strong></span> <span class='ocrx_word' id='word_1_264' title='bbox 1783 2540 1875 2606; x_wconf 58' lang='lat' dir='ltr'><strong>esth</strong></span> 
     </span>
     <span class='ocr_line' id='line_1_26' title="bbox 347 2643 1115 2727; baseline 0.009 -22"><span class='ocrx_word' id='word_1_265' title='bbox 347 2643 463 2712; x_wconf 86' lang='lat' dir='ltr'><strong>omnia,</strong></span> <span class='ocrx_word' id='word_1_266' title='bbox 489 2644 613 2723; x_wconf 87' lang='lat' dir='ltr'><strong>sapiens</strong></span> <span class='ocrx_word' id='word_1_267' title='bbox 638 2663 732 2725; x_wconf 88' lang='lat' dir='ltr'><strong>super</strong></span> <span class='ocrx_word' id='word_1_268' title='bbox 758 2648 875 2716; x_wconf 88' lang='lat' dir='ltr'><strong>omnia,</strong></span> <span class='ocrx_word' id='word_1_269' title='bbox 902 2648 1055 2727; x_wconf 87' lang='lat' dir='ltr'><strong>perfectus</strong></span> <span class='ocrx_word' id='word_1_270' title='bbox 1081 2653 1115 2712; x_wconf 89' lang='lat' dir='ltr'><strong>in</strong></span> 
     </span>
     <span class='ocr_line' id='line_1_27' title="bbox 345 2726 1931 2832; baseline -0.007 -35"><span class='ocrx_word' id='word_1_271' title='bbox 345 2734 502 2797; x_wconf 85' lang='lat' dir='ltr'><strong>omnihus.</strong></span> <span class='ocrx_word' id='word_1_272' title='bbox 529 2755 545 2794; x_wconf 83' lang='lat' dir='ltr'><strong>a</strong></span> <span class='ocrx_word' id='word_1_273' title='bbox 585 2737 634 2798; x_wconf 88' lang='lat' dir='ltr'><strong>Sic</strong></span> <span class='ocrx_word' id='word_1_274' title='bbox 660 2737 807 2799; x_wconf 87' lang='lat' dir='ltr'><strong>humanis</strong></span> <span class='ocrx_word' id='word_1_275' title='bbox 840 2739 933 2803; x_wconf 85' lang='lat' dir='ltr'><strong>etiam</strong></span> <span class='ocrx_word' id='word_1_276' title='bbox 964 2740 998 2801; x_wconf 90' lang='lat' dir='ltr'><strong>in</strong></span> <span class='ocrx_word' id='word_1_277' title='bbox 1023 2742 1116 2804; x_wconf 86' lang='lat' dir='ltr'><strong>rebus</strong></span> <span class='ocrx_word' id='word_1_278' title='bbox 1165 2743 1200 2797; x_wconf 90' lang='lat' dir='ltr'><strong>ut</strong></span> <span class='ocrx_word' id='word_1_279' title='bbox 1214 2738 1257 2797; x_wconf 89' lang='lat' dir='ltr'><strong>ait</strong></span> <span class='ocrx_word' id='word_1_280' title='bbox 1275 2732 1434 2815; x_wconf 81' lang='lat' dir='ltr'><strong>Prosper⁸.</strong></span> <span class='ocrx_word' id='word_1_281' title='bbox 1455 2735 1494 2793; x_wconf 88' lang='lat' dir='ltr'><strong>Et</strong></span> <span class='ocrx_word' id='word_1_282' title='bbox 1513 2731 1588 2792; x_wconf 88' lang='lat' dir='ltr'><strong>alibi</strong></span> <span class='ocrx_word' id='word_1_283' title='bbox 1606 2748 1645 2790; x_wconf 81' lang='lat' dir='ltr'><strong>ex</strong></span> <span class='ocrx_word' id='word_1_284' title='bbox 1667 2728 1852 2832; x_wconf 72' lang='lat' dir='ltr'><strong>Augustipo.</strong></span> <span class='ocrx_word' id='word_1_285' title='bbox 1873 2726 1931 2829; x_wconf 76' lang='lat' dir='ltr'><strong>slp</strong></span> 
     </span>
     <span class='ocr_line' id='line_1_28' title="bbox 345 2817 1932 2924; baseline -0.003 -38"><span class='ocrx_word' id='word_1_286' title='bbox 345 2827 441 2891; x_wconf 85' lang='lat' dir='ltr'><strong>Stoici</strong></span> <span class='ocrx_word' id='word_1_287' title='bbox 468 2827 584 2908; x_wconf 85' lang='lat' dir='ltr'><strong>duplex</strong></span> <span class='ocrx_word' id='word_1_288' title='bbox 612 2829 704 2891; x_wconf 88' lang='lat' dir='ltr'><strong>officii</strong></span> <span class='ocrx_word' id='word_1_289' title='bbox 732 2849 831 2909; x_wconf 79' lang='lat' dir='ltr'><strong>genus</strong></span> <span class='ocrx_word' id='word_1_290' title='bbox 864 2849 929 2892; x_wconf 90' lang='lat' dir='ltr'><strong>esse</strong></span> <span class='ocrx_word' id='word_1_291' title='bbox 960 2834 1113 2904; x_wconf 85' lang='lat' dir='ltr'><strong>dicebant,</strong></span> <span class='ocrx_word' id='word_1_292' title='bbox 1165 2829 1306 2903; x_wconf 75' lang='lat' dir='ltr'><strong>hacrita,</strong></span> <span class='ocrx_word' id='word_1_293' title='bbox 1320 2831 1468 2907; x_wconf 80' lang='lat' dir='ltr'><strong>quatota</strong></span> <span class='ocrx_word' id='word_1_294' title='bbox 1477 2823 1607 2885; x_wconf 83' lang='lat' dir='ltr'><strong>tentatio</strong></span> <span class='ocrx_word' id='word_1_295' title='bbox 1621 2828 1679 2898; x_wconf 87' lang='lat' dir='ltr'><strong>est,</strong></span> <span class='ocrx_word' id='word_1_296' title='bbox 1694 2817 1932 2924; x_wconf 70' lang='lat' dir='ltr'><strong>etiammsuble</strong></span> 
     </span>
     <span class='ocr_line' id='line_1_29' title="bbox 345 2911 1930 3003; baseline -0.005 -22"><span class='ocrx_word' id='word_1_297' title='bbox 345 2917 480 2981; x_wconf 80' lang='lat' dir='ltr'><strong>alterum</strong></span> <span class='ocrx_word' id='word_1_298' title='bbox 504 2921 653 2991; x_wconf 91' lang='lat' dir='ltr'><strong>medium,</strong></span> <span class='ocrx_word' id='word_1_299' title='bbox 678 2922 811 2984; x_wconf 88' lang='lat' dir='ltr'><strong>alterum</strong></span> <span class='ocrx_word' id='word_1_300' title='bbox 832 2924 1022 3003; x_wconf 89' lang='lat' dir='ltr'><strong>perfectum:</strong></span> <span class='ocrx_word' id='word_1_301' title='bbox 1038 2927 1117 2989; x_wconf 92' lang='lat' dir='ltr'><strong>illud</strong></span> <span class='ocrx_word' id='word_1_302' title='bbox 1166 2922 1310 2983; x_wconf 76' lang='lat' dir='ltr'><strong>muumis</strong></span> <span class='ocrx_word' id='word_1_303' title='bbox 1331 2919 1442 2980; x_wconf 88' lang='lat' dir='ltr'><strong>sanetis</strong></span> <span class='ocrx_word' id='word_1_304' title='bbox 1455 2936 1520 2977; x_wconf 90' lang='lat' dir='ltr'><strong>nou</strong></span> <span class='ocrx_word' id='word_1_305' title='bbox 1538 2914 1785 2996; x_wconf 84' lang='lat' dir='ltr'><strong>apprehenditur</strong></span> <span class='ocrx_word' id='word_1_306' title='bbox 1800 2911 1853 2971; x_wconf 78' lang='lat' dir='ltr'><strong>ulls</strong></span> <span class='ocrx_word' id='word_1_307' title='bbox 1867 2928 1930 2990; x_wconf 87' lang='lat' dir='ltr'><strong>per·</strong></span> 
     </span>
     <span class='ocr_line' id='line_1_30' title="bbox 345 3005 1931 3094; baseline -0.004 -19"><span class='ocrx_word' id='word_1_308' title='bbox 345 3021 450 3088; x_wconf 71' lang='grc' dir='ltr'><strong>καθῆκον</strong></span> <span class='ocrx_word' id='word_1_309' title='bbox 463 3013 627 3091; x_wconf 86' lang='lat' dir='ltr'><strong>vocabant,</strong></span> <span class='ocrx_word' id='word_1_310' title='bbox 651 3015 736 3094; x_wconf 88' lang='lat' dir='ltr'><strong>quod</strong></span> <span class='ocrx_word' id='word_1_311' title='bbox 756 3034 812 3075; x_wconf 88' lang='lat' dir='ltr'><strong>cur</strong></span> <span class='ocrx_word' id='word_1_312' title='bbox 836 3015 952 3077; x_wconf 85' lang='lat' dir='ltr'><strong>factum</strong></span> <span class='ocrx_word' id='word_1_313' title='bbox 975 3020 1015 3078; x_wconf 91' lang='lat' dir='ltr'><strong>sit</strong></span> <span class='ocrx_word' id='word_1_314' title='bbox 1035 3020 1116 3080; x_wconf 88' lang='lat' dir='ltr'><strong>ratio</strong></span> <span class='ocrx_word' id='word_1_315' title='bbox 1166 3014 1266 3089; x_wconf 82' lang='lat' dir='ltr'><strong>lectio,</strong></span> <span class='ocrx_word' id='word_1_316' title='bbox 1289 3013 1339 3073; x_wconf 88' lang='lat' dir='ltr'><strong>cui</strong></span> <span class='ocrx_word' id='word_1_317' title='bbox 1361 3030 1426 3073; x_wconf 90' lang='lat' dir='ltr'><strong>nou</strong></span> <span class='ocrx_word' id='word_1_318' title='bbox 1446 3009 1579 3089; x_wconf 86' lang='lat' dir='ltr'><strong>supersit</strong></span> <span class='ocrx_word' id='word_1_319' title='bbox 1598 3006 1749 3069; x_wconf 86' lang='lat' dir='ltr'><strong>ascensio.</strong></span> <span class='ocrx_word' id='word_1_320' title='bbox 1781 3026 1798 3062; x_wconf 83' lang='lat' dir='ltr'><strong>n</strong></span> <span class='ocrx_word' id='word_1_321' title='bbox 1836 3005 1931 3083; x_wconf 70' lang='lat' dir='ltr'><strong>ltaque</strong></span> 
     </span>
     <span class='ocr_line' id='line_1_31' title="bbox 346 3097 1932 3187; baseline -0.004 -23"><span class='ocrx_word' id='word_1_322' title='bbox 346 3104 513 3183; x_wconf 87' lang='lat' dir='ltr'><strong>probabilis</strong></span> <span class='ocrx_word' id='word_1_323' title='bbox 523 3107 611 3169; x_wconf 85' lang='lat' dir='ltr'><strong>reddi</strong></span> <span class='ocrx_word' id='word_1_324' title='bbox 627 3106 762 3187; x_wconf 70' lang='lat' dir='ltr'><strong>possit⁸2</strong></span> <span class='ocrx_word' id='word_1_325' title='bbox 784 3108 844 3169; x_wconf 89' lang='lat' dir='ltr'><strong>hoe</strong></span> <span class='ocrx_word' id='word_1_326' title='bbox 856 3127 931 3170; x_wconf 82' lang='lat' dir='ltr'><strong>voro</strong></span> <span class='ocrx_word' id='word_1_327' title='bbox 956 3113 1113 3185; x_wconf 73' lang='grc' dir='ltr'>κατόρθωμα,</span> <span class='ocrx_word' id='word_1_328' title='bbox 1170 3105 1466 3187; x_wconf 86' lang='lat' dir='ltr'><strong>uprofectusnoster</strong></span> <span class='ocrx_word' id='word_1_329' title='bbox 1477 3103 1511 3163; x_wconf 90' lang='lat' dir='ltr'><strong>in</strong></span> <span class='ocrx_word' id='word_1_330' title='bbox 1520 3119 1557 3162; x_wconf 89' lang='lat' dir='ltr'><strong>eo</strong></span> <span class='ocrx_word' id='word_1_331' title='bbox 1572 3100 1722 3176; x_wconf 85' lang='lat' dir='ltr'><strong>consistit,</strong></span> <span class='ocrx_word' id='word_1_332' title='bbox 1733 3102 1859 3159; x_wconf 84' lang='lat' dir='ltr'><strong>auctore</strong></span> <span class='ocrx_word' id='word_1_333' title='bbox 1870 3097 1932 3156; x_wconf 84' lang='lat' dir='ltr'><strong>Ber·</strong></span> 
     </span>
     <span class='ocr_line' id='line_1_32' title="bbox 346 3187 1933 3294; baseline -0.006 -37"><span class='ocrx_word' id='word_1_334' title='bbox 346 3197 430 3274; x_wconf 85' lang='lat' dir='ltr'><strong>quod</strong></span> <span class='ocrx_word' id='word_1_335' title='bbox 444 3198 500 3258; x_wconf 88' lang='lat' dir='ltr'><strong>etsi</strong></span> <span class='ocrx_word' id='word_1_336' title='bbox 527 3199 698 3278; x_wconf 84' lang='lat' dir='ltr'><strong>perlectum</strong></span> <span class='ocrx_word' id='word_1_337' title='bbox 721 3202 846 3281; x_wconf 86' lang='lat' dir='ltr'><strong>proprie</strong></span> <span class='ocrx_word' id='word_1_338' title='bbox 870 3202 1061 3271; x_wconf 87' lang='lat' dir='ltr'><strong>nominatur,</strong></span> <span class='ocrx_word' id='word_1_339' title='bbox 1087 3209 1118 3264; x_wconf 89' lang='lat' dir='ltr'><strong>et</strong></span> <span class='ocrx_word' id='word_1_340' title='bbox 1166 3200 1276 3275; x_wconf 90' lang='lat' dir='ltr'><strong>nardo,</strong></span> <span class='ocrx_word' id='word_1_341' title='bbox 1287 3205 1323 3259; x_wconf 95' lang='lat' dir='ltr'><strong>ut</strong></span> <span class='ocrx_word' id='word_1_342' title='bbox 1334 3212 1497 3275; x_wconf 85' lang='lat' dir='ltr'><strong>nunquam</strong></span> <span class='ocrx_word' id='word_1_343' title='bbox 1506 3187 1933 3294; x_wconf 73' lang='lat' dir='ltr'><strong>arbitremurnosapprelten</strong></span> 
     </span>
     <span class='ocr_line' id='line_1_33' title="bbox 346 3284 1931 3373; baseline -0.004 -25"><span class='ocrx_word' id='word_1_344' title='bbox 346 3291 583 3367; x_wconf 72' lang='lat' dir='ltr'><strong>prestaturum,</strong></span> <span class='ocrx_word' id='word_1_345' title='bbox 598 3297 705 3353; x_wconf 87' lang='lat' dir='ltr'><strong>tamen</strong></span> <span class='ocrx_word' id='word_1_346' title='bbox 725 3294 821 3354; x_wconf 90' lang='lat' dir='ltr'><strong>etiam</strong></span> <span class='ocrx_word' id='word_1_347' title='bbox 840 3295 892 3355; x_wconf 90' lang='lat' dir='ltr'><strong>isti</strong></span> <span class='ocrx_word' id='word_1_348' title='bbox 911 3294 958 3354; x_wconf 91' lang='lat' dir='ltr'><strong>sui</strong></span> <span class='ocrx_word' id='word_1_349' title='bbox 972 3294 1116 3373; x_wconf 83' lang='lat' dir='ltr'><strong>quaedam</strong></span> <span class='ocrx_word' id='word_1_350' title='bbox 1167 3292 1257 3367; x_wconf 90' lang='lat' dir='ltr'><strong>disse,</strong></span> <span class='ocrx_word' id='word_1_351' title='bbox 1279 3291 1333 3351; x_wconf 87' lang='lat' dir='ltr'><strong>sed</strong></span> <span class='ocrx_word' id='word_1_352' title='bbox 1355 3287 1559 3350; x_wconf 75' lang='lat' dir='ltr'><strong>extendamur</strong></span> <span class='ocrx_word' id='word_1_353' title='bbox 1583 3285 1623 3346; x_wconf 91' lang='lat' dir='ltr'><strong>ad</strong></span> <span class='ocrx_word' id='word_1_354' title='bbox 1646 3284 1814 3357; x_wconf 86' lang='lat' dir='ltr'><strong>anteriora,</strong></span> <span class='ocrx_word' id='word_1_355' title='bbox 1842 3298 1931 3341; x_wconf 73' lang='lat' dir='ltr'><strong>moes</strong></span> 
     </span>
     <span class='ocr_line' id='line_1_34' title="bbox 346 3374 1933 3479; baseline -0.001 -38"><span class='ocrx_word' id='word_1_356' title='bbox 346 3381 470 3459; x_wconf 76' lang='lat' dir='ltr'><strong>generis</strong></span> <span class='ocrx_word' id='word_1_357' title='bbox 489 3389 610 3444; x_wconf 86' lang='lat' dir='ltr'><strong>constat</strong></span> <span class='ocrx_word' id='word_1_358' title='bbox 628 3384 784 3464; x_wconf 85' lang='lat' dir='ltr'><strong>perfectio.</strong></span> <span class='ocrx_word' id='word_1_359' title='bbox 1167 3389 1270 3445; x_wconf 85' lang='lat' dir='ltr'><strong>santer</strong></span> <span class='ocrx_word' id='word_1_360' title='bbox 1294 3399 1443 3444; x_wconf 89' lang='lat' dir='ltr'><strong>conemur</strong></span> <span class='ocrx_word' id='word_1_361' title='bbox 1468 3380 1503 3443; x_wconf 91' lang='lat' dir='ltr'><strong>in</strong></span> <span class='ocrx_word' id='word_1_362' title='bbox 1520 3379 1647 3451; x_wconf 89' lang='lat' dir='ltr'><strong>melius;</strong></span> <span class='ocrx_word' id='word_1_363' title='bbox 1671 3382 1708 3436; x_wconf 90' lang='lat' dir='ltr'><strong>ut</strong></span> <span class='ocrx_word' id='word_1_364' title='bbox 1727 3374 1933 3479; x_wconf 55' lang='lat' dir='ltr'><strong>imperfectum</strong></span> 
     </span>
     <span class='ocr_line' id='line_1_35' title="bbox 388 3466 1933 3568; baseline -0.005 -35"><span class='ocrx_word' id='word_1_365' title='bbox 388 3472 598 3553; x_wconf 85' lang='lat' dir='ltr'><strong>Hieronymus</strong></span> <span class='ocrx_word' id='word_1_366' title='bbox 622 3477 744 3556; x_wconf 81' lang='lat' dir='ltr'><strong>dialogo</strong></span> <span class='ocrx_word' id='word_1_367' title='bbox 766 3478 868 3558; x_wconf 87' lang='lat' dir='ltr'><strong>primo</strong></span> <span class='ocrx_word' id='word_1_368' title='bbox 894 3485 998 3539; x_wconf 82' lang='lat' dir='ltr'><strong>contre</strong></span> <span class='ocrx_word' id='word_1_369' title='bbox 1026 3477 1117 3540; x_wconf 87' lang='lat' dir='ltr'><strong>Pela·</strong></span> <span class='ocrx_word' id='word_1_370' title='bbox 1168 3480 1309 3536; x_wconf 85' lang='lat' dir='ltr'><strong>nostrum</strong></span> <span class='ocrx_word' id='word_1_371' title='bbox 1329 3474 1443 3535; x_wconf 75' lang='lat' dir='ltr'><strong>divina</strong></span> <span class='ocrx_word' id='word_1_372' title='bbox 1469 3469 1687 3532; x_wconf 75' lang='lat' dir='ltr'><strong>misericordia</strong></span> <span class='ocrx_word' id='word_1_373' title='bbox 1713 3466 1872 3528; x_wconf 81' lang='lat' dir='ltr'><strong>obtutubus</strong></span> <span class='ocrx_word' id='word_1_374' title='bbox 1891 3482 1933 3568; x_wconf 71' lang='lat' dir='ltr'><strong>pe</strong></span> 
     </span>
     <span class='ocr_line' id='line_1_36' title="bbox 347 3560 1933 3664; baseline 0.008 -38"><span class='ocrx_word' id='word_1_375' title='bbox 347 3565 451 3645; x_wconf 75' lang='lat' dir='ltr'><strong>pianes</strong></span> <span class='ocrx_word' id='word_1_376' title='bbox 473 3587 489 3623; x_wconf 82' lang='lat' dir='ltr'><strong>u</strong></span> <span class='ocrx_word' id='word_1_377' title='bbox 509 3566 585 3628; x_wconf 90' lang='lat' dir='ltr'><strong>duas</strong></span> <span class='ocrx_word' id='word_1_378' title='bbox 612 3570 656 3629; x_wconf 91' lang='lat' dir='ltr'><strong>ait</strong></span> <span class='ocrx_word' id='word_1_379' title='bbox 677 3569 711 3630; x_wconf 89' lang='lat' dir='ltr'><strong>in</strong></span> <span class='ocrx_word' id='word_1_380' title='bbox 736 3571 900 3650; x_wconf 78' lang='lat' dir='ltr'><strong>Scriptrnis</strong></span> <span class='ocrx_word' id='word_1_381' title='bbox 920 3571 1034 3632; x_wconf 89' lang='lat' dir='ltr'><strong>sanctis</strong></span> <span class='ocrx_word' id='word_1_382' title='bbox 1054 3589 1119 3633; x_wconf 90' lang='lat' dir='ltr'><strong>esse</strong></span> <span class='ocrx_word' id='word_1_383' title='bbox 1168 3570 1248 3647; x_wconf 80' lang='lat' dir='ltr'><strong>giter</strong></span> <span class='ocrx_word' id='word_1_384' title='bbox 1275 3582 1467 3646; x_wconf 87' lang='lat' dir='ltr'><strong>exponamus</strong></span> <span class='ocrx_word' id='word_1_385' title='bbox 1481 3561 1505 3624; x_wconf 73' lang='lat'><strong>⁹.</strong></span> <span class='ocrx_word' id='word_1_386' title='bbox 1528 3584 1543 3620; x_wconf 82' lang='lat' dir='ltr'><strong>u</strong></span> <span class='ocrx_word' id='word_1_387' title='bbox 1567 3563 1765 3664; x_wconf 38' lang='lat' dir='ltr'><strong>Quantillm·</strong></span> <span class='ocrx_word' id='word_1_388' title='bbox 1779 3560 1933 3637; x_wconf 62' lang='lat' dir='ltr'><strong>Gffdfflffl</strong></span> 
     </span>
     <span class='ocr_line' id='line_1_37' title="bbox 349 3649 1932 3755; baseline -0.004 -37"><span class='ocrx_word' id='word_1_389' title='bbox 349 3656 561 3737; x_wconf 73' lang='lat' dir='ltr'><strong>perteetiones,</strong></span> <span class='ocrx_word' id='word_1_390' title='bbox 590 3660 726 3740; x_wconf 85' lang='lat' dir='ltr'><strong>duasque</strong></span> <span class='ocrx_word' id='word_1_391' title='bbox 750 3662 895 3740; x_wconf 86' lang='lat' dir='ltr'><strong>justitias,</strong></span> <span class='ocrx_word' id='word_1_392' title='bbox 919 3669 950 3723; x_wconf 90' lang='lat' dir='ltr'><strong>et</strong></span> <span class='ocrx_word' id='word_1_393' title='bbox 975 3663 1054 3723; x_wconf 91' lang='lat' dir='ltr'><strong>duos</strong></span> <span class='ocrx_word' id='word_1_394' title='bbox 1084 3665 1121 3724; x_wconf 90' lang='lat' dir='ltr'><strong>ti-</strong></span> <span class='ocrx_word' id='word_1_395' title='bbox 1169 3662 1326 3740; x_wconf 87' lang='lat' dir='ltr'><strong>Nyssenus</strong></span> <span class='ocrx_word' id='word_1_396' title='bbox 1339 3658 1427 3719; x_wconf 89' lang='lat' dir='ltr'><strong>illam</strong></span> <span class='ocrx_word' id='word_1_397' title='bbox 1440 3661 1603 3734; x_wconf 75' lang='lat' dir='ltr'><strong>utrumqm</strong></span> <span class='ocrx_word' id='word_1_398' title='bbox 1617 3669 1744 3714; x_wconf 85' lang='lat' dir='ltr'><strong>causam</strong></span> <span class='ocrx_word' id='word_1_399' title='bbox 1755 3649 1932 3755; x_wconf 73' lang='lat' dir='ltr'><strong>imperfecte</strong></span> 
     </span>
     <span class='ocr_line' id='line_1_38' title="bbox 349 3741 1933 3835; baseline -0.001 -24"><span class='ocrx_word' id='word_1_400' title='bbox 349 3767 470 3811; x_wconf 88' lang='lat' dir='ltr'><strong>mores:</strong></span> <span class='ocrx_word' id='word_1_401' title='bbox 487 3751 620 3829; x_wconf 92' lang='lat' dir='ltr'><strong>primam</strong></span> <span class='ocrx_word' id='word_1_402' title='bbox 636 3754 869 3833; x_wconf 83' lang='lat' dir='ltr'><strong>perfectionem,</strong></span> <span class='ocrx_word' id='word_1_403' title='bbox 885 3761 916 3816; x_wconf 88' lang='lat' dir='ltr'><strong>et</strong></span> <span class='ocrx_word' id='word_1_404' title='bbox 929 3755 1121 3835; x_wconf 86' lang='lat' dir='ltr'><strong>incompara-</strong></span> <span class='ocrx_word' id='word_1_405' title='bbox 1169 3752 1291 3813; x_wconf 76' lang='lat' dir='ltr'><strong>virtrrtis</strong></span> <span class='ocrx_word' id='word_1_406' title='bbox 1309 3751 1343 3811; x_wconf 90' lang='lat' dir='ltr'><strong>in</strong></span> <span class='ocrx_word' id='word_1_407' title='bbox 1357 3767 1454 3811; x_wconf 90' lang='lat' dir='ltr'><strong>unam</strong></span> <span class='ocrx_word' id='word_1_408' title='bbox 1466 3747 1595 3826; x_wconf 78' lang='lat' dir='ltr'><strong>redigit3</strong></span> <span class='ocrx_word' id='word_1_409' title='bbox 1614 3746 1669 3825; x_wconf 91' lang='lat' dir='ltr'><strong>qui</strong></span> <span class='ocrx_word' id='word_1_410' title='bbox 1687 3743 1775 3823; x_wconf 82' lang='lat' dir='ltr'><strong>quod</strong></span> <span class='ocrx_word' id='word_1_411' title='bbox 1797 3741 1933 3803; x_wconf 65' lang='lat' dir='ltr'><strong>llhdoesl</strong></span> 
     </span>
     <span class='ocr_line' id='line_1_39' title="bbox 350 3836 1931 3926; baseline 0.003 -26"><span class='ocrx_word' id='word_1_412' title='bbox 350 3839 445 3901; x_wconf 90' lang='lat' dir='ltr'><strong>bilem</strong></span> <span class='ocrx_word' id='word_1_413' title='bbox 462 3843 633 3923; x_wconf 83' lang='lat' dir='ltr'><strong>veritatem,</strong></span> <span class='ocrx_word' id='word_1_414' title='bbox 652 3846 880 3926; x_wconf 85' lang='lat' dir='ltr'><strong>perfectamque</strong></span> <span class='ocrx_word' id='word_1_415' title='bbox 894 3846 1047 3924; x_wconf 86' lang='lat' dir='ltr'><strong>justitiam</strong></span> <span class='ocrx_word' id='word_1_416' title='bbox 1066 3848 1121 3909; x_wconf 88' lang='lat' dir='ltr'><strong>Dei</strong></span> <span class='ocrx_word' id='word_1_417' title='bbox 1170 3845 1296 3925; x_wconf 74' lang='lat' dir='ltr'><strong>aliquid,</strong></span> <span class='ocrx_word' id='word_1_418' title='bbox 1312 3841 1460 3904; x_wconf 82' lang='lat' dir='ltr'><strong>contrarii</strong></span> <span class='ocrx_word' id='word_1_419' title='bbox 1474 3839 1657 3901; x_wconf 86' lang='lat' dir='ltr'><strong>admistione</strong></span> <span class='ocrx_word' id='word_1_420' title='bbox 1671 3837 1740 3917; x_wconf 73' lang='lat' dir='ltr'><strong>rip‘i</strong></span> <span class='ocrx_word' id='word_1_421' title='bbox 1753 3836 1824 3896; x_wconf 81' lang='lat' dir='ltr'><strong>liert</strong></span> <span class='ocrx_word' id='word_1_422' title='bbox 1838 3837 1931 3914; x_wconf 67' lang='lat' dir='ltr'><strong>purat</strong></span> 
     </span>
     <span class='ocr_line' id='line_1_40' title="bbox 350 3930 1933 4033; baseline -0.003 -40"><span class='ocrx_word' id='word_1_423' title='bbox 350 3932 515 3995; x_wconf 73' lang='lat' dir='ltr'><strong>vumuhus</strong></span> <span class='ocrx_word' id='word_1_424' title='bbox 550 3940 773 4017; x_wconf 66' lang='lat' dir='ltr'><strong>coaptandam</strong></span> <span class='ocrx_word' id='word_1_425' title='bbox 809 3940 977 4000; x_wconf 88' lang='lat' dir='ltr'><strong>secundam</strong></span> <span class='ocrx_word' id='word_1_426' title='bbox 1003 3944 1118 4018; x_wconf 88' lang='lat' dir='ltr'><strong>autem,</strong></span> <span class='ocrx_word' id='word_1_427' title='bbox 1170 3944 1206 3999; x_wconf 93' lang='lat' dir='ltr'><strong>ut</strong></span> <span class='ocrx_word' id='word_1_428' title='bbox 1226 3936 1318 4017; x_wconf 90' lang='lat' dir='ltr'><strong>paulo</strong></span> <span class='ocrx_word' id='word_1_429' title='bbox 1339 3940 1409 4015; x_wconf 87' lang='lat' dir='ltr'><strong>post</strong></span> <span class='ocrx_word' id='word_1_430' title='bbox 1429 3934 1560 3994; x_wconf 75' lang='lat' dir='ltr'><strong>dicatum</strong></span> <span class='ocrx_word' id='word_1_431' title='bbox 1586 3930 1646 3991; x_wconf 87' lang='lat' dir='ltr'><strong>Sed</strong></span> <span class='ocrx_word' id='word_1_432' title='bbox 1668 3946 1727 3990; x_wconf 87' lang='lat' dir='ltr'><strong>nos</strong></span> <span class='ocrx_word' id='word_1_433' title='bbox 1744 3940 1933 4033; x_wconf 70' lang='lat' dir='ltr'><strong>communem</strong></span> 
     </span>
     <span class='ocr_line' id='line_1_41' title="bbox 350 4019 1933 4123; baseline 0.004 -38"><span class='ocrx_word' id='word_1_434' title='bbox 350 4043 421 4104; x_wconf 81' lang='lat' dir='ltr'><strong>qum</strong></span> <span class='ocrx_word' id='word_1_435' title='bbox 435 4028 583 4107; x_wconf 87' lang='lat' dir='ltr'><strong>competit</strong></span> <span class='ocrx_word' id='word_1_436' title='bbox 602 4035 716 4092; x_wconf 81' lang='lat' dir='ltr'><strong>nostra</strong></span> <span class='ocrx_word' id='word_1_437' title='bbox 740 4030 908 4110; x_wconf 78' lang='lat' dir='ltr'><strong>fragilitati,</strong></span> <span class='ocrx_word' id='word_1_438' title='bbox 919 4031 1009 4110; x_wconf 83' lang='lat' dir='ltr'><strong>juxta</strong></span> <span class='ocrx_word' id='word_1_439' title='bbox 1031 4032 1119 4110; x_wconf 84' lang='lat' dir='ltr'><strong>illud,</strong></span> <span class='ocrx_word' id='word_1_440' title='bbox 1169 4029 1318 4109; x_wconf 89' lang='lat' dir='ltr'><strong>loquendi</strong></span> <span class='ocrx_word' id='word_1_441' title='bbox 1331 4044 1452 4088; x_wconf 87' lang='lat' dir='ltr'><strong>morem</strong></span> <span class='ocrx_word' id='word_1_442' title='bbox 1467 4024 1573 4097; x_wconf 70' lang='lat' dir='ltr'><strong>secuti</strong></span> <span class='ocrx_word' id='word_1_443' title='bbox 1584 4021 1769 4103; x_wconf 80' lang='lat' dir='ltr'><strong>perrectum,</strong></span> <span class='ocrx_word' id='word_1_444' title='bbox 1783 4019 1822 4123; x_wconf 55' lang='lat' dir='ltr'><strong>td</strong></span> <span class='ocrx_word' id='word_1_445' title='bbox 1838 4024 1933 4123; x_wconf 59' lang='grc' dir='ltr'><strong>6ῐῆῐῦ</strong></span> 
     </span>
     <span class='ocr_line' id='line_1_42' title="bbox 351 4106 1934 4205; baseline -0.003 -27"><span class='ocrx_word' id='word_1_446' title='bbox 351 4118 436 4196; x_wconf 90' lang='lat' dir='ltr'><strong>quod</strong></span> <span class='ocrx_word' id='word_1_447' title='bbox 449 4119 483 4179; x_wconf 91' lang='lat' dir='ltr'><strong>in</strong></span> <span class='ocrx_word' id='word_1_448' title='bbox 501 4120 629 4183; x_wconf 87' lang='lat' dir='ltr'><strong>Psalmis</strong></span> <span class='ocrx_word' id='word_1_449' title='bbox 643 4122 764 4199; x_wconf 86' lang='lat' dir='ltr'><strong>dicitur,</strong></span> <span class='ocrx_word' id='word_1_450' title='bbox 781 4122 850 4185; x_wconf 85' lang='lat' dir='ltr'><strong>Non</strong></span> <span class='ocrx_word' id='word_1_451' title='bbox 860 4122 1080 4205; x_wconf 75' lang='lat' dir='ltr'><strong>justificabitur</strong></span> <span class='ocrx_word' id='word_1_452' title='bbox 1091 4123 1122 4185; x_wconf 83' lang='lat' dir='ltr'><strong>in</strong></span> <span class='ocrx_word' id='word_1_453' title='bbox 1171 4122 1249 4184; x_wconf 88' lang='lat' dir='ltr'><strong>nihil</strong></span> <span class='ocrx_word' id='word_1_454' title='bbox 1271 4120 1360 4195; x_wconf 86' lang='lat' dir='ltr'><strong>desit,</strong></span> <span class='ocrx_word' id='word_1_455' title='bbox 1379 4118 1500 4179; x_wconf 87' lang='lat' dir='ltr'><strong>duobus</strong></span> <span class='ocrx_word' id='word_1_456' title='bbox 1523 4114 1624 4177; x_wconf 88' lang='lat' dir='ltr'><strong>modis</strong></span> <span class='ocrx_word' id='word_1_457' title='bbox 1640 4111 1874 4191; x_wconf 77' lang='lat' dir='ltr'><strong>usurpabimus.</strong></span> <span class='ocrx_word' id='word_1_458' title='bbox 1885 4106 1934 4167; x_wconf 73' lang='lat' dir='ltr'><strong>lel</strong></span> 
     </span>
     <span class='ocr_line' id='line_1_43' title="bbox 352 4200 1934 4307; baseline -0.003 -37"><span class='ocrx_word' id='word_1_459' title='bbox 352 4217 501 4290; x_wconf 82' lang='lat' dir='ltr'><strong>conspeetu</strong></span> <span class='ocrx_word' id='word_1_460' title='bbox 515 4218 566 4272; x_wconf 84' lang='lat' dir='ltr'><strong>tuo</strong></span> <span class='ocrx_word' id='word_1_461' title='bbox 580 4214 672 4274; x_wconf 81' lang='lat' dir='ltr'><strong>munis</strong></span> <span class='ocrx_word' id='word_1_462' title='bbox 686 4215 784 4279; x_wconf 83' lang='lat' dir='ltr'><strong>vivens</strong></span> <span class='ocrx_word' id='word_1_463' title='bbox 799 4234 808 4276; x_wconf 91' lang='grc'><strong>.·</strong></span> <span class='ocrx_word' id='word_1_464' title='bbox 823 4215 863 4276; x_wconf 90' lang='lat' dir='ltr'><strong>ad</strong></span> <span class='ocrx_word' id='word_1_465' title='bbox 877 4233 948 4277; x_wconf 89' lang='lat' dir='ltr'><strong>eam</strong></span> <span class='ocrx_word' id='word_1_466' title='bbox 957 4215 1120 4294; x_wconf 86' lang='lat' dir='ltr'><strong>justitiam,</strong></span> <span class='ocrx_word' id='word_1_467' title='bbox 1171 4214 1244 4296; x_wconf 89' lang='lat' dir='ltr'><strong>quia</strong></span> <span class='ocrx_word' id='word_1_468' title='bbox 1258 4212 1404 4293; x_wconf 89' lang='lat' dir='ltr'><strong>partium,</strong></span> <span class='ocrx_word' id='word_1_469' title='bbox 1421 4228 1461 4271; x_wconf 82' lang='lat' dir='ltr'><strong>ex</strong></span> <span class='ocrx_word' id='word_1_470' title='bbox 1473 4208 1586 4288; x_wconf 80' lang='lat' dir='ltr'><strong>quibus</strong></span> <span class='ocrx_word' id='word_1_471' title='bbox 1599 4205 1786 4285; x_wconf 77' lang='lat' dir='ltr'><strong>completum,</strong></span> <span class='ocrx_word' id='word_1_472' title='bbox 1797 4202 1882 4307; x_wconf 76' lang='lat' dir='ltr'><strong>nulla</strong></span> <span class='ocrx_word' id='word_1_473' title='bbox 1892 4200 1934 4261; x_wconf 70' lang='lat' dir='ltr'><strong>dc</strong></span> 
     </span>
     <span class='ocr_line' id='line_1_44' title="bbox 352 4297 1934 4385; baseline 0 -24"><span class='ocrx_word' id='word_1_474' title='bbox 352 4319 422 4380; x_wconf 75' lang='lat' dir='ltr'><strong>quae</strong></span> <span class='ocrx_word' id='word_1_475' title='bbox 433 4321 497 4363; x_wconf 90' lang='lat' dir='ltr'><strong>nou</strong></span> <span class='ocrx_word' id='word_1_476' title='bbox 507 4306 748 4385; x_wconf 89' lang='lat' dir='ltr'><strong>comparatione,</strong></span> <span class='ocrx_word' id='word_1_477' title='bbox 760 4307 812 4367; x_wconf 89' lang='lat' dir='ltr'><strong>scd</strong></span> <span class='ocrx_word' id='word_1_478' title='bbox 822 4306 877 4368; x_wconf 87' lang='lat' dir='ltr'><strong>Dei</strong></span> <span class='ocrx_word' id='word_1_479' title='bbox 883 4306 1002 4385; x_wconf 88' lang='lat' dir='ltr'><strong>justitia</strong></span> <span class='ocrx_word' id='word_1_480' title='bbox 1011 4306 1123 4368; x_wconf 89' lang='lat' dir='ltr'><strong>dicitur</strong></span> <span class='ocrx_word' id='word_1_481' title='bbox 1173 4308 1339 4379; x_wconf 82' lang='lat' dir='ltr'><strong>sideratur3</strong></span> <span class='ocrx_word' id='word_1_482' title='bbox 1367 4304 1450 4364; x_wconf 89' lang='lat' dir='ltr'><strong>unde</strong></span> <span class='ocrx_word' id='word_1_483' title='bbox 1475 4301 1512 4362; x_wconf 89' lang='lat' dir='ltr'><strong>fit</strong></span> <span class='ocrx_word' id='word_1_484' title='bbox 1538 4299 1626 4373; x_wconf 91' lang='lat' dir='ltr'><strong>illud,</strong></span> <span class='ocrx_word' id='word_1_485' title='bbox 1653 4297 1739 4376; x_wconf 83' lang='lat' dir='ltr'><strong>quod</strong></span> <span class='ocrx_word' id='word_1_486' title='bbox 1766 4299 1934 4356; x_wconf 70' lang='lat' dir='ltr'><strong>flammatur</strong></span> 
     </span>
     <span class='ocr_line' id='line_1_45' title="bbox 353 4383 1934 4477; baseline -0.005 -23"><span class='ocrx_word' id='word_1_487' title='bbox 353 4411 418 4455; x_wconf 87' lang='lat' dir='ltr'><strong>esse</strong></span> <span class='ocrx_word' id='word_1_488' title='bbox 431 4396 574 4474; x_wconf 88' lang='lat' dir='ltr'><strong>perfecta.</strong></span> <span class='ocrx_word' id='word_1_489' title='bbox 590 4397 649 4459; x_wconf 87' lang='lat' dir='ltr'><strong>lob</strong></span> <span class='ocrx_word' id='word_1_490' title='bbox 663 4417 786 4477; x_wconf 87' lang='lat' dir='ltr'><strong>quoque</strong></span> <span class='ocrx_word' id='word_1_491' title='bbox 798 4404 830 4459; x_wconf 89' lang='lat' dir='ltr'><strong>et</strong></span> <span class='ocrx_word' id='word_1_492' title='bbox 842 4398 1004 4458; x_wconf 85' lang='lat' dir='ltr'><strong>Zacharias</strong></span> <span class='ocrx_word' id='word_1_493' title='bbox 1020 4405 1051 4460; x_wconf 88' lang='lat' dir='ltr'><strong>et</strong></span> <span class='ocrx_word' id='word_1_494' title='bbox 1063 4399 1124 4459; x_wconf 85' lang='lat' dir='ltr'><strong>Eli·</strong></span> <span class='ocrx_word' id='word_1_495' title='bbox 1172 4401 1243 4470; x_wconf 74' lang='lat' dir='ltr'><strong>stov,</strong></span> <span class='ocrx_word' id='word_1_496' title='bbox 1267 4397 1299 4457; x_wconf 91' lang='lat' dir='ltr'><strong>id</strong></span> <span class='ocrx_word' id='word_1_497' title='bbox 1323 4402 1368 4457; x_wconf 89' lang='lat' dir='ltr'><strong>est</strong></span> <span class='ocrx_word' id='word_1_498' title='bbox 1391 4401 1496 4465; x_wconf 71' lang='lat' dir='ltr'><strong>toturn,</strong></span> <span class='ocrx_word' id='word_1_499' title='bbox 1521 4392 1585 4452; x_wconf 84' lang='lat' dir='ltr'><strong>siva</strong></span> <span class='ocrx_word' id='word_1_500' title='bbox 1611 4390 1770 4469; x_wconf 72' lang='lat' dir='ltr'><strong>iuteprmn,</strong></span> <span class='ocrx_word' id='word_1_501' title='bbox 1800 4386 1882 4466; x_wconf 84' lang='lat' dir='ltr'><strong>quod</strong></span> <span class='ocrx_word' id='word_1_502' title='bbox 1901 4383 1934 4443; x_wconf 81' lang='lat' dir='ltr'><strong>ab</strong></span> 
     </span>
     <span class='ocr_line' id='line_1_46' title="bbox 353 4479 1934 4579; baseline -0.003 -34"><span class='ocrx_word' id='word_1_503' title='bbox 353 4485 461 4546; x_wconf 88' lang='lat' dir='ltr'><strong>sabeth</strong></span> <span class='ocrx_word' id='word_1_504' title='bbox 474 4488 551 4566; x_wconf 84' lang='lat' dir='ltr'><strong>justi</strong></span> <span class='ocrx_word' id='word_1_505' title='bbox 573 4489 646 4549; x_wconf 88' lang='lat' dir='ltr'><strong>dicti</strong></span> <span class='ocrx_word' id='word_1_506' title='bbox 665 4497 747 4566; x_wconf 90' lang='lat' dir='ltr'><strong>sunt,</strong></span> <span class='ocrx_word' id='word_1_507' title='bbox 764 4491 934 4551; x_wconf 88' lang='lat' dir='ltr'><strong>secundum</strong></span> <span class='ocrx_word' id='word_1_508' title='bbox 952 4508 1022 4551; x_wconf 91' lang='lat' dir='ltr'><strong>eam</strong></span> <span class='ocrx_word' id='word_1_509' title='bbox 1036 4491 1125 4568; x_wconf 85' lang='lat' dir='ltr'><strong>justi-</strong></span> <span class='ocrx_word' id='word_1_510' title='bbox 1173 4488 1334 4551; x_wconf 80' lang='lat' dir='ltr'><strong>Aristotele</strong></span> <span class='ocrx_word' id='word_1_511' title='bbox 1348 4486 1495 4547; x_wconf 86' lang='lat' dir='ltr'><strong>definitur</strong></span> <span class='ocrx_word' id='word_1_512' title='bbox 1510 4484 1551 4559; x_wconf 88' lang='lat' dir='ltr'><strong>id,</strong></span> <span class='ocrx_word' id='word_1_513' title='bbox 1571 4503 1587 4539; x_wconf 86' lang='lat' dir='ltr'><strong>u</strong></span> <span class='ocrx_word' id='word_1_514' title='bbox 1603 4481 1691 4559; x_wconf 88' lang='lat' dir='ltr'><strong>cujus</strong></span> <span class='ocrx_word' id='word_1_515' title='bbox 1708 4479 1799 4540; x_wconf 90' lang='lat' dir='ltr'><strong>nulla</strong></span> <span class='ocrx_word' id='word_1_516' title='bbox 1811 4496 1879 4559; x_wconf 80' lang='lat' dir='ltr'><strong>pars</strong></span> <span class='ocrx_word' id='word_1_517' title='bbox 1890 4494 1934 4579; x_wconf 60' lang='grc' dir='ltr'><strong>εε</strong></span> 
     </span>
     <span class='ocr_line' id='line_1_47' title="bbox 353 4575 1934 4663; baseline -0.006 -24"><span class='ocrx_word' id='word_1_518' title='bbox 353 4578 445 4655; x_wconf 89' lang='lat' dir='ltr'><strong>tiam,</strong></span> <span class='ocrx_word' id='word_1_519' title='bbox 471 4598 541 4658; x_wconf 79' lang='lat' dir='ltr'><strong>quaa</strong></span> <span class='ocrx_word' id='word_1_520' title='bbox 563 4582 659 4661; x_wconf 91' lang='lat' dir='ltr'><strong>possit</strong></span> <span class='ocrx_word' id='word_1_521' title='bbox 687 4583 721 4643; x_wconf 91' lang='lat' dir='ltr'><strong>in</strong></span> <span class='ocrx_word' id='word_1_522' title='bbox 748 4583 930 4663; x_wconf 87' lang='lat' dir='ltr'><strong>injustitiam</strong></span> <span class='ocrx_word' id='word_1_523' title='bbox 957 4582 1124 4662; x_wconf 89' lang='lat' dir='ltr'><strong>aliquando</strong></span> <span class='ocrx_word' id='word_1_524' title='bbox 1174 4599 1245 4641; x_wconf 91' lang='lat' dir='ltr'><strong>rum</strong></span> <span class='ocrx_word' id='word_1_525' title='bbox 1268 4580 1425 4651; x_wconf 72' lang='lat' dir='ltr'><strong>chester</strong></span> <span class='ocrx_word' id='word_1_526' title='bbox 1452 4575 1566 4656; x_wconf 88' lang='lat' dir='ltr'><strong>quibus</strong></span> <span class='ocrx_word' id='word_1_527' title='bbox 1586 4579 1697 4635; x_wconf 89' lang='lat' dir='ltr'><strong>natura</strong></span> <span class='ocrx_word' id='word_1_528' title='bbox 1719 4578 1825 4632; x_wconf 88' lang='lat' dir='ltr'><strong>totum</strong></span> <span class='ocrx_word' id='word_1_529' title='bbox 1844 4586 1934 4631; x_wconf 84' lang='lat' dir='ltr'><strong>nom·</strong></span> 
     </span>
     <span class='ocr_line' id='line_1_48' title="bbox 354 4661 1934 4767; baseline 0.011 -38"><span class='ocrx_word' id='word_1_530' title='bbox 354 4671 480 4748; x_wconf 86' lang='lat' dir='ltr'><strong>mutari,</strong></span> <span class='ocrx_word' id='word_1_531' title='bbox 504 4677 535 4732; x_wconf 91' lang='lat' dir='ltr'><strong>et</strong></span> <span class='ocrx_word' id='word_1_532' title='bbox 554 4692 618 4734; x_wconf 91' lang='lat' dir='ltr'><strong>non</strong></span> <span class='ocrx_word' id='word_1_533' title='bbox 637 4676 808 4736; x_wconf 90' lang='lat' dir='ltr'><strong>secuudum</strong></span> <span class='ocrx_word' id='word_1_534' title='bbox 830 4675 927 4753; x_wconf 84' lang='lat' dir='ltr'><strong>illam,</strong></span> <span class='ocrx_word' id='word_1_535' title='bbox 953 4692 1023 4754; x_wconf 80' lang='lat' dir='ltr'><strong>qua</strong></span> <span class='ocrx_word' id='word_1_536' title='bbox 1045 4692 1125 4736; x_wconf 91' lang='lat' dir='ltr'><strong>nun·</strong></span> <span class='ocrx_word' id='word_1_537' title='bbox 1174 4679 1301 4734; x_wconf 50' lang='lat' dir='ltr'><strong>natura</strong></span> <span class='ocrx_word' id='word_1_538' title='bbox 1318 4694 1333 4729; x_wconf 81' lang='lat' dir='ltr'><strong>u</strong></span> <span class='ocrx_word' id='word_1_539' title='bbox 1351 4671 1408 4731; x_wconf 89' lang='lat' dir='ltr'><strong>Vel</strong></span> <span class='ocrx_word' id='word_1_540' title='bbox 1422 4670 1496 4749; x_wconf 83' lang='lat' dir='ltr'><strong>quia</strong></span> <span class='ocrx_word' id='word_1_541' title='bbox 1507 4667 1700 4746; x_wconf 79' lang='lat' dir='ltr'><strong>singularum</strong></span> <span class='ocrx_word' id='word_1_542' title='bbox 1711 4661 1934 4767; x_wconf 51' lang='lat' dir='ltr'><strong>llfflfiflfflfhw‘</strong></span> 
     </span>
     <span class='ocr_line' id='line_1_49' title="bbox 355 4752 1933 4855; baseline 0.009 -32"><span class='ocrx_word' id='word_1_543' title='bbox 355 4780 450 4842; x_wconf 92' lang='lat' dir='ltr'><strong>quam</strong></span> <span class='ocrx_word' id='word_1_544' title='bbox 464 4766 578 4825; x_wconf 86' lang='lat' dir='ltr'><strong>mutari</strong></span> <span class='ocrx_word' id='word_1_545' title='bbox 591 4772 700 4845; x_wconf 89' lang='lat' dir='ltr'><strong>potest.</strong></span> <span class='ocrx_word' id='word_1_546' title='bbox 717 4788 732 4826; x_wconf 79' lang='lat' dir='ltr'><strong>u</strong></span> <span class='ocrx_word' id='word_1_547' title='bbox 748 4767 827 4828; x_wconf 89' lang='lat' dir='ltr'><strong>Huic</strong></span> <span class='ocrx_word' id='word_1_548' title='bbox 839 4785 913 4827; x_wconf 82' lang='lat' dir='ltr'><strong>vero</strong></span> <span class='ocrx_word' id='word_1_549' title='bbox 927 4766 1123 4843; x_wconf 84' lang='lat' dir='ltr'><strong>absolutioni,</strong></span> <span class='ocrx_word' id='word_1_550' title='bbox 1174 4766 1241 4828; x_wconf 87' lang='lat' dir='ltr'><strong>luta</strong></span> <span class='ocrx_word' id='word_1_551' title='bbox 1272 4764 1415 4844; x_wconf 63' lang='lat' dir='ltr'><strong>quaedum</strong></span> <span class='ocrx_word' id='word_1_552' title='bbox 1449 4767 1505 4834; x_wconf 66' lang='lat' dir='ltr'><strong>esi,</strong></span> <span class='ocrx_word' id='word_1_553' title='bbox 1539 4765 1571 4820; x_wconf 68' lang='grc' dir='ltr'><strong>θῒ</strong></span> <span class='ocrx_word' id='word_1_554' title='bbox 1598 4757 1752 4823; x_wconf 57' lang='lat' dir='ltr'><strong>Mum</strong></span> <span class='ocrx_word' id='word_1_555' title='bbox 1784 4752 1933 4855; x_wconf 55' lang='lat' dir='ltr'><strong>mm·</strong></span> 
     </span>
     <span class='ocr_line' id='line_1_50' title="bbox 355 4849 1935 4949; baseline -0.004 -35"><span class='ocrx_word' id='word_1_556' title='bbox 355 4872 426 4934; x_wconf 77' lang='lat' dir='ltr'><strong>quta</strong></span> <span class='ocrx_word' id='word_1_557' title='bbox 439 4857 622 4919; x_wconf 82' lang='lat' dir='ltr'><strong>mortalibus</strong></span> <span class='ocrx_word' id='word_1_558' title='bbox 630 4858 690 4918; x_wconf 90' lang='lat' dir='ltr'><strong>hac</strong></span> <span class='ocrx_word' id='word_1_559' title='bbox 700 4860 733 4919; x_wconf 91' lang='lat' dir='ltr'><strong>in</strong></span> <span class='ocrx_word' id='word_1_560' title='bbox 742 4860 806 4919; x_wconf 83' lang='lat' dir='ltr'><strong>vita</strong></span> <span class='ocrx_word' id='word_1_561' title='bbox 819 4858 974 4938; x_wconf 86' lang='lat' dir='ltr'><strong>competit,</strong></span> <span class='ocrx_word' id='word_1_562' title='bbox 990 4859 1127 4921; x_wconf 89' lang='lat' dir='ltr'><strong>multum</strong></span> <span class='ocrx_word' id='word_1_563' title='bbox 1176 4859 1296 4919; x_wconf 90' lang='lat' dir='ltr'><strong>Horum</strong></span> <span class='ocrx_word' id='word_1_564' title='bbox 1305 4854 1512 4936; x_wconf 86' lang='lat' dir='ltr'><strong>perlectorum</strong></span> <span class='ocrx_word' id='word_1_565' title='bbox 1521 4853 1607 4932; x_wconf 86' lang='lat' dir='ltr'><strong>prius</strong></span> <span class='ocrx_word' id='word_1_566' title='bbox 1618 4849 1789 4911; x_wconf 77' lang='lat' dir='ltr'><strong>seeundum</strong></span> <span class='ocrx_word' id='word_1_567' title='bbox 1808 4854 1935 4949; x_wconf 57' lang='lat' dir='ltr'><strong>caterua</strong></span> 
     </span>
     <span class='ocr_line' id='line_1_51' title="bbox 355 4936 1933 5044; baseline 0.002 -37"><span class='ocrx_word' id='word_1_568' title='bbox 355 4965 478 5028; x_wconf 87' lang='lat' dir='ltr'><strong>semper</strong></span> <span class='ocrx_word' id='word_1_569' title='bbox 490 4948 584 5009; x_wconf 89' lang='lat' dir='ltr'><strong>deest.</strong></span> <span class='ocrx_word' id='word_1_570' title='bbox 601 4950 706 5029; x_wconf 84' lang='lat' dir='ltr'><strong>ltaque</strong></span> <span class='ocrx_word' id='word_1_571' title='bbox 723 4968 857 5011; x_wconf 87' lang='lat' dir='ltr'><strong>crescere</strong></span> <span class='ocrx_word' id='word_1_572' title='bbox 871 4968 1002 5029; x_wconf 87' lang='lat' dir='ltr'><strong>semper,</strong></span> <span class='ocrx_word' id='word_1_573' title='bbox 1019 4955 1050 5010; x_wconf 92' lang='lat' dir='ltr'><strong>et</strong></span> <span class='ocrx_word' id='word_1_574' title='bbox 1063 4949 1126 5010; x_wconf 89' lang='lat' dir='ltr'><strong>ela·</strong></span> <span class='ocrx_word' id='word_1_575' title='bbox 1176 4968 1242 5011; x_wconf 84' lang='lat' dir='ltr'><strong>nem</strong></span> <span class='ocrx_word' id='word_1_576' title='bbox 1269 4946 1419 5028; x_wconf 81' lang='lat' dir='ltr'><strong>appellari</strong></span> <span class='ocrx_word' id='word_1_577' title='bbox 1442 4951 1556 5025; x_wconf 80' lang='lat' dir='ltr'><strong>potest,</strong></span> <span class='ocrx_word' id='word_1_578' title='bbox 1582 4943 1677 5022; x_wconf 80' lang='lat' dir='ltr'><strong>vulgo</strong></span> <span class='ocrx_word' id='word_1_579' title='bbox 1709 4943 1857 5044; x_wconf 56' lang='lat' dir='ltr'><strong>extenti&amp;</strong></span> <span class='ocrx_word' id='word_1_580' title='bbox 1879 4936 1933 4997; x_wconf 52' lang='grc' dir='ltr'><strong>ἀεὶ</strong></span> 
     </span>
     <span class='ocr_line' id='line_1_52' title="bbox 355 5024 1935 5125; baseline -0.003 -24"><span class='ocrx_word' id='word_1_581' title='bbox 355 5038 459 5101; x_wconf 75' lang='lat' dir='ltr'><strong>horati</strong></span> <span class='ocrx_word' id='word_1_582' title='bbox 470 5047 580 5125; x_wconf 86' lang='lat' dir='ltr'><strong>potest,</strong></span> <span class='ocrx_word' id='word_1_583' title='bbox 597 5042 765 5123; x_wconf 86' lang='lat' dir='ltr'><strong>acperfiei;</strong></span> <span class='ocrx_word' id='word_1_584' title='bbox 776 5043 868 5123; x_wconf 89' lang='lat' dir='ltr'><strong>idque</strong></span> <span class='ocrx_word' id='word_1_585' title='bbox 880 5042 1034 5104; x_wconf 78' lang='lat' dir='ltr'><strong>bifariam.</strong></span> <span class='ocrx_word' id='word_1_586' title='bbox 1048 5043 1128 5105; x_wconf 88' lang='lat' dir='ltr'><strong>Nam</strong></span> <span class='ocrx_word' id='word_1_587' title='bbox 1177 5041 1272 5117; x_wconf 72' lang='lat' dir='ltr'><strong>solet,</strong></span> <span class='ocrx_word' id='word_1_588' title='bbox 1282 5038 1436 5121; x_wconf 87' lang='lat' dir='ltr'><strong>posterius</strong></span> <span class='ocrx_word' id='word_1_589' title='bbox 1453 5036 1625 5099; x_wconf 88' lang='lat' dir='ltr'><strong>secundum</strong></span> <span class='ocrx_word' id='word_1_590' title='bbox 1645 5024 1935 5109; x_wconf 62' lang='lat' dir='ltr'><strong>inconsummati</strong></span> 
     </span>
    </p>
   </div>
   <div class='ocr_carea' id='block_1_4' title="bbox 395 5279 1889 5393">
    <p class='ocr_par' dir='ltr' id='par_1_4' title="bbox 395 5279 1889 5393">
     <span class='ocr_line' id='line_1_53' title="bbox 395 5279 1889 5393; baseline -0.008 -18"><span class='ocrx_word' id='word_1_591' title='bbox 395 5336 416 5375; x_wconf 87' lang='grc' dir='ltr'><em>α</em></span> <span class='ocrx_word' id='word_1_592' title='bbox 434 5320 525 5376; x_wconf 77' lang='lat' dir='ltr'><strong>Amsr.</strong></span> <span class='ocrx_word' id='word_1_593' title='bbox 547 5321 579 5378; x_wconf 83' lang='lat' dir='ltr'><strong>V.</strong></span> <span class='ocrx_word' id='word_1_594' title='bbox 604 5319 734 5393; x_wconf 81' lang='lat' dir='ltr'><strong>Metaplt.</strong></span> <span class='ocrx_word' id='word_1_595' title='bbox 751 5335 811 5391; x_wconf 84' lang='lat' dir='ltr'><strong>cap.</strong></span> <span class='ocrx_word' id='word_1_596' title='bbox 827 5335 902 5376; x_wconf 78' lang='lat' dir='ltr'><strong>nrt.</strong></span> <span class='ocrx_word' id='word_1_597' title='bbox 924 5279 1006 5374; x_wconf 71' lang='lat' dir='ltr'><strong>“Olor</strong></span> <span class='ocrx_word' id='word_1_598' title='bbox 1019 5319 1128 5392; x_wconf 72' lang='grc' dir='ltr'><strong>λέγεται,</strong></span> <span class='ocrx_word' id='word_1_599' title='bbox 1173 5310 1202 5371; x_wconf 79' lang='lat' dir='ltr'><strong>ot</strong></span> <span class='ocrx_word' id='word_1_600' title='bbox 1218 5316 1292 5391; x_wconf 71' lang='grc' dir='ltr'>μηδὲν</span> <span class='ocrx_word' id='word_1_601' title='bbox 1302 5316 1388 5373; x_wconf 74' lang='grc' dir='ltr'>ἄπεστι</span> <span class='ocrx_word' id='word_1_602' title='bbox 1404 5314 1487 5390; x_wconf 74' lang='grc' dir='ltr'><strong>μέρος,</strong></span> <span class='ocrx_word' id='word_1_603' title='bbox 1500 5311 1524 5376; x_wconf 78' lang='grc' dir='ltr'><strong>ἐξ</strong></span> <span class='ocrx_word' id='word_1_604' title='bbox 1538 5307 1573 5367; x_wconf 81' lang='grc' dir='ltr'><strong>ὧν</strong></span> <span class='ocrx_word' id='word_1_605' title='bbox 1586 5311 1685 5384; x_wconf 66' lang='grc' dir='ltr'><strong>λέγεται</strong></span> <span class='ocrx_word' id='word_1_606' title='bbox 1698 5310 1730 5365; x_wconf 68' lang='grc' dir='ltr'><strong>τὸ</strong></span> <span class='ocrx_word' id='word_1_607' title='bbox 1743 5311 1803 5365; x_wconf 67' lang='grc' dir='ltr'><strong>ὅλον</strong></span> <span class='ocrx_word' id='word_1_608' title='bbox 1815 5308 1889 5381; x_wconf 64' lang='grc' dir='ltr'><strong>φύσει.</strong></span> 
     </span>
    </p>
   </div>
   <div class='ocr_carea' id='block_1_5' title="bbox 359 5459 1937 5595">
    <p class='ocr_par' dir='ltr' id='par_1_5' title="bbox 359 5459 1937 5595">
     <span class='ocr_line' id='line_1_54' title="bbox 387 5459 1937 5530; baseline -0.007 -11"><span class='ocrx_word' id='word_1_609' title='bbox 387 5475 398 5519; x_wconf 89' lang='lat' dir='ltr'>l</span> <span class='ocrx_word' id='word_1_610' title='bbox 410 5475 476 5520; x_wconf 71' lang='lat' dir='ltr'><strong>drab.</strong></span> <span class='ocrx_word' id='word_1_611' title='bbox 488 5475 519 5519; x_wconf 88' lang='lat'><strong>111</strong></span> <span class='ocrx_word' id='word_1_612' title='bbox 541 5476 580 5530; x_wconf 67' lang='lat' dir='ltr'><strong>Off.</strong></span> <span class='ocrx_word' id='word_1_613' title='bbox 593 5489 613 5521; x_wconf 84' lang='grc' dir='ltr'><strong>ε.</strong></span> <span class='ocrx_word' id='word_1_614' title='bbox 625 5488 651 5521; x_wconf 83' lang='lat' dir='ltr'><strong>rt.</strong></span> <span class='ocrx_word' id='word_1_615' title='bbox 669 5500 697 5511; x_wconf 95' lang='lat'>-</span> <span class='ocrx_word' id='word_1_616' title='bbox 711 5477 810 5523; x_wconf 74' lang='lat' dir='ltr'><strong>sumu.</strong></span> <span class='ocrx_word' id='word_1_617' title='bbox 824 5487 846 5521; x_wconf 78' lang='lat' dir='ltr'><strong>r.</strong></span> <span class='ocrx_word' id='word_1_618' title='bbox 858 5498 884 5509; x_wconf 97' lang='lat'><em>-</em></span> <span class='ocrx_word' id='word_1_619' title='bbox 895 5477 910 5521; x_wconf 79' lang='lat'><em>8</em></span> <span class='ocrx_word' id='word_1_620' title='bbox 920 5476 977 5521; x_wconf 80' lang='lat' dir='ltr'><strong>Phil.</strong></span> <span class='ocrx_word' id='word_1_621' title='bbox 989 5487 1025 5518; x_wconf 81' lang='grc' dir='ltr'>ιιι.</span> <span class='ocrx_word' id='word_1_622' title='bbox 1043 5496 1072 5507; x_wconf 91' lang='grc'>-</span> <span class='ocrx_word' id='word_1_623' title='bbox 1083 5473 1097 5517; x_wconf 75' lang='lat' dir='ltr'><strong>t</strong></span> <span class='ocrx_word' id='word_1_624' title='bbox 1108 5472 1154 5518; x_wconf 84' lang='lat' dir='ltr'><strong>Glo.</strong></span> <span class='ocrx_word' id='word_1_625' title='bbox 1166 5471 1206 5516; x_wconf 85' lang='lat' dir='ltr'>llb.</span> <span class='ocrx_word' id='word_1_626' title='bbox 1219 5470 1251 5515; x_wconf 90' lang='lat' dir='ltr'><strong>lll</strong></span> <span class='ocrx_word' id='word_1_627' title='bbox 1260 5471 1287 5516; x_wconf 81' lang='lat' dir='ltr'><strong>dc</strong></span> <span class='ocrx_word' id='word_1_628' title='bbox 1299 5470 1338 5525; x_wconf 68' lang='lat' dir='ltr'><strong>Off.</strong></span> <span class='ocrx_word' id='word_1_629' title='bbox 1350 5470 1397 5513; x_wconf 77' lang='lat'><strong>-5</strong></span> <span class='ocrx_word' id='word_1_630' title='bbox 1408 5470 1527 5524; x_wconf 68' lang='lat' dir='ltr'><strong>ictuum,</strong></span> <span class='ocrx_word' id='word_1_631' title='bbox 1540 5466 1564 5514; x_wconf 76' lang='grc'><strong>8.</strong></span> <span class='ocrx_word' id='word_1_632' title='bbox 1573 5487 1601 5500; x_wconf 91' lang='lat'><em>-</em></span> <span class='ocrx_word' id='word_1_633' title='bbox 1611 5465 1626 5510; x_wconf 74' lang='lat' dir='ltr'><strong>t</strong></span> <span class='ocrx_word' id='word_1_634' title='bbox 1636 5465 1696 5522; x_wconf 67' lang='lat' dir='ltr'><strong>Aug.</strong></span> <span class='ocrx_word' id='word_1_635' title='bbox 1708 5464 1750 5509; x_wconf 81' lang='lat' dir='ltr'><strong>ut.</strong></span> <span class='ocrx_word' id='word_1_636' title='bbox 1763 5463 1803 5516; x_wconf 84' lang='grc' dir='ltr'><strong>ΠΙ,</strong></span> <span class='ocrx_word' id='word_1_637' title='bbox 1812 5462 1873 5509; x_wconf 75' lang='lat' dir='ltr'><strong>cont</strong></span> <span class='ocrx_word' id='word_1_638' title='bbox 1888 5459 1937 5502; x_wconf 61' lang='grc' dir='ltr'><strong>Η</strong></span> 
     </span>
     <span class='ocr_line' id='line_1_55' title="bbox 359 5531 1422 5595; baseline -0.006 -13"><span class='ocrx_word' id='word_1_639' title='bbox 359 5539 423 5592; x_wconf 76' lang='lat' dir='ltr'><strong>epist.</strong></span> <span class='ocrx_word' id='word_1_640' title='bbox 437 5538 521 5592; x_wconf 71' lang='lat' dir='ltr'><strong>Pelea,</strong></span> <span class='ocrx_word' id='word_1_641' title='bbox 533 5550 552 5582; x_wconf 89' lang='lat' dir='ltr'><strong>o.</strong></span> <span class='ocrx_word' id='word_1_642' title='bbox 565 5549 640 5584; x_wconf 76' lang='lat' dir='ltr'><strong>mu—</strong></span> <span class='ocrx_word' id='word_1_643' title='bbox 650 5540 662 5584; x_wconf 85' lang='grc'><strong>7</strong></span> <span class='ocrx_word' id='word_1_644' title='bbox 672 5539 749 5595; x_wconf 69' lang='lat' dir='ltr'><strong>Epipr.</strong></span> <span class='ocrx_word' id='word_1_645' title='bbox 761 5550 828 5583; x_wconf 82' lang='lat' dir='ltr'><strong>mn.</strong></span> <span class='ocrx_word' id='word_1_646' title='bbox 838 5560 866 5571; x_wconf 95' lang='lat'>-</span> <span class='ocrx_word' id='word_1_647' title='bbox 876 5538 890 5583; x_wconf 82' lang='grc'><strong>8</strong></span> <span class='ocrx_word' id='word_1_648' title='bbox 901 5538 994 5593; x_wconf 81' lang='lat' dir='ltr'><strong>Prosper</strong></span> <span class='ocrx_word' id='word_1_649' title='bbox 1005 5539 1066 5583; x_wconf 72' lang='lat' dir='ltr'><strong>seut.</strong></span> <span class='ocrx_word' id='word_1_650' title='bbox 1078 5533 1168 5582; x_wconf 75' lang='lat' dir='ltr'><strong>era-s</strong></span> <span class='ocrx_word' id='word_1_651' title='bbox 1179 5536 1248 5580; x_wconf 79' lang='lat' dir='ltr'><strong>serm.</strong></span> <span class='ocrx_word' id='word_1_652' title='bbox 1261 5545 1296 5579; x_wconf 84' lang='lat' dir='ltr'><strong>ut.</strong></span> <span class='ocrx_word' id='word_1_653' title='bbox 1311 5534 1338 5583; x_wconf 70' lang='lat' dir='ltr'><strong>dt</strong></span> <span class='ocrx_word' id='word_1_654' title='bbox 1349 5531 1422 5587; x_wconf 71' lang='grc' dir='ltr'><strong>Μ.</strong></span> 
     </span>
    </p>
   </div>
   <div class='ocr_carea' id='block_1_6' title="bbox 0 0 2042 6196">
    <p class='ocr_par' dir='ltr' id='par_1_6' title="bbox 0 0 2042 6196">
     <span class='ocr_line' id='line_1_56' title="bbox 0 0 2042 6196; baseline 0 0"><span class='ocrx_word' id='word_1_655' title='bbox 0 0 2042 6196; x_wconf 95' lang='lat' dir='ltr'><strong> </strong></span> 
     </span>
    </p>
   </div>
  </div>
 </body>
</html>
