3956 6168
408 249 458 310 DE
477 249 551 310 1)Εο
571 247 715 322 DEIQUE
735 247 1076 325 PROPRIETATIBUS,
1098 251 1171 312 ΗΒ.
1194 252 1231 327 V,
1254 251 1337 313 CAP.
1360 253 1412 313 lx.
1646 256 1706 321 463

107 415 190 477 rima
205 421 376 495 percenset,
391 412 504 495 qulbus
519 415 579 475 iste
591 414 764 476 subnectit:
782 435 797 472 a
813 413 883 475 Non
931 413 1011 474 sicut
1023 419 1056 475 et
1068 414 1201 479 ebaritas
1214 417 1368 479 convenit.
1380 418 1459 481 Nam
1472 418 1550 499 quid
1563 424 1609 483 est
1621 421 1706 487 aliud

106 511 153 567 est
163 508 263 586 igitur
275 508 394 571 alienm
406 525 426 568 a
437 506 543 568 divina
556 505 726 569 substantia
739 506 882 586 Spiritus,
932 504 1066 569 charites
1079 526 1174 587 quam
1188 508 1352 571 voluntas?
1367 532 1383 569 c

105 600 326 679 sodtanquam
339 598 529 661 naturaliset
541 598 732 661 substantiva
745 599 884 679 operatio
973 598 1024 659 ΙΙΙ.
1041 601 1102 662 Sed
1115 602 1200 681 quod
1219 603 1259 664 ad
1278 622 1382 665 monus
1401 603 1643 683 appellationem
1662 612 1706 667 at
1807 670 1812 680 ,

106 690 601 773 etsubsistansexlpseprodiens
615 691 883 768 etineamanena,
933 690 1023 769 tinet,
1039 710 1102 771 qua
1123 694 1158 754 in
1172 693 1274 755 Verbo
1295 696 1361 756 vim
1384 695 1570 759 efficientem
1589 698 1706 776 signifi-
1729 670 1875 769 distillamia.

105 786 300 865 omniaque
314 786 369 847 Dei
388 785 513 866 propria
530 791 604 846 saint
623 783 754 845 afficite
768 806 784 842 a
808 784 887 845 Hinc
935 784 1105 864 carisupra
1118 786 1704 871 diximus,affinisestilliquaeproprie
1756 776 1866 885 ,¹322ssss

105 878 260 957 Agnellsm
286 879 447 959 episcopus
475 879 637 940 astrennss
665 882 728 938 tres
755 876 882 938 mods-
936 875 1068 955 Spiritui
1090 885 1195 941 saneto
1219 881 1397 943 conceditur
1419 879 1513 962 digiti
1534 901 1605 958 vox,
1621 886 1705 947 etad
1740 895 1868 940 ννννονσν.

103 969 195 1031 simae
214 971 372 1032 Trinitatis
394 988 541 1051 personas
560 969 760 1030 similitudine
781 968 885 1048 alique
934 967 1019 1031 idem
1030 972 1270 1051 exprimendum
1283 972 1451 1053 aptissima.
1468 975 1511 1034 De
1526 994 1587 1054 qua
1601 977 1706 1038 Basilii

103 1061 290 1124 declarans:
307 1064 415 1141 «Vox,
430 1064 543 1143 inquit,
558 1061 695 1123 hominis
708 1078 885 1123 sermonem
933 1063 1145 1124 memorabilis
1158 1071 1204 1125 cst
1216 1065 1302 1126 locus
1315 1065 1350 1125 in
1364 1066 1475 1145 quinto
1488 1064 1625 1129 adverae
1641 1069 1706 1133 Eu-

103 1154 245 1235 paritet
256 1175 320 1217 non
334 1162 381 1218 cst
392 1174 494 1219 sermo
505 1155 660 1217 nisivoois
672 1155 777 1216 Filius.
792 1152 884 1215 Modo
932 1153 1074 1216 namium.
1100 1156 1178 1217 Cum
1202 1157 1288 1218 onim
1307 1157 1403 1218 verba
1422 1158 1477 1219 illa
1497 1159 1610 1220 Christi
1623 1167 1705 1223 retu-

103 1247 182 1326 qnia
195 1266 297 1310 sermo
317 1249 400 1310 vocis
420 1254 466 1309 ost
479 1247 582 1323 Filius,
604 1264 644 1308 cr
658 1265 695 1309 eo
712 1246 817 1308 minor
836 1247 884 1307 di·
932 1243 1040 1307 iisset:
1063 1247 1103 1311 Si
1118 1267 1171 1331 epo
1190 1249 1221 1311 in
1245 1249 1342 1331 digito
1359 1249 1418 1313 Dei
1438 1249 1523 1332 ejici>
1544 1250 1701 1325 mamis,

103 1340 225 1402 candus
243 1347 289 1404 ost
306 1360 409 1403 sermo
431 1342 503 1421 quia
524 1341 608 1402 vocis
627 1345 673 1402 ast
686 1339 805 1401 Filius?
819 1341 884 1401 Hoc
928 1338 1065 1419 profecto
1081 1342 1217 1422 peruenit
1236 1343 1268 1405 ic
1290 1361 1337 1405 ooo
1348 1360 1469 1423 rap-oum
1483 1342 1541 1406 oet
1546 1343 1557 1379 ⁸
1576 1365 1584 1405 ε
1608 1353 1639 1408 et
1651 1348 1705 1413 illa

103 1434 234 1513 penitus
253 1435 314 1496 dici
328 1454 393 1496 non
412 1439 524 1515 potest.
541 1432 660 1507 Quare?
674 1432 753 1507 Quia
768 1451 808 1494 or
821 1452 883 1513 quo
932 1448 1097 1511 magorum
1106 1436 1325 1516 AEgyptiorum
1337 1434 1474 1517 :Digitus
1487 1435 1546 1499 Dei
1558 1446 1599 1499 at
1612 1439 1702 1505 tot:

103 1542 179 1601 vox,
196 1544 235 1588 ax
256 1544 293 1589 oo
313 1534 345 1589 et
365 1544 479 1589 sermo.
502 1527 589 1588 Adde
603 1526 637 1586 in
659 1525 727 1606 ipso
740 1543 883 1589 sermone
931 1521 976 1584 sic
998 1525 1110 1588 deinde
1127 1528 1251 1589 scribit:
1271 1528 1423 1608 suigiam
1443 1546 1517 1590 varo
1532 1529 1587 1593 Dei
1609 1531 1643 1592 in
1656 1533 1706 1597 his

102 1616 285 1696 efficaciam,
312 1624 343 1682 et
365 1619 526 1700 complesti
553 1619 677 1680 tertiam
703 1636 880 1698 personam,
931 1620 1325 1695 quaaucscetuominc
1344 1620 1526 1697 factasunt,
1548 1622 1705 1687 mtroculis

103 1728 178 1790 quta
192 1713 317 1792 penitus
336 1712 496 1774 individue
517 1716 702 1792 perseverat.
722 1712 790 1772 Vos
809 1726 882 1791 ergo
930 1709 1029 1772 dictus
1043 1716 1089 1774 est
1103 1713 1246 1793 Spiritus,
1269 1732 1334 1775 non
1356 1719 1509 1793 tanquam
1532 1714 1645 1795 exigua
1665 1717 1705 1781 sit

103 1820 230 1883 messa
240 1821 418 1869 sermonem
431 1804 557 1885 promit,
578 1809 609 1865 et
620 1821 722 1865 sermo
741 1821 883 1883 egressam
931 1801 1063 1866 existens
1077 1805 1112 1866 in
1126 1807 1189 1869 beo
1203 1807 1312 1883 virtus,
1329 1811 1365 1868 at
1377 1806 1413 1868 in
1426 1825 1556 1886 corpore
1569 1808 1702 1888 digitus3

102 1896 274 1959 efficaciam
300 1899 411 1978 gignit.
441 1898 484 1960 Ut
503 1902 589 1978 puta,
615 1896 738 1975 jussum
760 1902 806 1958 est
826 1915 882 1977 per
930 1896 986 1957 sed
998 1896 1070 1959 ideo
1089 1899 1172 1978 qnod
1186 1898 1268 1962 inter
1282 1900 1366 1963 dona
1378 1899 1433 1963 illa
1452 1917 1522 1979 ques
1537 1899 1705 1967 disuibme

101 2006 228 2067 vocem,
248 1990 300 2052 ille
321 1990 377 2053 fiat
390 1991 508 2061 consul,
526 1990 576 2051 vel
596 1996 679 2051 certe
692 1989 879 2068 denudetur,
930 1986 1062 2068 dantur,
1086 1996 1118 2053 et
1139 1991 1308 2055 sanitatum
1332 1991 1484 2053 charisma
1507 2000 1700 2056 numeratam.

101 2082 154 2143 vol
175 2089 260 2145 certe
281 2082 495 2160 interficiatur,
515 2083 566 2144 rol
588 2088 669 2145 certe
686 2081 725 2144 da
743 2082 881 2162 periculo
931 2081 1037 2161 Itaque
1059 2100 1161 2145 unum
1179 2084 1305 2164 aliquod
1329 2088 1360 2145 et
1382 2102 1447 2146 non
1461 2085 1567 2147 omnia
1587 2086 1701 2151 cbaris-

100 2174 267 2237 liberetur.
280 2177 356 2237 Fece
373 2194 434 2237 vox
445 2177 566 2257 peperit
579 2175 729 2251 Verbum,
742 2175 881 2237 Verbum
929 2180 1014 2236 mata
1027 2175 1159 2256 Spiritus
1172 2176 1282 2253 sancti,
1298 2176 1431 2255 mgnum
1445 2183 1534 2239 vocat
1553 2187 1576 2239 ⁶.
1592 2198 1608 2237 a
1627 2180 1702 2254 Quat

101 2275 212 2331 autam
231 2288 296 2332 non
321 2270 441 2350 peperit
462 2269 641 2332 efficaciam.
670 2269 731 2330 Sed
754 2287 793 2330 ex
813 2270 881 2349 ipse
929 2265 1034 2328 Basilii
1047 2267 1259 2349 interpretatio
1281 2286 1317 2330 eo
1331 2268 1440 2331 reterri
1459 2269 1583 2331 videtur
1600 2278 1636 2334 ut
1652 2278 1701 2335 to-

101 2378 180 2424 voce
190 2368 221 2423 et
232 2362 328 2424 verbo
340 2363 439 2424 virtus
453 2380 574 2442 egressa
584 2360 796 2424 alterumfeoit
809 2380 881 2422 con·
928 2363 997 2419 tum
1006 2360 1121 2441 ipsum,
1130 2367 1166 2422 ut
1175 2362 1217 2422 ita
1226 2361 1338 2437 dicam,
1347 2378 1459 2440 eorpus
1468 2360 1700 2443 charismatum,

100 2454 218 2531 sulem,
243 2455 376 2517 alterum
393 2454 618 2535 interiecitsst
633 2454 704 2516 idco
727 2471 766 2515 ex
790 2454 879 2516 Patre
928 2450 992 2512 sive
1015 2458 1080 2515 tota
1102 2453 1169 2532 ejus
1191 2452 1365 2529 efficientia,
1395 2470 1507 2515 mantas
1530 2455 1628 2518 instar
1650 2458 1700 2535 sit,

102 2548 221 2625 Filius,
245 2565 284 2609 er
309 2549 398 2609 Patre
424 2549 556 2610 stillio
583 2546 720 2630 procedit
747 2546 880 2626 Spiritus
928 2562 999 2623 qua
1020 2550 1067 2607 tot
1089 2546 1201 2608 babeat
1223 2546 1347 2626 digitos,
1373 2552 1449 2626 quot
1471 2553 1544 2609 sunt
1566 2549 1649 2611 dona
1671 2557 1703 2613 et

100 2646 240 2703 mactus.
256 2662 272 2698 a
293 2640 350 2703 Hic
362 2641 522 2704 manifeste
541 2640 731 2723 efficientium
745 2639 796 2700 vel
809 2638 877 2722 essi-
927 2636 1123 2699 charismate.
1139 2637 1381 2701 Certemods'cum
1393 2639 1512 2719 aliquid
1520 2640 1698 2724 aipsificori,

99 2733 215 2795 σοσιὶιω
227 2732 282 2795 Dei
290 2752 327 2795 ao
340 2734 453 2797 <livine
467 2734 595 2797 actionis
603 2736 738 2814 imputat
749 2732 878 2813 Spiritui
927 2728 1140 2792 calidissimum
1156 2740 1261 2819 totam,
1285 2731 1385 2811 placet
1407 2733 1611 2811 Tertulliano,
1631 2743 1699 2799 tsn-

100 2832 226 2889 σηοω,
927 2840 1022 2901 quam
1035 2841 1100 2884 non
1112 2828 1179 2885 tota
1191 2823 1234 2900 u,
1255 2824 1309 2885 sod
1321 2822 1476 2887 levissimo
1490 2831 1606 2887 conatu
1619 2826 1653 2889 in
1667 2828 1701 2891 id

141 2919 192 2981 Ad
204 2919 289 2982 idem
308 2924 425 3000 spectat
444 2920 538 2983 etlam
552 2921 606 2983 illa
619 2918 791 2982 multorum
810 2935 879 2980 sen-
926 2914 1104 2977 incubuerit
1117 2917 1199 2977 Deus
1218 2914 1241 2977 ⁵.
1261 2936 1277 2977 α
1298 2915 1419 2976 Etenim
1440 2932 1573 2979 manum
1586 2919 1642 2980 Dei
1659 2939 1701 2983 na

99 3013 202 3074 tantia
221 3019 362 3074 veterum
384 3010 438 3092 qui
460 3015 561 3089 οἰναμιν
575 3015 730 3090 termula,
759 3011 792 3072 id
819 3017 875 3088 est,
925 3013 1009 3069 totus
1022 3008 1149 3088 quadem
1168 3007 1252 3069 orbis
1277 3013 1433 3070 terrerum
1453 3009 1632 3087 sustineret,
1656 3013 1701 3075 ait

99 3104 164 3166 cim
177 3104 421 3187 sanctificantes,
438 3103 501 3165 sire
513 3102 699 3163 sanctitatem
706 3102 878 3184 ipsam,ap-
927 3100 1025 3176 Philo,
1049 3101 1089 3161 ab
1111 3115 1251 3163 extremo
1272 3118 1338 3160 nno
1352 3099 1488 3162 adalind
1509 3108 1697 3183 extremum,

98 3197 223 3278 pellant
242 3196 391 3277 Spiritum
404 3200 556 3269 mactum,
578 3200 615 3254 ut
634 3193 708 3255 alibi
727 3194 794 3255 fuse
814 3195 875 3257 dis
925 3192 989 3254 imo
1004 3212 1045 3255 ne
1063 3194 1199 3255 mundus
1212 3192 1339 3273 qsridem
1354 3192 1518 3255 universus
1527 3193 1553 3255 i.
1571 3197 1700 3259 »Potest

98 3290 245 3351 serimus.
271 3288 361 3350 Nunc
382 3306 456 3350 vcro
479 3286 573 3348 unius
600 3285 702 3346 Basilii
725 3286 875 3348 memine-
925 3292 957 3347 et
976 3285 1067 3365 digiti
1086 3285 1291 3349 similimdine
1312 3302 1434 3347 summa
1454 3285 1627 3350 efficientioe
1649 3290 1697 3351 di-

96 3383 214 3457 rimas,
234 3381 288 3461 qui
305 3382 456 3461 Spiritum
473 3384 615 3441 sanctum
633 3383 721 3439 vocat
734 3378 875 3441 uirtutem
924 3379 1007 3439 vinea
1020 3377 1150 3439 facilitas
1170 3377 1313 3458 exprimi,
1338 3394 1410 3457 quoe
1424 3377 1500 3439 eitra
1512 3378 1653 3443 laborem
1667 3390 1699 3445 et

96 3472 368 3556 oonotrflcatricem,
384 3473 607 3539 substantivum,
620 3470 877 3540 ecuteotewub
924 3470 1150 3547 difficultatem,
1166 3471 1231 3532 solo
1251 3470 1384 3551 imperio
1405 3475 1437 3533 et
1459 3471 1549 3550 quasi
1571 3479 1697 3537 extento

97 3567 249 3630 σίσσσοίσνη
263 3566 286 3627 ⁶.
303 3566 482 3645 ibidemque
501 3582 615 3627 manus
627 3562 735 3624 ambas
753 3564 808 3625 Dei
825 3565 875 3626 in-
924 3564 1022 3644 digito
1036 3564 1188 3643 quidquid
1207 3563 1334 3625 libitum
1354 3568 1400 3625 est
1420 3564 1600 3644 peragitur
1614 3567 1696 3630 dicto

96 3664 290 3741 terpretatur
303 3658 415 3720 Filium
436 3664 467 3720 et
487 3657 638 3738 Spiritum
655 3660 809 3717 senatun.
831 3659 875 3719 De
923 3663 1069 3718 naturam
1081 3657 1176 3719 habet
1188 3658 1378 3720 audientem.
1394 3657 1475 3719 'lum
1487 3657 1581 3720 ettam
1590 3666 1696 3723 exacta

97 3753 163 3816 boc
184 3752 269 3814 enim
291 3752 369 3813 illud
391 3746 463 3812 tobi
485 3750 614 3829 accipit:
631 3747 739 3810 Morus
754 3756 815 3810 tusa
827 3748 872 3831 se·
923 3754 954 3810 et
975 3749 1129 3831 exquisite
1150 3749 1252 3829 operis
1274 3748 1394 3811 effectio
1417 3754 1518 3829 potest
1540 3750 1692 3834 intelligi,

96 3854 206 3909 cerunt
220 3864 275 3914 ote,
307 3852 337 3906 et
360 3844 588 3926 praenoverant
614 3858 659 3903 me
674 3839 702 3916 ¹,
724 3841 874 3921 quoniam
921 3860 994 3904 eum
1007 3842 1097 3922 digiti
1117 3841 1230 3922 plurali
1249 3859 1381 3903 numero
1395 3848 1598 3922 usurpantur.
1615 3846 1694 3908 Nam

95 3938 176 4001 alibi
194 3937 270 3999 dicit
286 3936 391 3999 idem:
407 3934 544 4018 Spiritus
561 3933 620 3996 Det
643 3931 715 4014 fecit
728 3953 774 3996 ma
788 3934 813 3996 ²,
829 3936 873 3997 De
921 3954 992 4015 que
1005 3935 1134 3997 rudiora
1146 3940 1178 3996 et
1190 3934 1294 3997 minus
1307 3932 1424 3994 affabre
1433 3932 1513 3995 tecm
1526 3941 1611 4012 sunt,
1627 3939 1693 4000 solo

95 4030 176 4093 lilio
190 4029 291 4110 capite
302 4026 734 4093 antecedentiereodomdiui
747 4027 869 4089 basilio.
920 4046 1033 4090 manus
1063 4025 1200 4107 impulsu
1233 4025 1459 4105 perficiuntur3
1488 4046 1559 4107 qne
1587 4035 1692 4095 autem

95 4120 277 4200 Quinetiam
299 4121 492 4202 sumanus
508 4141 525 4179 a
542 4119 734 4181 voluntatem
757 4119 871 4197 Dei‚si
919 4119 1111 4200 elegantiora
1127 4123 1201 4180 sunt
1222 4123 1254 4178 et
1271 4117 1494 4180 accuratiorem
1505 4118 1691 4185 industriam

93 4222 129 4280 ct
151 4216 276 4297 proprie
302 4212 433 4277 dicenda
458 4218 504 4276 est
530 4213 634 4294 aliqua
657 4212 691 4273 in
718 4211 870 4275 Trinitate
918 4212 1087 4293 postulant,
1116 4229 1153 4273 aa
1178 4209 1282 4290 digitis
1309 4209 1526 4289 elaberentur,
1556 4217 1592 4275 ut
1618 4232 1692 4277 cum

92 4326 242 4391 persona,
257 4307 356 4387 magis
370 4306 498 4388 Spiritui
512 4311 617 4368 sancto
627 4309 802 4386 compatere
811 4304 867 4382 eit,
915 4310 1026 4369 sume
1040 4310 1071 4367 st
1083 4303 1144 4367 alis
1155 4302 1328 4366 morosiore
1340 4301 1499 4366 cuduntru
1511 4323 1606 4385 opera
1619 4325 1690 4387 quse

131 4526 390 4591 acuamullillliv
411 4527 480 4584 Thea
499 4524 742 4600 Οὖκᾶλλότριοςίρα
755 4524 870 4595 stabolau
918 4522 1012 4600 σίρηται
1026 4523 1274 4600 τοπνσΰμα,οἰχὸτι
1286 4522 1407 4598 μαράτίς
1419 4522 1469 4580 ἔστι
1481 4526 1575 4600 epate
1585 4533 1689 4585 coactor

92 4616 182 4679 οὖσίας
196 4613 271 4670 ἰστίν·
288 4610 344 4667 ἀλλ’
358 4608 392 4674 ὣς
407 4609 513 4685 eoppa
526 4611 613 4684 ρνσνκί
629 4626 666 4673 τε,
683 4608 724 4663 tul
737 4608 868 4678 οἰσιιίδης,
917 4610 1027 4683 δῦνσμις,
1041 4608 1147 4682 καθάπερ
1156 4610 1253 4682 σώματι
1264 4608 1392 4671 δάκτυλος·
1409 4605 1558 4679 ut’tsets,
1569 4610 1594 4663 ἰν
1604 4620 1688 4668 τιτῶν

92 4703 136 4756 καὶ
150 4698 316 4758 hardmoto<
329 4693 439 4763 ἰξαῦτῆς
451 4698 583 4767 προϊοῦσα,
592 4692 632 4746 καί
641 4691 666 4746 ἰν
676 4692 738 4767 αὐτῇ
752 4694 867 4765 μίνονσα,
916 4692 979 4748 κατὰ
991 4693 1108 4767 deciperes
1122 4692 1293 4766 χαρισμάτων,
1305 4690 1425 4764 σημείων,
1440 4693 1482 4746 καί
1496 4691 1606 4766 ἰαμάτων
1618 4697 1648 4750 ab
1661 4698 1687 4751 ἰν

90 4785 177 4840 πάντα
190 4780 317 4855 tettae
330 4777 362 4833 τὰ
374 4782 418 4833 tot
427 4778 493 4832 tuot.
916 4776 941 4830 τί
949 4775 1139 4832 ἰσννααὶτὸτῶν
1149 4775 1258 4849 aptes
1264 4773 1345 4842 (Puto
1353 4773 1685 4853 Ιθςθπίἰῑιῐηχαρισμόινον·

129 4867 211 4924 idem
225 4862 325 4937 repetit
346 4867 374 4919 θί
384 4860 459 4926 alibi,
466 4860 515 4918 ubi
523 4858 631 4935 ἔνίργσια
639 4859 725 4932 φυσικὴ
740 4859 780 4913 καί
798 4862 867 4923 ζῶσα
915 4861 957 4913 καί
966 4862 995 4915 rb
1002 4867 1051 4915 τῶν
1063 4860 1184 4933 ἰαμάτων,
1196 4858 1296 4917 deletis
1307 4859 1351 4932 iis,
1368 4875 1432 4931 quae
1442 4859 1591 4932 interjectu
1607 4867 1686 4932 sunt)

91 4950 210 5009 dieitur·
914 4942 944 4997 τὸ
963 4944 989 4997 ἕν
1005 4963 1042 5005 τι,
1061 4944 1102 4998 acl
1122 4942 1180 5017 οὗχί
1197 4942 1228 4998 τὰ
1246 4943 1294 4997 tta
1311 4941 1452 5016 χαρίσματα
1470 4948 1514 4998 τοῦ
1533 4945 1684 5018 πνεύματος,

129 5033 256 5090 ststt.
276 5030 308 5087 V.
324 5034 400 5084 root.
418 5031 544 5084 Eunoen.
573 5022 650 5081 Ἀλλὰ
670 5026 772 5099 δύναμις
790 5023 863 5098 ἅγια·
914 5026 1033 5081 δάκτυλον
1043 5027 1124 5079 mist.

93 5116 167 5184 suat
184 5114 302 5177 ἰνοίσως,
314 5106 470 5183 ἰνύπαριτος,
483 5108 658 5173 ἰννσόστασος.
948 5108 971 5165 d
989 5110 1081 5180 Pulso,
1102 5107 1151 5164 lib.
1172 5108 1183 5164 l
1203 5106 1241 5165 de
1273 5110 1346 5165 Vita
1359 5111 1456 5165 Μοσίσ.
1481 5109 1556 5182 Χεῖρα
1567 5110 1616 5185 γίρ
1628 5112 1685 5168 θεοῦ

127 5198 243 5258 oldam
267 5197 290 5254 V
313 5202 389 5252 cont.
415 5198 540 5251 Eunoen.
574 5194 697 5259 mutu
714 5192 741 5248 bl
761 5193 817 5247 osso
838 5189 863 5246 ἰν
914 5192 975 5266 μηδὲ
989 5193 1032 5262 rip
1044 5193 1173 5264 σύμπασαν
1188 5190 1332 5263 οἰκουμένην
1349 5190 1485 5259 bacarium
1500 5194 1529 5247 ἰν
1546 5191 1595 5249 ἀπὸ
1608 5198 1684 5269 παρά-

92 5286 192 5345 τοίντονς
210 5283 263 5346 τοῖς
282 5279 330 5335 ora
343 5279 464 5343 Μωσέως,
484 5279 525 5332 καὶ
539 5280 589 5341 τοῖς
599 5282 643 5333 τοῦ
657 5278 741 5350 topica
753 5276 863 5349 σημείονς
912 5294 961 5330 των
976 5273 1015 5330 ἰπὶ
1029 5276 1130 5349 πέρατα·
1142 5274 1238 5348 μᾶλλον
1250 5273 1274 5327 δ’
1288 5271 1344 5328 stet
1359 5274 1401 5328 aba
1415 5271 1545 5347 σύμπαντα
1554 5279 1657 5352 κόσμον.

118 5456 129 5500 1
143 5453 184 5502 scs
194 5463 217 5507 x,
226 5450 248 5496 8.
259 5448 310 5493 -t
319 5448 357 5495 lot
366 5460 443 5502 mut,
452 5448 473 5494 t.
484 5468 512 5491 ι-
521 5447 592 5495 itreo.
604 5458 630 5500 11.
641 5447 676 5494 tt.
688 5466 716 5481 ·-
727 5446 739 5492 t
750 5447 820 5499 lact.
833 5456 883 5499 ννιν,
896 5446 930 5493 tt.
940 5467 967 5481 —
977 5445 1047 5497 otto.
1060 5445 1087 5493 w
1097 5448 1156 5495 au.
1167 5443 1339 5501 utrumme.
1352 5454 1408 5489 urs.
