3952 6170
329 348 389 411 stt
836 348 1161 412 ruuotuetcettuu
1183 345 1412 408 DOGMATUM.

330 516 458 578 Basilius
479 517 671 577 notatimem
691 516 772 577 bane
790 517 926 578 nominis
943 515 1101 594 redarguit
1149 519 1180 574 et
1197 513 1384 593 sempiterna
1401 516 1548 573 atamant.
1564 512 1647 585 Quos
1665 510 1896 588 amianton

330 611 363 669 in
386 610 520 673 seeundo
542 608 679 671 adunans
697 609 889 678 Eunomr‘rea,
913 610 998 689 quod
1015 609 1101 670 netas
1148 613 1200 669 tus
1218 606 1363 681 Thomas,
1384 606 1439 684 qui
1462 620 1566 665 esum
1589 608 1621 665 et
1645 603 1840 665 aeternitatem
1856 620 1896 683 pe

223 744 226 750 ,
330 701 767 764 haheatramullamereatam
776 702 868 764 baisse
881 708 1100 782 semperaater·
1149 699 1238 761 rinde
1261 716 1328 760 rem
1348 715 1446 761 uuam
1463 714 1528 759 esee
1541 696 1619 771 vttlt,
1636 701 1671 759 ut
1689 700 1737 757 est
1753 703 1897 777 ῶιίρανιαςεί

272 838 277 849 .
329 812 465 875 namque
479 797 614 857 eredere.
632 796 786 857 Nimirum
800 803 891 866 αἰῶνας
905 797 1009 856 neseio
1027 795 1102 874 quid
1150 792 1245 853 homo
1260 790 1283 853 ⁸.

330 889 424 949 aDeo
438 889 597 949 oondiurm
611 907 647 948 ae
662 888 829 949 subsistens
842 889 1048 968 putatitesse,
1064 888 1102 948 de
1192 886 1272 945 Sane
1282 882 1458 945 eternitatis
1467 900 1583 945 nomen
1591 882 1751 944 interdum
1759 898 1812 961 pro
1823 881 1899 962 lango
1923 882 1960 1049 Ἢ

330 998 394 1060 quo
412 998 496 1041 mon.
517 981 601 1041 Nihil
623 986 729 1041 autem
747 981 890 1060 prohibet
910 982 994 1043 idem
1012 999 1102 1041 voea-
1151 982 1291 1058 tempore
1308 975 1469 1056 eoeipitur,
1490 982 1526 1037 ut
1544 975 1659 1037 indiaat
1679 974 1900 1055 Augustinusiu

331 1072 441 1133 bulum
460 1074 586 1134 diversis
603 1074 830 1134 accommodari
849 1074 952 1151 rebus,
973 1080 1004 1135 et
1023 1092 1105 1135 erea-
1152 1070 1296 1132 tieesimo
1308 1068 1443 1131 seeundo
1457 1067 1493 1130 de
1505 1067 1634 1132 Ciuitate
1645 1065 1735 1144 neu,
1746 1067 1794 1127 vel
1805 1089 1820 1125 ιι
1831 1068 1902 1146 asina

331 1165 392 1225 tori
405 1183 477 1226 eum
491 1167 600 1226 ereatis
612 1184 677 1227 asse
693 1183 870 1241 commune,
887 1167 932 1228 uti
946 1173 977 1228 et
989 1176 1018 1230 rb
1031 1176 1060 1229 ἰν
1074 1172 1105 1228 et
1152 1163 1224 1224 finis
1232 1181 1298 1224 naa
1307 1159 1724 1225 comtinutur⁸.nSieoeterna
1734 1160 1899 1231 arbetione,

333 1264 405 1319 αἰναία
426 1264 457 1318 et
477 1258 656 1338 hujusmodi
675 1260 832 1339 pleraque,
857 1278 927 1340 qum
947 1262 1010 1320 Deo
1028 1279 1106 1321 non·
1154 1262 1186 1318 et
1212 1256 1316 1317 merari
1344 1256 1547 1337 imperatores.
1575 1254 1709 1315 Tametsi
1740 1253 1859 1332 quidam
1879 1261 1902 1315 et

333 1350 412 1411 nulli
438 1356 601 1430 propterea
626 1350 805 1426 detrabunt,
830 1351 882 1412 alii
907 1371 924 1411 a
952 1354 1105 1414 nonu-ario
1154 1354 1287 1410 aeternos
1301 1349 1360 1409 hos
1377 1348 1543 1424 adulando,
1559 1353 1638 1409 etse
1655 1346 1702 1409 illi
1715 1346 1903 1409 admateribos

333 1442 390 1501 soli
403 1444 561 1503 vindicant
573 1443 697 1523 nequid
714 1461 785 1503 eum
798 1443 915 1505 infimis
930 1447 1106 1507 commeroii
1154 1441 1249 1504 fldem
1267 1441 1529 1502 adhibendorum
1546 1445 1578 1500 et
1597 1439 1721 1519 proprie
1742 1439 1821 1499 dieta
1836 1446 1904 1501 nta-
1960 1436 1961 1459 l

332 1539 419 1594 tante
436 1535 569 1613 dignitas
589 1535 711 1611 babeat,
731 1536 815 1615 quod
837 1537 870 1596 in
897 1538 1106 1618 superioribus
1155 1536 1250 1596 nitate
1263 1534 1477 1595 nominarunt.
1494 1533 1543 1594 Sit
1556 1532 1765 1605 Constantius,
1779 1537 1814 1594 at
1829 1532 1904 1594 aaa

333 1626 394 1686 late
406 1628 593 1706 espliaamm
607 1644 671 1688 esso
686 1629 826 1689 memini.
1155 1627 1348 1703 Ammianus,
1363 1630 1588 1687 assentatorum
1600 1624 1757 1686 blanditiis
1770 1630 1801 1686 et
1815 1643 1903 1685 senta

374 1720 482 1780 Merita
491 1721 764 1800 itaqueGregorius
774 1721 991 1798 Nazianzenus,
1002 1722 1107 1801 «quod
1155 1720 1266 1781 damna
1284 1737 1376 1780 eumn
1389 1736 1495 1780 renam
1512 1718 1648 1793 inflatus,
1668 1739 1684 1775 a
1701 1718 1866 1779 immunem
1879 1736 1903 1778 se

335 1816 380 1871 est
403 1812 493 1872 nobis
510 1819 633 1892 tempus
656 1814 728 1875 solis
748 1820 834 1874 motu
854 1814 1027 1891 delinibam,
1047 1815 1107 1876 hoe
1155 1812 1265 1875 deinde
1278 1812 1344 1873 fore
1361 1812 1400 1873 ab
1415 1811 1500 1873 omni
1518 1811 1713 1873 mortalitatis
1729 1811 1904 1872 innammado

282 1945 286 1955 ·
335 1905 458 1966 aeternis
472 1912 550 1967 αἰῶνα
563 1922 628 1967 esse
648 1928 663 1963 ν
682 1906 1107 1981 mussitantibus
1155 1905 1287 1968 fidenter
1300 1905 1488 1979 annumeras,
1502 1904 1663 1965 confestim
1676 1903 1903 1983 ajmtitiadeeli·
1961 1906 1962 1975 ἰ

335 1997 451 2059 vallum
470 1998 546 2058 illud
568 1999 652 2078 qrsod
670 2016 742 2060 eum
769 1999 863 2059 rebus
883 2002 1008 2061 aeternis
1027 2003 1107 2062 adae·
1155 1998 1242 2058 navit
1251 1999 1294 2058 ita
1306 1997 1905 2077 intemperanter,utmtarnitatemnmm

335 2096 459 2169 quatur,
475 2106 581 2152 aanor
597 2092 827 2171 interpretatur,
843 2094 926 2170 quod
940 2111 1004 2153 non
1019 2100 1106 2155 motu
1155 2091 1317 2169 aliquoties
1330 2089 1504 2150 subsereret
1519 2091 1584 2169 ipse
1603 2088 1778 2150 dictando‘.
1793 2112 1808 2147 a
1824 2090 1904 2163 Οιιειιι

335 2183 410 2257 ιιΙΙο,
425 2184 535 2243 solisve
549 2202 641 2244 atusu
655 2184 801 2245 dividitur
814 2204 849 2245 ae
862 2185 948 2245 velut
961 2204 1106 2248 mensura
1154 2184 1225 2244 ideo
1242 2201 1314 2244 oum
1332 2183 1394 2243 suis
1411 2182 1472 2242 illis
1491 2182 1703 2243 adulatoribus
1719 2182 1837 2244 Arianis
1856 2200 1905 2243 me

336 2276 493 2350 delinitio,
522 2278 694 2355 eujusmodi
722 2285 767 2336 est
793 2284 916 2357 tempus
934 2277 956 2338 ὁ.
986 2300 1001 2337 ν
1033 2281 1106 2354 Qua
1155 2277 1215 2337 rito
1228 2276 1347 2338 deridet
1364 2275 1560 2350 Athanasius,
1581 2275 1694 2354 «quod
1709 2280 1856 2336 aeternnm
1870 2276 1904 2336 illi
1962 2274 1963 2299 ²

337 2368 518 2429 Nazianzent
536 2369 630 2429 verba
650 2371 787 2430 loannes
809 2371 1014 2432 Damasaenus
1036 2388 1128 2435 ιιιιι-·
1155 2371 1373 2449 imperatorem
1386 2385 1452 2428 non
1465 2368 1643 2429 dubitarent
1651 2367 1763 2442 dieare,
1775 2368 1906 2447 qsritstm

336 2467 440 2522 tuatars
454 2466 500 2522 est
512 2461 600 2521 initio
614 2463 740 2523 secundi
754 2462 825 2522 libri
839 2463 893 2523 ubi
907 2464 945 2524 de
959 2466 1108 2527 saonedis
1155 2480 1233 2523 num
1254 2480 1319 2523 esse
1346 2462 1401 2521 Dei
1425 2466 1577 2540 negarent
1595 2460 1706 2520 Filium
1720 2471 1743 2521 0.
1767 2482 1783 2518 ιι
1804 2461 1905 2522 Sedia

336 2555 421 2628 serit,
437 2559 467 2614 et
480 2554 581 2615 venas
599 2555 666 2632 ejus
684 2556 825 2615 notiones
842 2557 982 2636 explieat,
998 2576 1033 2618 aa
1047 2560 1108 2638 pri·
1155 2556 1302 2635 ambiguo
1319 2554 1392 2616 lusit
1409 2554 1604 2615 Athenasitu.
1626 2554 1658 2615 si
1676 2553 1802 2633 quidem
1818 2554 1905 2615 Ariani

337 2660 425 2706 mum
445 2647 593 2726 etrjusque
611 2648 682 2707 vitm
704 2648 838 2727 spatium
860 2649 1031 2727 significare
1052 2652 1105 2729 alt,
1156 2668 1219 2710 nan
1234 2649 1310 2709 illud
1328 2647 1506 2709 eternitatis
1524 2665 1622 2726 genus
1641 2646 1726 2725 quod
1749 2646 1907 2707 tribuebant

337 2739 421 2817 quod
433 2743 463 2799 et
477 2739 669 2818 grammatici
685 2744 834 2801 notarunt
851 2761 858 2801 :
874 2747 943 2801 aim
959 2742 1043 2804 mille
1055 2763 1108 2805 an·
1156 2743 1345 2817 mutuatio,
1375 2739 1431 2801 Dei
1452 2740 1529 2801 Filio
1550 2739 1765 2800 detrahebant.
1794 2740 1908 2800 Namet
1963 2752 1964 2759 ¹

336 2848 451 2893 norom
477 2833 625 2911 spatium,
653 2832 790 2911 itemque
820 2838 921 2894 totum
949 2839 1108 2914 praesentia
1156 2836 1241 2896 hune
1262 2841 1424 2908 eternum,
1450 2834 1482 2893 id
1504 2840 1550 2894 est
1572 2848 1734 2911 nunquam
1756 2833 1907 2893 desimam

336 2924 407 2984 vitre
425 2929 559 3004 tempus,
576 2942 633 2985 aaa
650 2942 716 2986 non
735 2926 874 2987 launum
892 2927 1052 3005 saeelum,
1073 2950 1108 2992 ao
1157 2944 1221 2989 esse
1233 2927 1419 2989 fatebantur.
1437 2927 1498 2987 ded
1513 2943 1620 2986 veram
1633 2926 1784 2986 danuxat
1795 2944 1829 2987 ae
1840 2942 1908 2986 saar

336 3017 463 3078 demum
477 3016 691 3078 aeternitatem.
1157 3022 1202 3081 mi
1220 3020 1274 3081 Dei
1294 3019 1463 3103 propriam,
1492 3019 1551 3079 hoa
1570 3024 1616 3079 est
1638 3036 1657 3079 a
1684 3017 1771 3079 naulo
1795 3023 1908 3098 emptam

377 3109 428 3171 lv.
451 3111 629 3171 Graecorum
647 3112 723 3171 noni
737 3113 926 3191 respondent
945 3116 1028 3193 apud
1051 3118 1107 3177 La·
1157 3114 1256 3187 initio,
1270 3113 1368 3192 atqui
1377 3109 1639 3192 [aismattpanodo
1647 3112 1853 3172 diserenteran
1864 3128 1907 3169 νιονι

336 3203 499 3270 dunensi,
516 3202 1022 3283 eteraitotr'saesaeulivoeabula,
1038 3227 1108 3289 quae
1157 3213 1227 3266 esset
1240 3204 1350 3274 Filius,
1366 3222 1401 3265 ao
1419 3202 1455 3264 de
1475 3222 1533 3264 aaa
1552 3203 1723 3264 extantibus
1738 3221 1795 3265 aex
1802 3199 1909 3285 W*
1964 3198 1965 3215 ¹

337 3294 465 3373 perinde
484 3295 628 3373 ambigue
651 3312 686 3354 aa
704 3295 905 3359 multifariam
929 3307 1106 3366 sumuntur.
1157 3306 1228 3359 tum.
1249 3298 1394 3372 Quamvis
1412 3296 1556 3359 nonnulli
1570 3314 1608 3356 ex
1621 3295 1675 3356 illo
1693 3313 1788 3376 grege
1803 3292 1909 3356 dimidia

338 3388 452 3447 AEvam
472 3387 598 3466 qrridem
619 3388 691 3447 satis
707 3395 835 3467 apparet
853 3389 892 3449 ab
914 3395 1050 3472 eoquod
1064 3401 1109 3457 est
1158 3408 1196 3453 ex
1209 3396 1296 3471 parte
1305 3389 1505 3464 insanientes,
1516 3389 1610 3449 etiam
1619 3392 1691 3449 ante
1700 3396 1823 3468 tempus
1834 3403 1910 3448 omne

338 3485 399 3539 αἰῶν
411 3494 476 3539 esse
490 3479 628 3540 (trimum.
646 3480 720 3554 Quas
735 3496 796 3541 vor
809 3486 931 3544 etatem
945 3486 1107 3564 signifieat.
1157 3485 1295 3564 adeoque
1310 3501 1348 3545 ex
1366 3487 1482 3542 aterno
1498 3481 1632 3542 amasse
1646 3486 1793 3561 putarent
1806 3479 1908 3543 tutan

338 3570 540 3632 Observatum
554 3577 600 3632 est
611 3590 630 3633 a
642 3573 797 3634 Prisciano
811 3590 868 3653 pro
883 3582 968 3638 atate
983 3584 1014 3639 et
1026 3587 1110 3640 nter-
1158 3578 1196 3638 de
1210 3576 1324 3656 quibus
1336 3574 1422 3635 alias.

338 3682 385 3737 ao,
400 3668 519 3724 veteres
531 3665 678 3727 orbitatem
691 3671 722 3727 at
742 3666 917 3728 naitanum
932 3669 1055 3733 dixisse.
1073 3674 1111 3733 Et
1198 3666 1235 3729 V.
1259 3669 1343 3730 Solet
1357 3674 1388 3729 et
1405 3666 1509 3727 saara
1524 3666 1651 3729 nomine
1661 3683 1722 3727 vos
1739 3671 1827 3734 αἰῶνας
1838 3664 1909 3749 ala·

339 3754 473 3816 Isidorus
496 3763 612 3818 etatem
632 3759 721 3837 quasi
744 3758 893 3821 oem'tatem
912 3776 988 3839 esse,
1010 3764 1042 3824 id
1065 3770 1110 3825 est
1156 3761 1233 3821 tinia
1245 3759 1401 3840 explieari
1417 3763 1453 3819 ut
1465 3757 1609 3820 observat
1621 3754 1909 3837 Augustinussbetl

337 3846 561 3909 similtudinem
576 3850 635 3911 sevi
649 3849 672 3911 ¹.
695 3851 750 3912 Cui
769 3852 828 3913 boe
846 3853 946 3914 addit:
967 3876 982 3912 ιι
996 3856 1109 3918 AEvum
1157 3868 1223 3927 non
1245 3857 1319 3913 sont
1336 3851 1404 3912 ausi
1417 3847 1551 3923 latinll,
1572 3851 1616 3910 ait
1629 3850 1724 3925 idem,
1747 3850 1806 3909 hoo
1826 3846 1910 3908 disere

337 3958 403 4002 esse
417 3946 540 4003 aetatem
553 3948 746 4023 perpetuam,
760 3945 848 4025 eujus
861 3962 962 4025 neque
973 3947 1107 4026 initium,
1158 3945 1315 4011 seculare,
1335 3962 1375 4005 ne
1398 3943 1491 4021 longe
1513 3942 1547 4002 in
1575 3942 1659 4003 aliud
1682 3941 1839 4002 mitterent
1857 3956 1910 3999 sen-

278 4080 284 4092 .
338 4052 440 4119 neque
457 4036 634 4097 extremitas
650 4037 795 4118 naselttu,
812 4038 895 4116 qnod
909 4039 1006 4099 Gnaei
1020 4046 1109 4112 αἰῶνας
1158 4035 1285 4098 sumta
1303 4037 1384 4111 Quin
1398 4053 1460 4096 voa
1472 4035 1539 4115 ipsa
1552 4033 1656 4095 secali
1668 4034 1741 4114 quia
1756 4036 1854 4095 minna
1865 4031 1910 4091 ali·

338 4132 459 4190 vocant.
479 4149 494 4186 ν
517 4129 594 4189 Hine
609 4132 733 4211 proprie
753 4131 815 4189 Deo
829 4130 995 4191 convenire
1009 4150 1110 4211 gram·
1158 4130 1234 4210 quid
1251 4135 1350 4205 sonat,
1370 4144 1452 4207 saepe
1476 4125 1616 4187 νιεοιιὶιιοι
1633 4125 1736 4187 sandi
1752 4126 1803 4187 vel
1820 4121 1911 4186 wuda

338 4222 442 4282 metiri
453 4221 575 4291 donent,
588 4227 618 4282 et
629 4222 783 4282 Anaobius
800 4245 816 4280 a
827 4222 983 4301 longevus
992 4225 1110 4286 animas
1158 4223 1331 4283 aneatorum
1359 4237 1415 4300 pro
1440 4218 1612 4279 aewrnltate
1632 4218 1692 4279 dloi
1715 4218 1833 4293 vidam,
1849 4222 1912 4277 ata

339 4314 453 4375 summi
466 4315 611 4394 principis
625 4332 754 4375 munere
768 4333 804 4375 ea
822 4314 972 4376 beneflcio
989 4316 1076 4378 fieri·
1090 4340 1106 4377 a
1159 4315 1272 4375 Graecis
1286 4319 1376 4382 αἰῶνας
1390 4326 1439 4374 τῶν
1454 4316 1561 4384 αἰώνων,
1576 4310 1623 4371 uti
1636 4311 1785 4372 meadum
1793 4309 1866 4371 illud
1875 4309 1911 4369 in·

339 4407 426 4481 dixit,
452 4424 523 4466 eum
543 4407 605 4466 sint
625 4425 663 4466 ex
681 4425 746 4467 sese
765 4409 857 4467 morti
877 4408 1030 4485 obnoxia,
1051 4410 1110 4470 boe
1158 4407 1325 4485 telligatur,
1343 4426 1358 4461 a
1376 4404 1459 4484 qued
1478 4409 1548 4484 post
1563 4404 1657 4483 hujus
1670 4403 1770 4481 „finem
1788 4403 1911 4463 manum

339 4504 386 4557 est
399 4503 540 4559 aeternas.
556 4499 625 4559 Non
640 4498 751 4560 desunt
766 4505 871 4560 tamen
887 4501 940 4578 qui
955 4519 1057 4561 sevum
1071 4502 1110 4563 ab
1159 4495 1384 4583 promittitnr⁰,
1404 4519 1419 4554 ν
1442 4503 1477 4556 ut
1495 4497 1578 4561 idem
1602 4497 1791 4574 Augustinus
1811 4492 1910 4555 scribit.

340 4589 511 4651 eternitate
532 4586 732 4669 disbaguaot,
753 4596 844 4675 atque
867 4592 947 4655 bane
969 4593 1023 4653 Dei
1041 4610 1110 4673 pro
1160 4594 1230 4654 Sivo
1249 4596 1283 4651 ut
1306 4589 1452 4651 Anselmo
1475 4589 1584 4668 placet,
1604 4589 1677 4667 quia
1699 4588 1754 4649 Dei
1777 4585 1912 4650 samias

340 4683 451 4761 priam,
467 4681 544 4743 illud
557 4688 740 4745 caeterorum
754 4702 825 4764 que
838 4684 1025 4747 immortalia
1038 4691 1111 4747 sunt
1164 4708 1178 4743 ιι
1187 4686 1323 4747 eontinet
1334 4683 1499 4763 etiamipsa
1511 4682 1622 4745 neema
1628 4676 1913 4765 temperamenti

376 4914 397 4953 a
416 4898 480 4956 Νη.
503 4900 572 4951 orat.
593 4896 637 4953 33.
667 4896 735 4950 Ἀλλ’
753 4897 812 4971 ὅπερ
829 4897 888 4970 ἡμῖν
908 4897 1107 4971 ὁμρόνοςὴλίου
1160 4918 1240 4970 μενον·
1256 4897 1457 4971 ὅπερὸχρὸνος.

339 4985 403 5056 ρορᾷ
417 4981 588 5055 μετρούμενος,
601 4983 675 5034 τοῦτο
688 4982 740 5042 τοῖς
753 4978 842 5045 didisse
853 4980 924 5034 αἰών.
1194 4997 1209 5035 a
1227 4982 1330 5037 Antisti.
1352 4979 1398 5035 llll.
1418 4980 1457 5036 tle
1471 4978 1580 5050 Synod-
1607 4979 1673 5052 lipia
1691 4979 1785 5042 τούτοις
1806 4979 1857 5049 περὶ
1873 4980 1910 5026 tvl

376 5066 392 5120 b
409 5065 487 5122 Idem
502 5068 570 5119 orni.
595 5064 639 5121 35.
662 5062 731 5132 Πλὴν
752 5063 773 5116 εἰ
792 5064 821 5119 τὸ
843 5067 1108 5137 σομπαρινιτιινόμινον
1157 5065 1239 5137 κυρίου
1247 5065 1451 5137 προσποιούμενος
1459 5063 1558 5136 γράφειν
1566 5062 1643 5116 ἄλλον
1651 5063 1770 5131 &misna
1779 5060 1911 5132 tvalibim

341 5150 392 5210 τοῖς
411 5147 497 5212 itata,
518 5148 642 5220 διάστημα
659 5147 701 5201 τὸν
721 5144 798 5201 αἰῶνα
818 5148 995 5220 lapideorum,
1022 5148 1052 5202 rb
1074 5147 1107 5220 μὴ
1159 5146 1338 5202 Katarbates·
1358 5147 1398 5199 aul
1415 5145 1570 5200 αἰώνιονδὲιι
1583 5144 1641 5199 isba
1656 5146 1758 5218 βασιλίο
1771 5142 1882 5216 εἰρήκασιν
1891 5137 1910 5191 oi

341 5233 432 5299 κινήσει
446 5232 492 5284 τινὶ
507 5228 568 5303 μηδὲ
581 5230 653 5299 ἡλίου
668 5230 732 5303 φορᾷ
751 5231 924 5304 μεριζόμενον,
943 5231 984 5283 καί
1004 5232 1107 5302 perpol-
1159 5230 1200 5284 rba
1215 5231 1267 5285 albu
1284 5226 1360 5284 ἀΐδιον
1376 5229 1528 5302 ἀρνούμενοι.

367 5425 379 5465 l
392 5422 440 5466 Lib.
452 5423 477 5466 V.
490 5422 574 5476 θύμον.
587 5435 635 5478 cap.
648 5435 736 5466 mviii.
744 5423 792 5465 -l
803 5422 850 5466 ms.
864 5423 891 5466 ll.
900 5424 948 5465 -u
958 5421 1006 5466 Lib.
1024 5422 1050 5465 tle
1067 5423 1132 5467 Ceut.
1146 5424 1197 5466 leet.
1209 5423 1230 5466 2.
1238 5423 1286 5466 -l
1296 5422 1348 5477 Cap.
1363 5423 1436 5467 1.-5
1446 5422 1508 5466 Tem.
1522 5421 1557 5466 IV.
1571 5421 1611 5465 lib.
1630 5421 1647 5465 l.
1660 5421 1739 5475 Quat.
1750 5421 1775 5464 ln
1786 5421 1838 5465 Get&
1849 5417 1910 5461 81·-

340 5483 418 5528 blalt.
431 5483 471 5527 lib.
483 5485 563 5527 tt-l
575 5483 600 5526 ln
611 5486 672 5528 Post.
685 5494 766 5527 sum.
779 5491 801 5527 at
813 5483 853 5528 tib.
867 5485 884 5528 l.
898 5485 976 5537 Queat.
988 5484 1015 5527 ta
1027 5484 1080 5528 dos.
1092 5483 1182 5528 tte-e
1195 5484 1241 5529 lib.
1254 5484 1308 5527 svs.
1325 5485 1351 5531 do
1367 5484 1431 5531 uva.
1448 5484 1496 5535 aet,
1511 5495 1560 5538 esp.
1578 5494 1634 5529 nu.
1655 5482 1706 5531 stt·
1719 5490 1741 5529 st
1756 5481 1796 5529 tlt.
1811 5480 1839 5529 d
1853 5479 1908 5531 W·

340 5550 397 5589 eent.
409 5546 498 5590 Prtsett.
509 5557 556 5601 oap.
570 5558 589 5587 ν,
598 5545 646 5587 -a
658 5545 682 5587 Ιιι
696 5548 753 5589 Prot.
768 5546 892 5588 eran-lb
903 5547 985 5590 Ρνωοί.
1002 5556 1050 5599 sap.
1064 5557 1106 5588 ιιι.
