<?xml version="1.0" encoding="UTF-8"?>
<!DOCTYPE html PUBLIC "-//W3C//DTD XHTML 1.0 Transitional//EN"
    "http://www.w3.org/TR/xhtml1/DTD/xhtml1-transitional.dtd">
<html xmlns="http://www.w3.org/1999/xhtml" xml:lang="en" lang="en">
 <head>
  <title>
</title>
<meta http-equiv="Content-Type" content="text/html;charset=utf-8" />
  <meta name='ocr-system' content='tesseract 3.04.00' />
  <meta name='ocr-capabilities' content='ocr_page ocr_carea ocr_par ocr_line ocrx_word'/>
</head>
<body>
  <div class='ocr_page' id='page_1' title='image "./dogmatatheologi01goog_0331.png"; bbox 0 0 3952 6170; ppageno 0'>
   <div class='ocr_carea' id='block_1_1' title="bbox 276 412 1360 479">
    <p class='ocr_par' dir='ltr' id='par_1_1' title="bbox 276 412 1360 479">
     <span class='ocr_line' id='line_1_1' title="bbox 276 412 1360 479; baseline -0.004 0"><span class='ocrx_word' id='word_1_1' title='bbox 276 419 336 479; x_wconf 69' lang='lat'>292</span> <span class='ocrx_word' id='word_1_2' title='bbox 783 414 1109 478; x_wconf 75' lang='lat' dir='ltr'>Titnonoolcouobi</span> <span class='ocrx_word' id='word_1_3' title='bbox 1131 412 1360 476; x_wconf 78' lang='lat' dir='ltr'><strong>DOGMATUM.</strong></span> 
     </span>
    </p>
   </div>
   <div class='ocr_carea' id='block_1_2' title="bbox 217 576 1967 3539">
    <p class='ocr_par' dir='ltr' id='par_1_2' title="bbox 217 576 1967 3539">
     <span class='ocr_line' id='line_1_2' title="bbox 277 576 1857 664; baseline -0.004 -20"><span class='ocrx_word' id='word_1_4' title='bbox 277 585 380 664; x_wconf 79' lang='lat' dir='ltr'>gimus</span> <span class='ocrx_word' id='word_1_5' title='bbox 400 587 503 663; x_wconf 81' lang='lat' dir='ltr'>aptata</span> <span class='ocrx_word' id='word_1_6' title='bbox 519 599 584 643; x_wconf 89' lang='lat' dir='ltr'>esse</span> <span class='ocrx_word' id='word_1_7' title='bbox 602 580 714 644; x_wconf 77' lang='lat' dir='ltr'>secula</span> <span class='ocrx_word' id='word_1_8' title='bbox 735 580 831 643; x_wconf 80' lang='lat' dir='ltr'>verbo</span> <span class='ocrx_word' id='word_1_9' title='bbox 854 581 943 642; x_wconf 59' lang='grc' dir='ltr'>[ἰσὶν.</span> <span class='ocrx_word' id='word_1_10' title='bbox 963 602 979 639; x_wconf 84' lang='grc' dir='ltr'>ν</span> <span class='ocrx_word' id='word_1_11' title='bbox 1006 583 1049 643; x_wconf 84' lang='lat' dir='ltr'>lle</span> <span class='ocrx_word' id='word_1_12' title='bbox 1098 580 1317 642; x_wconf 89' lang='lat' dir='ltr'>nonidemcst</span> <span class='ocrx_word' id='word_1_13' title='bbox 1329 584 1421 659; x_wconf 87' lang='lat' dir='ltr'>etque</span> <span class='ocrx_word' id='word_1_14' title='bbox 1434 585 1507 641; x_wconf 83' lang='grc' dir='ltr'>αἰῶν.</span> <span class='ocrx_word' id='word_1_15' title='bbox 1520 576 1678 656; x_wconf 87' lang='lat' dir='ltr'>Sedquod</span> <span class='ocrx_word' id='word_1_16' title='bbox 1691 576 1785 638; x_wconf 78' lang='lat' dir='ltr'>aeonis</span> <span class='ocrx_word' id='word_1_17' title='bbox 1795 595 1857 657; x_wconf 82' lang='lat' dir='ltr'>por·</span> 
     </span>
     <span class='ocr_line' id='line_1_3' title="bbox 278 668 1859 756; baseline -0.006 -18"><span class='ocrx_word' id='word_1_18' title='bbox 278 677 502 755; x_wconf 80' lang='lat' dir='ltr'>hisGregorius</span> <span class='ocrx_word' id='word_1_19' title='bbox 514 674 720 756; x_wconf 83' lang='lat' dir='ltr'>Nyssenusita</span> <span class='ocrx_word' id='word_1_20' title='bbox 731 673 845 749; x_wconf 86' lang='lat' dir='ltr'>scribit,</span> <span class='ocrx_word' id='word_1_21' title='bbox 855 680 891 736; x_wconf 91' lang='lat' dir='ltr'>ut</span> <span class='ocrx_word' id='word_1_22' title='bbox 901 693 954 736; x_wconf 88' lang='lat' dir='ltr'>eos</span> <span class='ocrx_word' id='word_1_23' title='bbox 964 675 1051 754; x_wconf 90' lang='lat' dir='ltr'>prius</span> <span class='ocrx_word' id='word_1_24' title='bbox 1098 674 1193 753; x_wconf 88' lang='lat' dir='ltr'>ticeps</span> <span class='ocrx_word' id='word_1_25' title='bbox 1214 678 1270 749; x_wconf 87' lang='lat' dir='ltr'>est,</span> <span class='ocrx_word' id='word_1_26' title='bbox 1289 672 1349 734; x_wconf 88' lang='lat' dir='ltr'>hoc</span> <span class='ocrx_word' id='word_1_27' title='bbox 1366 677 1413 733; x_wconf 88' lang='lat' dir='ltr'>est</span> <span class='ocrx_word' id='word_1_28' title='bbox 1434 671 1501 750; x_wconf 85' lang='lat' dir='ltr'>ejus</span> <span class='ocrx_word' id='word_1_29' title='bbox 1520 670 1594 731; x_wconf 76' lang='lat' dir='ltr'>vitae</span> <span class='ocrx_word' id='word_1_30' title='bbox 1616 687 1687 751; x_wconf 72' lang='lat' dir='ltr'>quae</span> <span class='ocrx_word' id='word_1_31' title='bbox 1709 668 1859 730; x_wconf 81' lang='lat' dir='ltr'>intervallo</span> 
     </span>
     <span class='ocr_line' id='line_1_4' title="bbox 279 762 1862 848; baseline -0.005 -18"><span class='ocrx_word' id='word_1_32' title='bbox 279 768 448 831; x_wconf 84' lang='lat' dir='ltr'>condidisse</span> <span class='ocrx_word' id='word_1_33' title='bbox 471 769 612 830; x_wconf 78' lang='lat' dir='ltr'>videatur</span> <span class='ocrx_word' id='word_1_34' title='bbox 640 770 722 830; x_wconf 85' lang='lat' dir='ltr'>Deus</span> <span class='ocrx_word' id='word_1_35' title='bbox 744 784 840 848; x_wconf 87' lang='lat' dir='ltr'>quam</span> <span class='ocrx_word' id='word_1_36' title='bbox 862 773 979 829; x_wconf 87' lang='lat' dir='ltr'>creatas</span> <span class='ocrx_word' id='word_1_37' title='bbox 1001 786 1052 829; x_wconf 92' lang='lat' dir='ltr'>res</span> <span class='ocrx_word' id='word_1_38' title='bbox 1099 784 1206 828; x_wconf 86' lang='lat' dir='ltr'>cerens</span> <span class='ocrx_word' id='word_1_39' title='bbox 1222 765 1406 845; x_wconf 87' lang='lat' dir='ltr'>infinitaque</span> <span class='ocrx_word' id='word_1_40' title='bbox 1423 770 1479 826; x_wconf 87' lang='lat' dir='ltr'>est.</span> <span class='ocrx_word' id='word_1_41' title='bbox 1500 765 1583 826; x_wconf 84' lang='lat' dir='ltr'>Deus</span> <span class='ocrx_word' id='word_1_42' title='bbox 1602 762 1705 841; x_wconf 87' lang='lat' dir='ltr'>itaque</span> <span class='ocrx_word' id='word_1_43' title='bbox 1723 766 1862 841; x_wconf 87' lang='lat' dir='ltr'>tanquam</span> 
     </span>
     <span class='ocr_line' id='line_1_5' title="bbox 280 854 1863 941; baseline -0.006 -17"><span class='ocrx_word' id='word_1_44' title='bbox 280 866 415 936; x_wconf 77' lang='lat' dir='ltr'>ceteras,</span> <span class='ocrx_word' id='word_1_45' title='bbox 449 880 583 941; x_wconf 74' lang='grc' dir='ltr'>ηιιατιιτιι</span> <span class='ocrx_word' id='word_1_46' title='bbox 614 861 667 922; x_wconf 92' lang='lat' dir='ltr'>illa</span> <span class='ocrx_word' id='word_1_47' title='bbox 704 861 920 940; x_wconf 84' lang='lat' dir='ltr'>conceptacula</span> <span class='ocrx_word' id='word_1_48' title='bbox 950 865 1049 922; x_wconf 87' lang='lat' dir='ltr'>vocat.</span> <span class='ocrx_word' id='word_1_49' title='bbox 1101 877 1211 920; x_wconf 91' lang='lat' dir='ltr'>eorum</span> <span class='ocrx_word' id='word_1_50' title='bbox 1227 858 1378 933; x_wconf 87' lang='lat' dir='ltr'>conditor,</span> <span class='ocrx_word' id='word_1_51' title='bbox 1392 875 1462 937; x_wconf 73' lang='lat' dir='ltr'>qua</span> <span class='ocrx_word' id='word_1_52' title='bbox 1480 872 1602 918; x_wconf 73' lang='lat' dir='ltr'>saonem</span> <span class='ocrx_word' id='word_1_53' title='bbox 1616 854 1776 916; x_wconf 89' lang='lat' dir='ltr'>bocestid</span> <span class='ocrx_word' id='word_1_54' title='bbox 1788 854 1863 933; x_wconf 90' lang='lat' dir='ltr'>quod</span> 
     </span>
     <span class='ocr_line' id='line_1_6' title="bbox 284 947 1863 1032; baseline -0.003 -20"><span class='ocrx_word' id='word_1_55' title='bbox 284 955 389 1015; x_wconf 71' lang='lat' dir='ltr'>«Puto</span> <span class='ocrx_word' id='word_1_56' title='bbox 402 953 487 1015; x_wconf 88' lang='lat' dir='ltr'>enim</span> <span class='ocrx_word' id='word_1_57' title='bbox 499 954 605 1029; x_wconf 85' lang='lat' dir='ltr'>cuivis,</span> <span class='ocrx_word' id='word_1_58' title='bbox 619 953 731 1032; x_wconf 87' lang='lat' dir='ltr'>inquit,</span> <span class='ocrx_word' id='word_1_59' title='bbox 746 953 800 1032; x_wconf 90' lang='lat' dir='ltr'>qui</span> <span class='ocrx_word' id='word_1_60' title='bbox 811 953 863 1015; x_wconf 86' lang='lat' dir='ltr'>vel</span> <span class='ocrx_word' id='word_1_61' title='bbox 874 954 973 1014; x_wconf 90' lang='lat' dir='ltr'>obiter</span> <span class='ocrx_word' id='word_1_62' title='bbox 984 954 1052 1014; x_wconf 84' lang='lat' dir='ltr'>ani-</span> <span class='ocrx_word' id='word_1_63' title='bbox 1101 969 1223 1032; x_wconf 89' lang='lat' dir='ltr'>semper</span> <span class='ocrx_word' id='word_1_64' title='bbox 1232 956 1278 1013; x_wconf 87' lang='lat' dir='ltr'>est</span> <span class='ocrx_word' id='word_1_65' title='bbox 1290 952 1476 1032; x_wconf 89' lang='lat' dir='ltr'>participant</span> <span class='ocrx_word' id='word_1_66' title='bbox 1486 954 1518 1012; x_wconf 92' lang='lat' dir='ltr'>et</span> <span class='ocrx_word' id='word_1_67' title='bbox 1529 966 1632 1011; x_wconf 79' lang='lat' dir='ltr'>aeones</span> <span class='ocrx_word' id='word_1_68' title='bbox 1642 948 1776 1028; x_wconf 63' lang='lat' dir='ltr'>padam</span> <span class='ocrx_word' id='word_1_69' title='bbox 1786 947 1863 1008; x_wconf 90' lang='lat' dir='ltr'>simi·</span> 
     </span>
     <span class='ocr_line' id='line_1_7' title="bbox 281 1038 1862 1124; baseline -0.006 -15"><span class='ocrx_word' id='word_1_70' title='bbox 281 1063 370 1109; x_wconf 90' lang='lat' dir='ltr'>mum</span> <span class='ocrx_word' id='word_1_71' title='bbox 381 1047 420 1108; x_wconf 90' lang='lat' dir='ltr'>ad</span> <span class='ocrx_word' id='word_1_72' title='bbox 431 1047 499 1108; x_wconf 85' lang='lat' dir='ltr'>haec</span> <span class='ocrx_word' id='word_1_73' title='bbox 510 1047 669 1108; x_wconf 86' lang='lat' dir='ltr'>advertere</span> <span class='ocrx_word' id='word_1_74' title='bbox 680 1046 755 1108; x_wconf 86' lang='lat' dir='ltr'>velit</span> <span class='ocrx_word' id='word_1_75' title='bbox 765 1046 964 1107; x_wconf 81' lang='lat' dir='ltr'>manifestum</span> <span class='ocrx_word' id='word_1_76' title='bbox 975 1064 1051 1124; x_wconf 89' lang='lat' dir='ltr'>esse,</span> <span class='ocrx_word' id='word_1_77' title='bbox 1101 1044 1232 1106; x_wconf 82' lang='lat' dir='ltr'>titudine</span> <span class='ocrx_word' id='word_1_78' title='bbox 1255 1043 1411 1120; x_wconf 80' lang='lat' dir='ltr'>dicuntur,</span> <span class='ocrx_word' id='word_1_79' title='bbox 1433 1060 1536 1104; x_wconf 87' lang='lat' dir='ltr'>aeonas</span> <span class='ocrx_word' id='word_1_80' title='bbox 1558 1040 1729 1103; x_wconf 78' lang='lat' dir='ltr'>condidisse</span> <span class='ocrx_word' id='word_1_81' title='bbox 1751 1038 1862 1114; x_wconf 72' lang='lat' dir='ltr'>didon,</span> 
     </span>
     <span class='ocr_line' id='line_1_8' title="bbox 281 1136 1490 1220; baseline -0.005 -20"><span class='ocrx_word' id='word_1_82' title='bbox 281 1139 418 1200; x_wconf 82' lang='lat' dir='ltr'>universi</span> <span class='ocrx_word' id='word_1_83' title='bbox 435 1138 528 1218; x_wconf 78' lang='lat' dir='ltr'>huJus</span> <span class='ocrx_word' id='word_1_84' title='bbox 549 1138 752 1216; x_wconf 84' lang='lat' dir='ltr'>conditorem,</span> <span class='ocrx_word' id='word_1_85' title='bbox 770 1139 881 1201; x_wconf 72' lang='lat' dir='ltr'>seem</span> <span class='ocrx_word' id='word_1_86' title='bbox 899 1145 930 1200; x_wconf 85' lang='lat' dir='ltr'>ct</span> <span class='ocrx_word' id='word_1_87' title='bbox 950 1141 1005 1220; x_wconf 93' lang='lat' dir='ltr'>qui</span> <span class='ocrx_word' id='word_1_88' title='bbox 1021 1141 1055 1202; x_wconf 90' lang='lat' dir='ltr'>in</span> <span class='ocrx_word' id='word_1_89' title='bbox 1102 1155 1216 1217; x_wconf 82' lang='lat' dir='ltr'>nempe</span> <span class='ocrx_word' id='word_1_90' title='bbox 1228 1136 1490 1217; x_wconf 55' lang='lat' dir='ltr'>intelligibilium</span> 
     </span>
     <span class='ocr_line' id='line_1_9' title="bbox 281 1226 1922 1313; baseline -0.004 -21"><span class='ocrx_word' id='word_1_91' title='bbox 281 1231 320 1292; x_wconf 91' lang='lat' dir='ltr'>iis</span> <span class='ocrx_word' id='word_1_92' title='bbox 335 1237 381 1293; x_wconf 89' lang='lat' dir='ltr'>est</span> <span class='ocrx_word' id='word_1_93' title='bbox 395 1232 510 1308; x_wconf 89' lang='lat' dir='ltr'>locum,</span> <span class='ocrx_word' id='word_1_94' title='bbox 524 1232 609 1292; x_wconf 88' lang='lat' dir='ltr'>velut</span> <span class='ocrx_word' id='word_1_95' title='bbox 627 1232 783 1310; x_wconf 81' lang='lat' dir='ltr'>quoddam</span> <span class='ocrx_word' id='word_1_96' title='bbox 803 1233 1055 1313; x_wconf 80' lang='lat' dir='ltr'>conceptaculum</span> <span class='ocrx_word' id='word_1_97' title='bbox 1144 1231 1209 1290; x_wconf 91' lang='lat' dir='ltr'>Vll.</span> <span class='ocrx_word' id='word_1_98' title='bbox 1232 1232 1312 1309; x_wconf 68' lang='lat' dir='ltr'>Ergo</span> <span class='ocrx_word' id='word_1_99' title='bbox 1332 1236 1419 1300; x_wconf 80' lang='grc' dir='ltr'>αἰῶνες</span> <span class='ocrx_word' id='word_1_100' title='bbox 1437 1229 1586 1309; x_wconf 83' lang='lat' dir='ltr'>proprie*</span> <span class='ocrx_word' id='word_1_101' title='bbox 1604 1228 1704 1308; x_wconf 88' lang='lat' dir='ltr'>spatia</span> <span class='ocrx_word' id='word_1_102' title='bbox 1721 1233 1793 1287; x_wconf 89' lang='lat' dir='ltr'>sunt</span> <span class='ocrx_word' id='word_1_103' title='bbox 1811 1226 1866 1286; x_wconf 84' lang='lat' dir='ltr'>sive</span> <span class='ocrx_word' id='word_1_104' title='bbox 1911 1261 1922 1290; x_wconf 76' lang='grc'>,-</span> 
     </span>
     <span class='ocr_line' id='line_1_10' title="bbox 283 1318 1868 1405; baseline -0.003 -21"><span class='ocrx_word' id='word_1_105' title='bbox 283 1341 392 1384; x_wconf 90' lang='lat' dir='ltr'>eorum</span> <span class='ocrx_word' id='word_1_106' title='bbox 407 1342 476 1403; x_wconf 83' lang='lat' dir='ltr'>quae</span> <span class='ocrx_word' id='word_1_107' title='bbox 494 1324 575 1385; x_wconf 87' lang='lat' dir='ltr'>fiunt</span> <span class='ocrx_word' id='word_1_108' title='bbox 589 1329 680 1384; x_wconf 84' lang='lat' dir='ltr'>antea</span> <span class='ocrx_word' id='word_1_109' title='bbox 696 1325 898 1399; x_wconf 85' lang='lat' dir='ltr'>constituisse,</span> <span class='ocrx_word' id='word_1_110' title='bbox 911 1326 946 1384; x_wconf 90' lang='lat' dir='ltr'>in</span> <span class='ocrx_word' id='word_1_111' title='bbox 958 1326 1056 1405; x_wconf 89' lang='lat' dir='ltr'>iisque</span> <span class='ocrx_word' id='word_1_112' title='bbox 1104 1321 1276 1398; x_wconf 87' lang='lat' dir='ltr'>intervella,</span> <span class='ocrx_word' id='word_1_113' title='bbox 1290 1321 1349 1382; x_wconf 89' lang='lat' dir='ltr'>hoc</span> <span class='ocrx_word' id='word_1_114' title='bbox 1360 1327 1407 1381; x_wconf 89' lang='lat' dir='ltr'>cst</span> <span class='ocrx_word' id='word_1_115' title='bbox 1418 1326 1522 1382; x_wconf 76' lang='lat' dir='ltr'>etates</span> <span class='ocrx_word' id='word_1_116' title='bbox 1532 1318 1868 1400; x_wconf 76' lang='lat' dir='ltr'>intelligibiliumacspi</span> 
     </span>
     <span class='ocr_line' id='line_1_11' title="bbox 284 1413 1869 1496; baseline -0.003 -20"><span class='ocrx_word' id='word_1_117' title='bbox 284 1415 427 1494; x_wconf 83' lang='lat' dir='ltr'>deinceps</span> <span class='ocrx_word' id='word_1_118' title='bbox 439 1417 546 1477; x_wconf 86' lang='lat' dir='ltr'>omnia</span> <span class='ocrx_word' id='word_1_119' title='bbox 562 1433 747 1496; x_wconf 87' lang='lat' dir='ltr'>procreasse.</span> <span class='ocrx_word' id='word_1_120' title='bbox 768 1417 875 1496; x_wconf 84' lang='lat' dir='ltr'>Neque</span> <span class='ocrx_word' id='word_1_121' title='bbox 891 1418 976 1479; x_wconf 86' lang='lat' dir='ltr'>enim</span> <span class='ocrx_word' id='word_1_122' title='bbox 989 1418 1058 1479; x_wconf 83' lang='lat' dir='ltr'>tisri</span> <span class='ocrx_word' id='word_1_123' title='bbox 1105 1415 1266 1475; x_wconf 83' lang='lat' dir='ltr'>ritualium</span> <span class='ocrx_word' id='word_1_124' title='bbox 1291 1431 1409 1490; x_wconf 87' lang='lat' dir='ltr'>rerum,</span> <span class='ocrx_word' id='word_1_125' title='bbox 1423 1413 1508 1474; x_wconf 86' lang='lat' dir='ltr'>velut</span> <span class='ocrx_word' id='word_1_126' title='bbox 1529 1417 1653 1493; x_wconf 85' lang='lat' dir='ltr'>tempus</span> <span class='ocrx_word' id='word_1_127' title='bbox 1664 1428 1809 1474; x_wconf 88' lang='lat' dir='ltr'>mensura</span> <span class='ocrx_word' id='word_1_128' title='bbox 1829 1414 1869 1471; x_wconf 84' lang='lat' dir='ltr'>est</span> 
     </span>
     <span class='ocr_line' id='line_1_12' title="bbox 284 1505 1964 1590; baseline -0.002 -21"><span class='ocrx_word' id='word_1_129' title='bbox 284 1513 438 1589; x_wconf 85' lang='lat' dir='ltr'>potestat</span> <span class='ocrx_word' id='word_1_130' title='bbox 460 1509 576 1589; x_wconf 86' lang='lat' dir='ltr'>aliquid</span> <span class='ocrx_word' id='word_1_131' title='bbox 599 1508 683 1589; x_wconf 92' lang='lat' dir='ltr'>quod</span> <span class='ocrx_word' id='word_1_132' title='bbox 701 1509 854 1570; x_wconf 80' lang='lat' dir='ltr'>creatione</span> <span class='ocrx_word' id='word_1_133' title='bbox 872 1511 1058 1590; x_wconf 88' lang='lat' dir='ltr'>productum</span> <span class='ocrx_word' id='word_1_134' title='bbox 1106 1507 1304 1569; x_wconf 80' lang='lat' dir='ltr'>mutabilium</span> <span class='ocrx_word' id='word_1_135' title='bbox 1315 1507 1567 1586; x_wconf 83' lang='lat' dir='ltr'>corruptionique</span> <span class='ocrx_word' id='word_1_136' title='bbox 1580 1505 1869 1584; x_wconf 75' lang='lat' dir='ltr'>subjectarum3me</span> <span class='ocrx_word' id='word_1_137' title='bbox 1963 1578 1964 1587; x_wconf 17' lang='grc' dir='ltr'>γ</span> 
     </span>
     <span class='ocr_line' id='line_1_13' title="bbox 286 1597 1870 1679; baseline -0.004 -16"><span class='ocrx_word' id='word_1_138' title='bbox 286 1601 457 1676; x_wconf 87' lang='lat' dir='ltr'>estautfit‚</span> <span class='ocrx_word' id='word_1_139' title='bbox 471 1600 924 1664; x_wconf 82' lang='lat' dir='ltr'>nonomninorelinlooorel</span> <span class='ocrx_word' id='word_1_140' title='bbox 937 1604 1059 1666; x_wconf 82' lang='lat' dir='ltr'>intem-</span> <span class='ocrx_word' id='word_1_141' title='bbox 1107 1599 1263 1679; x_wconf 79' lang='lat' dir='ltr'>tonymice</span> <span class='ocrx_word' id='word_1_142' title='bbox 1292 1603 1399 1660; x_wconf 87' lang='lat' dir='ltr'>autem</span> <span class='ocrx_word' id='word_1_143' title='bbox 1424 1598 1603 1663; x_wconf 75' lang='lat' dir='ltr'>substantia</span> <span class='ocrx_word' id='word_1_144' title='bbox 1628 1597 1703 1677; x_wconf 78' lang='lat' dir='ltr'>ipse</span> <span class='ocrx_word' id='word_1_145' title='bbox 1730 1601 1870 1657; x_wconf 83' lang='lat' dir='ltr'>vocantur</span> 
     </span>
     <span class='ocr_line' id='line_1_14' title="bbox 287 1688 1871 1773; baseline -0.001 -20"><span class='ocrx_word' id='word_1_146' title='bbox 287 1710 362 1773; x_wconf 88' lang='lat' dir='ltr'>pore</span> <span class='ocrx_word' id='word_1_147' title='bbox 374 1712 439 1754; x_wconf 87' lang='lat' dir='ltr'>esse</span> <span class='ocrx_word' id='word_1_148' title='bbox 451 1712 545 1755; x_wconf 89' lang='lat' dir='ltr'>sunm</span> <span class='ocrx_word' id='word_1_149' title='bbox 560 1693 674 1754; x_wconf 84' lang='lat' dir='ltr'>habeat</span> <span class='ocrx_word' id='word_1_150' title='bbox 683 1692 706 1754; x_wconf 61' lang='grc' dir='ltr'>ἰ.</span> <span class='ocrx_word' id='word_1_151' title='bbox 720 1715 735 1751; x_wconf 84' lang='grc' dir='ltr'>ν</span> <span class='ocrx_word' id='word_1_152' title='bbox 1108 1698 1204 1768; x_wconf 80' lang='grc' dir='ltr'>αἰῶνες,</span> <span class='ocrx_word' id='word_1_153' title='bbox 1218 1709 1353 1771; x_wconf 61' lang='lat' dir='ltr'>marum</span> <span class='ocrx_word' id='word_1_154' title='bbox 1367 1697 1440 1753; x_wconf 75' lang='lat' dir='ltr'>estes</span> <span class='ocrx_word' id='word_1_155' title='bbox 1453 1696 1581 1767; x_wconf 74' lang='grc' dir='ltr'>εείαἰῶν,</span> <span class='ocrx_word' id='word_1_156' title='bbox 1593 1691 1677 1771; x_wconf 92' lang='lat' dir='ltr'>quod</span> <span class='ocrx_word' id='word_1_157' title='bbox 1692 1688 1871 1752; x_wconf 85' lang='lat' dir='ltr'>anonnullis</span> 
     </span>
     <span class='ocr_line' id='line_1_15' title="bbox 328 1782 1599 1864; baseline -0.002 -18"><span class='ocrx_word' id='word_1_158' title='bbox 328 1785 456 1847; x_wconf 82' lang='lat' dir='ltr'>Basilius</span> <span class='ocrx_word' id='word_1_159' title='bbox 476 1804 550 1847; x_wconf 86' lang='lat' dir='ltr'>vero</span> <span class='ocrx_word' id='word_1_160' title='bbox 573 1792 680 1847; x_wconf 74' lang='lat' dir='ltr'>conns</span> <span class='ocrx_word' id='word_1_161' title='bbox 701 1787 848 1849; x_wconf 89' lang='lat' dir='ltr'>eumdem</span> <span class='ocrx_word' id='word_1_162' title='bbox 871 1789 1060 1851; x_wconf 89' lang='lat' dir='ltr'>Eunomium</span> <span class='ocrx_word' id='word_1_163' title='bbox 1109 1803 1204 1847; x_wconf 82' lang='lat' dir='ltr'>oeoum</span> <span class='ocrx_word' id='word_1_164' title='bbox 1216 1782 1366 1864; x_wconf 87' lang='lat' dir='ltr'>appellari</span> <span class='ocrx_word' id='word_1_165' title='bbox 1372 1783 1440 1861; x_wconf 82' lang='lat' dir='ltr'>jam</span> <span class='ocrx_word' id='word_1_166' title='bbox 1452 1783 1599 1844; x_wconf 85' lang='lat' dir='ltr'>diximus.</span> 
     </span>
     <span class='ocr_line' id='line_1_16' title="bbox 290 1873 1871 1959; baseline -0.003 -20"><span class='ocrx_word' id='word_1_167' title='bbox 290 1877 357 1939; x_wconf 85' lang='lat' dir='ltr'>Filii</span> <span class='ocrx_word' id='word_1_168' title='bbox 372 1879 577 1940; x_wconf 77' lang='lat' dir='ltr'>eternitatem</span> <span class='ocrx_word' id='word_1_169' title='bbox 596 1879 780 1941; x_wconf 86' lang='lat' dir='ltr'>adstruens:</span> <span class='ocrx_word' id='word_1_170' title='bbox 802 1902 818 1939; x_wconf 84' lang='grc' dir='ltr'>ιι</span> <span class='ocrx_word' id='word_1_171' title='bbox 834 1882 874 1942; x_wconf 85' lang='grc' dir='ltr'>Αἰ</span> <span class='ocrx_word' id='word_1_172' title='bbox 891 1882 918 1942; x_wconf 91' lang='lat' dir='ltr'>si</span> <span class='ocrx_word' id='word_1_173' title='bbox 936 1883 1059 1959; x_wconf 83' lang='lat' dir='ltr'>saecuta,</span> <span class='ocrx_word' id='word_1_174' title='bbox 1150 1878 1199 1939; x_wconf 88' lang='lat' dir='ltr'>Sic</span> <span class='ocrx_word' id='word_1_175' title='bbox 1211 1876 1421 1937; x_wconf 87' lang='lat' dir='ltr'>Theodoretus</span> <span class='ocrx_word' id='word_1_176' title='bbox 1432 1877 1465 1936; x_wconf 89' lang='lat' dir='ltr'>in</span> <span class='ocrx_word' id='word_1_177' title='bbox 1477 1875 1618 1957; x_wconf 78' lang='grc' dir='ltr'>Ερὶἰοιιω</span> <span class='ocrx_word' id='word_1_178' title='bbox 1629 1873 1796 1936; x_wconf 74' lang='grc' dir='ltr'>θὶυώιοτιαιι</span> <span class='ocrx_word' id='word_1_179' title='bbox 1807 1875 1871 1957; x_wconf 70' lang='lat' dir='ltr'>dop-</span> 
     </span>
     <span class='ocr_line' id='line_1_17' title="bbox 289 1958 1965 2053; baseline 0 -23"><span class='ocrx_word' id='word_1_180' title='bbox 289 1971 400 2051; x_wconf 84' lang='lat' dir='ltr'>inqnit,</span> <span class='ocrx_word' id='word_1_181' title='bbox 415 1972 520 2032; x_wconf 89' lang='lat' dir='ltr'>omnia</span> <span class='ocrx_word' id='word_1_182' title='bbox 535 1991 608 2034; x_wconf 92' lang='lat' dir='ltr'>cum</span> <span class='ocrx_word' id='word_1_183' title='bbox 622 1973 689 2034; x_wconf 88' lang='lat' dir='ltr'>Filii</span> <span class='ocrx_word' id='word_1_184' title='bbox 701 1991 795 2053; x_wconf 86' lang='lat' dir='ltr'>opera</span> <span class='ocrx_word' id='word_1_185' title='bbox 810 1973 881 2050; x_wconf 87' lang='lat' dir='ltr'>sint,</span> <span class='ocrx_word' id='word_1_186' title='bbox 895 1974 976 2036; x_wconf 83' lang='lat' dir='ltr'>intra</span> <span class='ocrx_word' id='word_1_187' title='bbox 988 1975 1063 2037; x_wconf 92' lang='lat' dir='ltr'>Uni·</span> <span class='ocrx_word' id='word_1_188' title='bbox 1109 1979 1223 2031; x_wconf 84' lang='lat' dir='ltr'>motum</span> <span class='ocrx_word' id='word_1_189' title='bbox 1243 1967 1380 2030; x_wconf 76' lang='grc' dir='ltr'>αόυετειιν</span> <span class='ocrx_word' id='word_1_190' title='bbox 1399 1967 1552 2030; x_wconf 73' lang='lat' dir='ltr'>hereticos</span> <span class='ocrx_word' id='word_1_191' title='bbox 1565 1968 1634 2030; x_wconf 90' lang='lat' dir='ltr'>illos</span> <span class='ocrx_word' id='word_1_192' title='bbox 1653 1969 1709 2049; x_wconf 92' lang='lat' dir='ltr'>qui</span> <span class='ocrx_word' id='word_1_193' title='bbox 1728 1987 1830 2030; x_wconf 73' lang='lat' dir='ltr'>aeonas</span> <span class='ocrx_word' id='word_1_194' title='bbox 1844 1970 1873 2030; x_wconf 90' lang='lat' dir='ltr'>iu</span> <span class='ocrx_word' id='word_1_195' title='bbox 1964 1958 1965 1975; x_wconf 55' lang='lat'>¹</span> 
     </span>
     <span class='ocr_line' id='line_1_18' title="bbox 290 2059 1875 2145; baseline -0.002 -20"><span class='ocrx_word' id='word_1_196' title='bbox 290 2064 385 2143; x_wconf 80' lang='lat' dir='ltr'>geniti</span> <span class='ocrx_word' id='word_1_197' title='bbox 401 2066 635 2144; x_wconf 82' lang='lat' dir='ltr'>generationem</span> <span class='ocrx_word' id='word_1_198' title='bbox 654 2066 889 2145; x_wconf 78' lang='lat' dir='ltr'>iutelligrmtur3</span> <span class='ocrx_word' id='word_1_199' title='bbox 903 2086 1002 2129; x_wconf 85' lang='lat' dir='ltr'>vanus</span> <span class='ocrx_word' id='word_1_200' title='bbox 1018 2074 1064 2129; x_wconf 89' lang='lat' dir='ltr'>est</span> <span class='ocrx_word' id='word_1_201' title='bbox 1111 2064 1241 2126; x_wconf 88' lang='lat' dir='ltr'>modum</span> <span class='ocrx_word' id='word_1_202' title='bbox 1263 2061 1470 2142; x_wconf 88' lang='lat' dir='ltr'>spiritualium</span> <span class='ocrx_word' id='word_1_203' title='bbox 1491 2059 1733 2123; x_wconf 86' lang='lat' dir='ltr'>substantiarum</span> <span class='ocrx_word' id='word_1_204' title='bbox 1758 2060 1875 2122; x_wconf 67' lang='grc' dir='ltr'>ἰαθῆτε</span> 
     </span>
     <span class='ocr_line' id='line_1_19' title="bbox 290 2153 1874 2239; baseline -0.001 -22"><span class='ocrx_word' id='word_1_205' title='bbox 290 2157 345 2237; x_wconf 89' lang='lat' dir='ltr'>qui</span> <span class='ocrx_word' id='word_1_206' title='bbox 365 2157 523 2236; x_wconf 87' lang='lat' dir='ltr'>antiquius</span> <span class='ocrx_word' id='word_1_207' title='bbox 546 2157 663 2237; x_wconf 88' lang='lat' dir='ltr'>aliquid</span> <span class='ocrx_word' id='word_1_208' title='bbox 681 2159 878 2220; x_wconf 83' lang='lat' dir='ltr'>subsistentia</span> <span class='ocrx_word' id='word_1_209' title='bbox 899 2161 967 2220; x_wconf 89' lang='lat' dir='ltr'>Filii</span> <span class='ocrx_word' id='word_1_210' title='bbox 981 2179 1065 2239; x_wconf 79' lang='lat' dir='ltr'>quae-</span> <span class='ocrx_word' id='word_1_211' title='bbox 1111 2153 1218 2230; x_wconf 82' lang='lat' dir='ltr'>bant⁸‚</span> <span class='ocrx_word' id='word_1_212' title='bbox 1241 2159 1276 2216; x_wconf 92' lang='lat' dir='ltr'>ut</span> <span class='ocrx_word' id='word_1_213' title='bbox 1298 2154 1466 2229; x_wconf 82' lang='lat' dir='ltr'>Valentini,</span> <span class='ocrx_word' id='word_1_214' title='bbox 1483 2153 1573 2214; x_wconf 86' lang='lat' dir='ltr'>docet</span> <span class='ocrx_word' id='word_1_215' title='bbox 1593 2154 1626 2216; x_wconf 90' lang='lat' dir='ltr'>id</span> <span class='ocrx_word' id='word_1_216' title='bbox 1646 2154 1730 2233; x_wconf 87' lang='lat' dir='ltr'>quod</span> <span class='ocrx_word' id='word_1_217' title='bbox 1751 2172 1771 2215; x_wconf 87' lang='lat' dir='ltr'>a</span> <span class='ocrx_word' id='word_1_218' title='bbox 1791 2153 1874 2215; x_wconf 85' lang='lat' dir='ltr'>Paulo</span> 
     </span>
     <span class='ocr_line' id='line_1_20' title="bbox 232 2244 1873 2328; baseline -0.001 -18"><span class='ocrx_word' id='word_1_219' title='bbox 232 2305 238 2317; x_wconf 83' lang='grc'>,</span> <span class='ocrx_word' id='word_1_220' title='bbox 290 2250 360 2310; x_wconf 61' lang='lat' dir='ltr'>ritt.</span> <span class='ocrx_word' id='word_1_221' title='bbox 375 2270 391 2307; x_wconf 86' lang='grc' dir='ltr'>ν</span> <span class='ocrx_word' id='word_1_222' title='bbox 407 2248 449 2311; x_wconf 77' lang='lat' dir='ltr'>Ac</span> <span class='ocrx_word' id='word_1_223' title='bbox 461 2250 591 2310; x_wconf 90' lang='lat' dir='ltr'>subinde</span> <span class='ocrx_word' id='word_1_224' title='bbox 603 2256 694 2321; x_wconf 84' lang='grc' dir='ltr'>αἰῶνας</span> <span class='ocrx_word' id='word_1_225' title='bbox 706 2253 903 2313; x_wconf 80' lang='lat' dir='ltr'>aeternosboc</span> <span class='ocrx_word' id='word_1_226' title='bbox 912 2257 959 2314; x_wconf 87' lang='lat' dir='ltr'>cst</span> <span class='ocrx_word' id='word_1_227' title='bbox 969 2259 1065 2323; x_wconf 74' lang='grc' dir='ltr'>ἰίοἰως</span> <span class='ocrx_word' id='word_1_228' title='bbox 1112 2250 1339 2328; x_wconf 81' lang='lat' dir='ltr'>scriptumest,</span> <span class='ocrx_word' id='word_1_229' title='bbox 1363 2245 1545 2327; x_wconf 75' lang='grc' dir='ltr'>νωοαίαρεα</span> <span class='ocrx_word' id='word_1_230' title='bbox 1569 2244 1685 2307; x_wconf 82' lang='lat' dir='ltr'>Filium</span> <span class='ocrx_word' id='word_1_231' title='bbox 1709 2265 1766 2308; x_wconf 79' lang='lat' dir='ltr'>esse</span> <span class='ocrx_word' id='word_1_232' title='bbox 1791 2247 1873 2327; x_wconf 66' lang='lat' dir='ltr'>facts</span> 
     </span>
     <span class='ocr_line' id='line_1_21' title="bbox 292 2337 1966 2423; baseline -0.001 -20"><span class='ocrx_word' id='word_1_233' title='bbox 292 2359 357 2403; x_wconf 82' lang='lat' dir='ltr'>esse</span> <span class='ocrx_word' id='word_1_234' title='bbox 379 2346 487 2420; x_wconf 81' lang='lat' dir='ltr'>negat,</span> <span class='ocrx_word' id='word_1_235' title='bbox 513 2348 567 2403; x_wconf 89' lang='lat' dir='ltr'>aut</span> <span class='ocrx_word' id='word_1_236' title='bbox 586 2350 634 2405; x_wconf 76' lang='grc' dir='ltr'>ἰαί</span> <span class='ocrx_word' id='word_1_237' title='bbox 649 2356 692 2405; x_wconf 80' lang='grc' dir='ltr'>τσο</span> <span class='ocrx_word' id='word_1_238' title='bbox 707 2350 744 2405; x_wconf 66' lang='lat' dir='ltr'>tet</span> <span class='ocrx_word' id='word_1_239' title='bbox 759 2346 820 2405; x_wconf 80' lang='grc' dir='ltr'>εἰναι</span> <span class='ocrx_word' id='word_1_240' title='bbox 841 2362 957 2406; x_wconf 90' lang='lat' dir='ltr'>nomen</span> <span class='ocrx_word' id='word_1_241' title='bbox 979 2364 1064 2407; x_wconf 85' lang='lat' dir='ltr'>acce·</span> <span class='ocrx_word' id='word_1_242' title='bbox 1114 2360 1178 2403; x_wconf 91' lang='lat' dir='ltr'>non</span> <span class='ocrx_word' id='word_1_243' title='bbox 1193 2342 1312 2402; x_wconf 88' lang='lat' dir='ltr'>efficere</span> <span class='ocrx_word' id='word_1_244' title='bbox 1329 2344 1365 2399; x_wconf 89' lang='lat' dir='ltr'>ut</span> <span class='ocrx_word' id='word_1_245' title='bbox 1382 2338 1421 2399; x_wconf 92' lang='lat' dir='ltr'>sit</span> <span class='ocrx_word' id='word_1_246' title='bbox 1434 2337 1550 2418; x_wconf 85' lang='lat' dir='ltr'>aliquid</span> <span class='ocrx_word' id='word_1_247' title='bbox 1565 2339 1734 2401; x_wconf 87' lang='lat' dir='ltr'>subsistens</span> <span class='ocrx_word' id='word_1_248' title='bbox 1746 2337 1817 2415; x_wconf 75' lang='grc' dir='ltr'>αἰὼν,</span> <span class='ocrx_word' id='word_1_249' title='bbox 1830 2340 1875 2401; x_wconf 86' lang='lat' dir='ltr'>sed</span> <span class='ocrx_word' id='word_1_250' title='bbox 1919 2339 1966 2423; x_wconf 52' lang='grc' dir='ltr'>Μ,</span> 
     </span>
     <span class='ocr_line' id='line_1_22' title="bbox 217 2432 1966 2517; baseline 0 -23"><span class='ocrx_word' id='word_1_251' title='bbox 217 2437 222 2447; x_wconf 92' lang='grc'><em>“</em></span> <span class='ocrx_word' id='word_1_252' title='bbox 293 2434 388 2514; x_wconf 75' lang='grc' dir='ltr'>μίσεα,</span> <span class='ocrx_word' id='word_1_253' title='bbox 421 2436 508 2514; x_wconf 87' lang='lat' dir='ltr'>cujus</span> <span class='ocrx_word' id='word_1_254' title='bbox 529 2435 589 2497; x_wconf 91' lang='lat' dir='ltr'>loci</span> <span class='ocrx_word' id='word_1_255' title='bbox 615 2436 714 2516; x_wconf 83' lang='lat' dir='ltr'>capite</span> <span class='ocrx_word' id='word_1_256' title='bbox 743 2436 895 2516; x_wconf 89' lang='lat' dir='ltr'>superiori</span> <span class='ocrx_word' id='word_1_257' title='bbox 925 2439 1067 2500; x_wconf 88' lang='lat' dir='ltr'>memini·</span> <span class='ocrx_word' id='word_1_258' title='bbox 1114 2434 1274 2517; x_wconf 86' lang='lat' dir='ltr'>quodlibet</span> <span class='ocrx_word' id='word_1_259' title='bbox 1291 2432 1425 2512; x_wconf 87' lang='lat' dir='ltr'>spatium</span> <span class='ocrx_word' id='word_1_260' title='bbox 1442 2450 1479 2493; x_wconf 86' lang='lat' dir='ltr'>eo</span> <span class='ocrx_word' id='word_1_261' title='bbox 1492 2433 1643 2493; x_wconf 89' lang='lat' dir='ltr'>vocabulo</span> <span class='ocrx_word' id='word_1_262' title='bbox 1661 2432 1834 2513; x_wconf 78' lang='lat' dir='ltr'>significari,</span> <span class='ocrx_word' id='word_1_263' title='bbox 1847 2452 1876 2494; x_wconf 90' lang='lat' dir='ltr'>sc</span> <span class='ocrx_word' id='word_1_264' title='bbox 1965 2442 1966 2445; x_wconf 76' lang='grc'>’</span> 
     </span>
     <span class='ocr_line' id='line_1_23' title="bbox 294 2524 1875 2591; baseline 0 -4"><span class='ocrx_word' id='word_1_265' title='bbox 294 2545 374 2588; x_wconf 89' lang='lat' dir='ltr'>mus.</span> <span class='ocrx_word' id='word_1_266' title='bbox 1115 2545 1242 2591; x_wconf 89' lang='lat' dir='ltr'>sensum</span> <span class='ocrx_word' id='word_1_267' title='bbox 1253 2526 1339 2586; x_wconf 91' lang='lat' dir='ltr'>hunc</span> <span class='ocrx_word' id='word_1_268' title='bbox 1355 2541 1443 2586; x_wconf 89' lang='lat' dir='ltr'>esse:</span> <span class='ocrx_word' id='word_1_269' title='bbox 1463 2524 1573 2585; x_wconf 79' lang='lat' dir='ltr'>«nihil</span> <span class='ocrx_word' id='word_1_270' title='bbox 1593 2544 1658 2587; x_wconf 87' lang='lat' dir='ltr'>esse</span> <span class='ocrx_word' id='word_1_271' title='bbox 1678 2528 1742 2588; x_wconf 85' lang='lat' dir='ltr'>Deo</span> <span class='ocrx_word' id='word_1_272' title='bbox 1761 2527 1875 2587; x_wconf 86' lang='lat' dir='ltr'>univer·</span> 
     </span>
     <span class='ocr_line' id='line_1_24' title="bbox 335 2617 1877 2701; baseline 0.001 -22"><span class='ocrx_word' id='word_1_273' title='bbox 335 2617 500 2698; x_wconf 83' lang='lat' dir='ltr'>Dionysius</span> <span class='ocrx_word' id='word_1_274' title='bbox 509 2636 633 2699; x_wconf 87' lang='lat' dir='ltr'>quoque</span> <span class='ocrx_word' id='word_1_275' title='bbox 644 2620 683 2681; x_wconf 89' lang='lat' dir='ltr'>de</span> <span class='ocrx_word' id='word_1_276' title='bbox 695 2620 835 2681; x_wconf 84' lang='lat' dir='ltr'>aeonibus</span> <span class='ocrx_word' id='word_1_277' title='bbox 841 2639 936 2701; x_wconf 78' lang='lat' dir='ltr'>agens</span> <span class='ocrx_word' id='word_1_278' title='bbox 947 2623 1068 2686; x_wconf 87' lang='lat' dir='ltr'>inlibro</span> <span class='ocrx_word' id='word_1_279' title='bbox 1116 2639 1224 2683; x_wconf 88' lang='lat' dir='ltr'>sorum</span> <span class='ocrx_word' id='word_1_280' title='bbox 1235 2618 1423 2698; x_wconf 75' lang='lat' dir='ltr'>antiquius‘.</span> <span class='ocrx_word' id='word_1_281' title='bbox 1437 2639 1453 2675; x_wconf 86' lang='grc' dir='ltr'>υ</span> <span class='ocrx_word' id='word_1_282' title='bbox 1469 2617 1557 2691; x_wconf 87' lang='lat' dir='ltr'>Quod</span> <span class='ocrx_word' id='word_1_283' title='bbox 1574 2624 1606 2679; x_wconf 90' lang='lat' dir='ltr'>et</span> <span class='ocrx_word' id='word_1_284' title='bbox 1618 2620 1741 2699; x_wconf 89' lang='lat' dir='ltr'>plenius</span> <span class='ocrx_word' id='word_1_285' title='bbox 1757 2621 1793 2680; x_wconf 86' lang='lat' dir='ltr'>in</span> <span class='ocrx_word' id='word_1_286' title='bbox 1807 2638 1877 2681; x_wconf 80' lang='lat' dir='ltr'>com</span> 
     </span>
     <span class='ocr_line' id='line_1_25' title="bbox 295 2708 1876 2795; baseline 0 -22"><span class='ocrx_word' id='word_1_287' title='bbox 295 2710 458 2773; x_wconf 77' lang='lat' dir='ltr'>dellioim&#39;s</span> <span class='ocrx_word' id='word_1_288' title='bbox 470 2710 635 2772; x_wconf 80' lang='lat' dir='ltr'>nominibus</span> <span class='ocrx_word' id='word_1_289' title='bbox 646 2710 717 2789; x_wconf 86' lang='lat' dir='ltr'>¹‚ab</span> <span class='ocrx_word' id='word_1_290' title='bbox 727 2713 896 2775; x_wconf 71' lang='lat' dir='ltr'>eternitate</span> <span class='ocrx_word' id='word_1_291' title='bbox 905 2723 1026 2795; x_wconf 85' lang='lat' dir='ltr'>separat</span> <span class='ocrx_word' id='word_1_292' title='bbox 1037 2718 1069 2778; x_wconf 87' lang='lat' dir='ltr'>id</span> <span class='ocrx_word' id='word_1_293' title='bbox 1118 2712 1276 2776; x_wconf 77' lang='lat' dir='ltr'>meritoriis</span> <span class='ocrx_word' id='word_1_294' title='bbox 1288 2712 1327 2773; x_wconf 87' lang='lat' dir='ltr'>sd</span> <span class='ocrx_word' id='word_1_295' title='bbox 1342 2708 1509 2790; x_wconf 84' lang='lat' dir='ltr'>Epistulam</span> <span class='ocrx_word' id='word_1_296' title='bbox 1526 2711 1613 2773; x_wconf 85' lang='lat' dir='ltr'>Pauli</span> <span class='ocrx_word' id='word_1_297' title='bbox 1625 2713 1665 2774; x_wconf 86' lang='lat' dir='ltr'>ad</span> <span class='ocrx_word' id='word_1_298' title='bbox 1683 2712 1821 2775; x_wconf 78' lang='lat' dir='ltr'>chroeos</span> <span class='ocrx_word' id='word_1_299' title='bbox 1832 2712 1876 2773; x_wconf 89' lang='lat' dir='ltr'>ad·</span> 
     </span>
     <span class='ocr_line' id='line_1_26' title="bbox 296 2802 1967 2891; baseline 0.002 -26"><span class='ocrx_word' id='word_1_300' title='bbox 296 2805 380 2883; x_wconf 88' lang='lat' dir='ltr'>qnod</span> <span class='ocrx_word' id='word_1_301' title='bbox 402 2810 501 2865; x_wconf 77' lang='grc' dir='ltr'>αἰώνιον</span> <span class='ocrx_word' id='word_1_302' title='bbox 524 2804 709 2884; x_wconf 85' lang='lat' dir='ltr'>appellatur,</span> <span class='ocrx_word' id='word_1_303' title='bbox 731 2811 763 2867; x_wconf 89' lang='lat' dir='ltr'>et</span> <span class='ocrx_word' id='word_1_304' title='bbox 780 2806 840 2868; x_wconf 88' lang='lat' dir='ltr'>hoc</span> <span class='ocrx_word' id='word_1_305' title='bbox 864 2826 929 2869; x_wconf 89' lang='lat' dir='ltr'>esse</span> <span class='ocrx_word' id='word_1_306' title='bbox 948 2808 1020 2870; x_wconf 91' lang='lat' dir='ltr'>dicit</span> <span class='ocrx_word' id='word_1_307' title='bbox 1038 2809 1071 2871; x_wconf 92' lang='lat' dir='ltr'>id</span> <span class='ocrx_word' id='word_1_308' title='bbox 1118 2808 1271 2870; x_wconf 81' lang='lat' dir='ltr'>notavit:</span> <span class='ocrx_word' id='word_1_309' title='bbox 1302 2826 1318 2863; x_wconf 83' lang='grc' dir='ltr'>ιι</span> <span class='ocrx_word' id='word_1_310' title='bbox 1342 2802 1512 2880; x_wconf 67' lang='lat' dir='ltr'>Saeculum,</span> <span class='ocrx_word' id='word_1_311' title='bbox 1539 2805 1596 2881; x_wconf 86' lang='lat' dir='ltr'>ait,</span> <span class='ocrx_word' id='word_1_312' title='bbox 1623 2825 1689 2869; x_wconf 92' lang='lat' dir='ltr'>non</span> <span class='ocrx_word' id='word_1_313' title='bbox 1714 2812 1760 2868; x_wconf 84' lang='lat' dir='ltr'>est</span> <span class='ocrx_word' id='word_1_314' title='bbox 1787 2807 1878 2886; x_wconf 83' lang='lat' dir='ltr'>aliqua</span> <span class='ocrx_word' id='word_1_315' title='bbox 1966 2852 1967 2891; x_wconf 49' lang='grc' dir='ltr'>γ</span> 
     </span>
     <span class='ocr_line' id='line_1_27' title="bbox 296 2896 1876 2983; baseline 0.001 -26"><span class='ocrx_word' id='word_1_316' title='bbox 296 2898 381 2977; x_wconf 89' lang='lat' dir='ltr'>quod</span> <span class='ocrx_word' id='word_1_317' title='bbox 393 2896 573 2957; x_wconf 77' lang='lat' dir='ltr'>eternitatis</span> <span class='ocrx_word' id='word_1_318' title='bbox 584 2897 618 2957; x_wconf 91' lang='lat' dir='ltr'>in</span> <span class='ocrx_word' id='word_1_319' title='bbox 636 2898 778 2960; x_wconf 77' lang='lat' dir='ltr'>firmrum</span> <span class='ocrx_word' id='word_1_320' title='bbox 794 2899 838 2960; x_wconf 83' lang='lat' dir='ltr'>ita</span> <span class='ocrx_word' id='word_1_321' title='bbox 855 2901 1007 2982; x_wconf 89' lang='lat' dir='ltr'>particeps</span> <span class='ocrx_word' id='word_1_322' title='bbox 1025 2907 1071 2963; x_wconf 89' lang='lat' dir='ltr'>est</span> <span class='ocrx_word' id='word_1_323' title='bbox 1119 2901 1300 2978; x_wconf 85' lang='lat' dir='ltr'>substantia,</span> <span class='ocrx_word' id='word_1_324' title='bbox 1318 2904 1371 2964; x_wconf 88' lang='lat' dir='ltr'>sed</span> <span class='ocrx_word' id='word_1_325' title='bbox 1387 2922 1437 2964; x_wconf 86' lang='lat' dir='ltr'>res</span> <span class='ocrx_word' id='word_1_326' title='bbox 1453 2909 1498 2964; x_wconf 88' lang='lat' dir='ltr'>est</span> <span class='ocrx_word' id='word_1_327' title='bbox 1512 2921 1581 2983; x_wconf 82' lang='lat' dir='ltr'>quae</span> <span class='ocrx_word' id='word_1_328' title='bbox 1595 2900 1725 2963; x_wconf 90' lang='lat' dir='ltr'>minime</span> <span class='ocrx_word' id='word_1_329' title='bbox 1742 2899 1876 2973; x_wconf 82' lang='lat' dir='ltr'>subsistit,</span> 
     </span>
     <span class='ocr_line' id='line_1_28' title="bbox 297 2989 1879 3075; baseline 0.001 -24"><span class='ocrx_word' id='word_1_330' title='bbox 297 2994 333 3051; x_wconf 92' lang='lat' dir='ltr'>ut</span> <span class='ocrx_word' id='word_1_331' title='bbox 351 2989 477 3049; x_wconf 90' lang='lat' dir='ltr'>initium</span> <span class='ocrx_word' id='word_1_332' title='bbox 496 2990 656 3070; x_wconf 87' lang='lat' dir='ltr'>acceperit,</span> <span class='ocrx_word' id='word_1_333' title='bbox 678 2995 714 3051; x_wconf 92' lang='lat' dir='ltr'>ut</span> <span class='ocrx_word' id='word_1_334' title='bbox 735 2991 955 3072; x_wconf 85' lang='lat' dir='ltr'>interpretatur</span> <span class='ocrx_word' id='word_1_335' title='bbox 973 2993 1071 3054; x_wconf 83' lang='lat' dir='ltr'>Maxi·</span> <span class='ocrx_word' id='word_1_336' title='bbox 1120 3012 1223 3056; x_wconf 88' lang='lat' dir='ltr'>comes</span> <span class='ocrx_word' id='word_1_337' title='bbox 1234 3001 1265 3055; x_wconf 87' lang='lat' dir='ltr'>et</span> <span class='ocrx_word' id='word_1_338' title='bbox 1282 2996 1396 3057; x_wconf 87' lang='lat' dir='ltr'>assecla</span> <span class='ocrx_word' id='word_1_339' title='bbox 1409 3014 1518 3056; x_wconf 88' lang='lat' dir='ltr'>eorum</span> <span class='ocrx_word' id='word_1_340' title='bbox 1532 3014 1602 3075; x_wconf 84' lang='lat' dir='ltr'>quae</span> <span class='ocrx_word' id='word_1_341' title='bbox 1621 2994 1760 3075; x_wconf 78' lang='lat' dir='ltr'>genitam</span> <span class='ocrx_word' id='word_1_342' title='bbox 1777 2992 1879 3054; x_wconf 84' lang='lat' dir='ltr'>habeut</span> 
     </span>
     <span class='ocr_line' id='line_1_29' title="bbox 298 3081 1879 3168; baseline 0 -23"><span class='ocrx_word' id='word_1_343' title='bbox 298 3081 399 3145; x_wconf 84' lang='lat' dir='ltr'>mus¹.</span> <span class='ocrx_word' id='word_1_344' title='bbox 414 3082 472 3156; x_wconf 85' lang='lat' dir='ltr'>Qui</span> <span class='ocrx_word' id='word_1_345' title='bbox 487 3088 519 3144; x_wconf 88' lang='lat' dir='ltr'>et</span> <span class='ocrx_word' id='word_1_346' title='bbox 533 3089 594 3144; x_wconf 82' lang='grc' dir='ltr'>αἰὼν</span> <span class='ocrx_word' id='word_1_347' title='bbox 607 3083 758 3163; x_wconf 88' lang='lat' dir='ltr'>quidquid</span> <span class='ocrx_word' id='word_1_348' title='bbox 775 3085 815 3145; x_wconf 90' lang='lat' dir='ltr'>sit</span> <span class='ocrx_word' id='word_1_349' title='bbox 834 3086 894 3148; x_wconf 92' lang='lat' dir='ltr'>hoc</span> <span class='ocrx_word' id='word_1_350' title='bbox 909 3087 1003 3147; x_wconf 90' lang='lat' dir='ltr'>modo</span> <span class='ocrx_word' id='word_1_351' title='bbox 1017 3087 1071 3147; x_wconf 89' lang='lat' dir='ltr'>de·</span> <span class='ocrx_word' id='word_1_352' title='bbox 1121 3092 1276 3148; x_wconf 87' lang='lat' dir='ltr'>usturam.</span> <span class='ocrx_word' id='word_1_353' title='bbox 1295 3088 1476 3168; x_wconf 82' lang='lat' dir='ltr'>Appellatur</span> <span class='ocrx_word' id='word_1_354' title='bbox 1491 3089 1575 3149; x_wconf 93' lang='lat' dir='ltr'>enim</span> <span class='ocrx_word' id='word_1_355' title='bbox 1589 3087 1738 3148; x_wconf 72' lang='lat' dir='ltr'>seculum</span> <span class='ocrx_word' id='word_1_356' title='bbox 1750 3085 1879 3147; x_wconf 72' lang='lat' dir='ltr'>intensi</span> 
     </span>
     <span class='ocr_line' id='line_1_30' title="bbox 299 3175 1880 3260; baseline 0.001 -24"><span class='ocrx_word' id='word_1_357' title='bbox 299 3175 405 3236; x_wconf 83' lang='lat' dir='ltr'>clarat.</span> <span class='ocrx_word' id='word_1_358' title='bbox 422 3197 438 3234; x_wconf 86' lang='grc' dir='ltr'>ιι</span> <span class='ocrx_word' id='word_1_359' title='bbox 450 3177 502 3236; x_wconf 82' lang='lat' dir='ltr'>Est</span> <span class='ocrx_word' id='word_1_360' title='bbox 513 3176 608 3255; x_wconf 76' lang='lat' dir='ltr'>igitur</span> <span class='ocrx_word' id='word_1_361' title='bbox 621 3194 690 3238; x_wconf 86' lang='lat' dir='ltr'>aeon</span> <span class='ocrx_word' id='word_1_362' title='bbox 703 3195 768 3238; x_wconf 91' lang='lat' dir='ltr'>non</span> <span class='ocrx_word' id='word_1_363' title='bbox 783 3177 1071 3259; x_wconf 84' lang='lat' dir='ltr'>subjectaipsares‚</span> <span class='ocrx_word' id='word_1_364' title='bbox 1122 3180 1189 3240; x_wconf 91' lang='lat' dir='ltr'>lum</span> <span class='ocrx_word' id='word_1_365' title='bbox 1213 3197 1268 3242; x_wconf 88' lang='lat' dir='ltr'>seu</span> <span class='ocrx_word' id='word_1_366' title='bbox 1293 3180 1446 3241; x_wconf 88' lang='lat' dir='ltr'>dimensio</span> <span class='ocrx_word' id='word_1_367' title='bbox 1471 3200 1507 3242; x_wconf 91' lang='lat' dir='ltr'>ac</span> <span class='ocrx_word' id='word_1_368' title='bbox 1531 3180 1686 3256; x_wconf 85' lang='lat' dir='ltr'>distantia,</span> <span class='ocrx_word' id='word_1_369' title='bbox 1711 3198 1782 3260; x_wconf 75' lang='lat' dir='ltr'>que</span> <span class='ocrx_word' id='word_1_370' title='bbox 1804 3183 1880 3240; x_wconf 81' lang='lat' dir='ltr'>ests</span> 
     </span>
     <span class='ocr_line' id='line_1_31' title="bbox 299 3267 1879 3354; baseline 0.003 -25"><span class='ocrx_word' id='word_1_371' title='bbox 299 3267 353 3329; x_wconf 89' lang='lat' dir='ltr'>sed</span> <span class='ocrx_word' id='word_1_372' title='bbox 366 3268 398 3327; x_wconf 93' lang='lat' dir='ltr'>id</span> <span class='ocrx_word' id='word_1_373' title='bbox 410 3269 494 3346; x_wconf 90' lang='lat' dir='ltr'>quod</span> <span class='ocrx_word' id='word_1_374' title='bbox 503 3286 542 3329; x_wconf 83' lang='lat' dir='ltr'>ex</span> <span class='ocrx_word' id='word_1_375' title='bbox 552 3288 586 3329; x_wconf 92' lang='lat' dir='ltr'>re</span> <span class='ocrx_word' id='word_1_376' title='bbox 599 3269 735 3349; x_wconf 87' lang='lat' dir='ltr'>subjecta</span> <span class='ocrx_word' id='word_1_377' title='bbox 749 3269 901 3332; x_wconf 88' lang='lat' dir='ltr'>elucescit.</span> <span class='ocrx_word' id='word_1_378' title='bbox 915 3272 1016 3346; x_wconf 85' lang='lat' dir='ltr'>Quare</span> <span class='ocrx_word' id='word_1_379' title='bbox 1028 3273 1075 3334; x_wconf 90' lang='lat' dir='ltr'>in-</span> <span class='ocrx_word' id='word_1_380' title='bbox 1123 3272 1341 3334; x_wconf 89' lang='lat' dir='ltr'>constitutione</span> <span class='ocrx_word' id='word_1_381' title='bbox 1371 3273 1482 3334; x_wconf 87' lang='lat' dir='ltr'>mundi</span> <span class='ocrx_word' id='word_1_382' title='bbox 1506 3290 1604 3354; x_wconf 89' lang='lat' dir='ltr'>usque</span> <span class='ocrx_word' id='word_1_383' title='bbox 1632 3273 1671 3334; x_wconf 91' lang='lat' dir='ltr'>ad</span> <span class='ocrx_word' id='word_1_384' title='bbox 1696 3287 1879 3334; x_wconf 78' lang='lat' dir='ltr'>consummo·</span> 
     </span>
     <span class='ocr_line' id='line_1_32' title="bbox 299 3359 1882 3444; baseline 0.001 -24"><span class='ocrx_word' id='word_1_385' title='bbox 299 3359 507 3438; x_wconf 76' lang='lat' dir='ltr'>telligibiliaet</span> <span class='ocrx_word' id='word_1_386' title='bbox 518 3378 555 3421; x_wconf 89' lang='lat' dir='ltr'>ea</span> <span class='ocrx_word' id='word_1_387' title='bbox 564 3380 635 3440; x_wconf 85' lang='lat' dir='ltr'>quse</span> <span class='ocrx_word' id='word_1_388' title='bbox 647 3380 712 3424; x_wconf 91' lang='lat' dir='ltr'>non</span> <span class='ocrx_word' id='word_1_389' title='bbox 723 3363 878 3441; x_wconf 85' lang='lat' dir='ltr'>ridentur,</span> <span class='ocrx_word' id='word_1_390' title='bbox 892 3371 978 3426; x_wconf 82' lang='grc' dir='ltr'>αἰώνια</span> <span class='ocrx_word' id='word_1_391' title='bbox 988 3365 1076 3427; x_wconf 88' lang='lat' dir='ltr'>idest</span> <span class='ocrx_word' id='word_1_392' title='bbox 1123 3364 1261 3426; x_wconf 74' lang='lat' dir='ltr'>tionem!</span> <span class='ocrx_word' id='word_1_393' title='bbox 1264 3410 1271 3425; x_wconf 88' lang='lat'><strong>.</strong></span> <span class='ocrx_word' id='word_1_394' title='bbox 1286 3387 1302 3423; x_wconf 83' lang='grc' dir='ltr'>ν</span> <span class='ocrx_word' id='word_1_395' title='bbox 1317 3365 1376 3427; x_wconf 89' lang='lat' dir='ltr'>Vel</span> <span class='ocrx_word' id='word_1_396' title='bbox 1386 3366 1530 3427; x_wconf 89' lang='lat' dir='ltr'>universe</span> <span class='ocrx_word' id='word_1_397' title='bbox 1540 3371 1576 3427; x_wconf 89' lang='lat' dir='ltr'>ut</span> <span class='ocrx_word' id='word_1_398' title='bbox 1587 3383 1662 3427; x_wconf 82' lang='lat' dir='ltr'>mox</span> <span class='ocrx_word' id='word_1_399' title='bbox 1672 3365 1804 3444; x_wconf 76' lang='lat' dir='ltr'>subjicit,</span> <span class='ocrx_word' id='word_1_400' title='bbox 1820 3366 1882 3422; x_wconf 78' lang='lat' dir='ltr'>aest</span> 
     </span>
     <span class='ocr_line' id='line_1_33' title="bbox 301 3454 1878 3539; baseline 0.003 -25"><span class='ocrx_word' id='word_1_401' title='bbox 301 3460 413 3516; x_wconf 75' lang='lat' dir='ltr'>oetoaa</span> <span class='ocrx_word' id='word_1_402' title='bbox 422 3458 495 3515; x_wconf 89' lang='lat' dir='ltr'>sunt</span> <span class='ocrx_word' id='word_1_403' title='bbox 504 3454 676 3516; x_wconf 89' lang='lat' dir='ltr'>secundum</span> <span class='ocrx_word' id='word_1_404' title='bbox 685 3456 877 3535; x_wconf 87' lang='lat' dir='ltr'>apostolum:</span> <span class='ocrx_word' id='word_1_405' title='bbox 891 3463 993 3519; x_wconf 81' lang='grc' dir='ltr'>αἰώνων</span> <span class='ocrx_word' id='word_1_406' title='bbox 1002 3474 1076 3519; x_wconf 84' lang='lat' dir='ltr'>vero</span> <span class='ocrx_word' id='word_1_407' title='bbox 1124 3456 1275 3520; x_wconf 89' lang='lat' dir='ltr'>dimensio</span> <span class='ocrx_word' id='word_1_408' title='bbox 1289 3477 1360 3539; x_wconf 73' lang='lat' dir='ltr'>quse</span> <span class='ocrx_word' id='word_1_409' title='bbox 1373 3464 1484 3520; x_wconf 72' lang='lat' dir='ltr'>create</span> <span class='ocrx_word' id='word_1_410' title='bbox 1495 3463 1616 3522; x_wconf 76' lang='lat' dir='ltr'>nature</span> <span class='ocrx_word' id='word_1_411' title='bbox 1629 3458 1774 3539; x_wconf 74' lang='lat' dir='ltr'>ailjuncta</span> <span class='ocrx_word' id='word_1_412' title='bbox 1786 3464 1878 3530; x_wconf 60' lang='lat' dir='ltr'>eutr</span> 
     </span>
    </p>
   </div>
   <div class='ocr_carea' id='block_1_3' title="bbox 302 3648 1968 5074">
    <p class='ocr_par' dir='ltr' id='par_1_3' title="bbox 302 3648 1968 5074">
     <span class='ocr_line' id='line_1_34' title="bbox 338 3648 1968 3734; baseline 0.001 -23"><span class='ocrx_word' id='word_1_413' title='bbox 338 3672 359 3712; x_wconf 82' lang='grc' dir='ltr'>α</span> <span class='ocrx_word' id='word_1_414' title='bbox 377 3656 419 3712; x_wconf 87' lang='lat' dir='ltr'>ld.</span> <span class='ocrx_word' id='word_1_415' title='bbox 437 3672 495 3728; x_wconf 81' lang='lat' dir='ltr'>cap.</span> <span class='ocrx_word' id='word_1_416' title='bbox 521 3656 613 3713; x_wconf 68' lang='lat' dir='ltr'>stad</span> <span class='ocrx_word' id='word_1_417' title='bbox 628 3657 716 3714; x_wconf 82' lang='lat' dir='ltr'>Hedr.</span> <span class='ocrx_word' id='word_1_418' title='bbox 732 3674 803 3715; x_wconf 71' lang='lat' dir='ltr'>vers.</span> <span class='ocrx_word' id='word_1_419' title='bbox 818 3659 845 3716; x_wconf 83' lang='grc'>3.</span> <span class='ocrx_word' id='word_1_420' title='bbox 864 3659 950 3715; x_wconf 85' lang='grc' dir='ltr'>Πίστει</span> <span class='ocrx_word' id='word_1_421' title='bbox 969 3666 1074 3734; x_wconf 76' lang='grc' dir='ltr'>νοοῦμεν</span> <span class='ocrx_word' id='word_1_422' title='bbox 1123 3657 1881 3725; x_wconf 70' lang='grc' dir='ltr'>ἀπόστολον,αἰώνιααίώνιονδέοθκαῦτόςἔστινθαίθτν,όλίθ</span> <span class='ocrx_word' id='word_1_423' title='bbox 1966 3648 1968 3721; x_wconf 51' lang='grc' dir='ltr'>ἶ</span> 
     </span>
     <span class='ocr_line' id='line_1_35' title="bbox 302 3739 1968 3819; baseline 0.004 -25"><span class='ocrx_word' id='word_1_424' title='bbox 302 3740 459 3814; x_wconf 72' lang='grc' dir='ltr'>κατηρτίσθαι</span> <span class='ocrx_word' id='word_1_425' title='bbox 468 3740 524 3804; x_wconf 76' lang='grc' dir='ltr'>τοῦς</span> <span class='ocrx_word' id='word_1_426' title='bbox 538 3739 628 3803; x_wconf 83' lang='grc' dir='ltr'>αἰῶνας</span> <span class='ocrx_word' id='word_1_427' title='bbox 642 3740 732 3813; x_wconf 74' lang='grc' dir='ltr'>ῥήματι</span> <span class='ocrx_word' id='word_1_428' title='bbox 741 3743 807 3797; x_wconf 90' lang='grc' dir='ltr'>θεοῦ.</span> <span class='ocrx_word' id='word_1_429' title='bbox 1122 3743 1152 3799; x_wconf 80' lang='grc' dir='ltr'>τό</span> <span class='ocrx_word' id='word_1_430' title='bbox 1167 3744 1258 3808; x_wconf 77' lang='grc' dir='ltr'>αἰῶνος</span> <span class='ocrx_word' id='word_1_431' title='bbox 1270 3746 1385 3819; x_wconf 75' lang='grc' dir='ltr'>μετέχον,</span> <span class='ocrx_word' id='word_1_432' title='bbox 1393 3747 1506 3800; x_wconf 77' lang='grc' dir='ltr'>τουτέστι</span> <span class='ocrx_word' id='word_1_433' title='bbox 1514 3749 1559 3814; x_wconf 79' lang='grc' dir='ltr'>τῆς</span> <span class='ocrx_word' id='word_1_434' title='bbox 1573 3744 1731 3809; x_wconf 73' lang='grc' dir='ltr'>ἀδιαστάτου,</span> <span class='ocrx_word' id='word_1_435' title='bbox 1738 3746 1780 3798; x_wconf 80' lang='grc' dir='ltr'>καί</span> <span class='ocrx_word' id='word_1_436' title='bbox 1795 3743 1881 3814; x_wconf 67' lang='lat' dir='ltr'>sata</span> <span class='ocrx_word' id='word_1_437' title='bbox 1966 3744 1968 3761; x_wconf 71' lang='lat'>³</span> 
     </span>
     <span class='ocr_line' id='line_1_36' title="bbox 340 3824 1883 3898; baseline 0 -17"><span class='ocrx_word' id='word_1_438' title='bbox 340 3824 500 3881; x_wconf 74' lang='lat' dir='ltr'>bGnsoon.</span> <span class='ocrx_word' id='word_1_439' title='bbox 519 3825 599 3883; x_wconf 83' lang='lat' dir='ltr'>Nrss.</span> <span class='ocrx_word' id='word_1_440' title='bbox 616 3824 663 3881; x_wconf 89' lang='lat' dir='ltr'>lib.</span> <span class='ocrx_word' id='word_1_441' title='bbox 687 3826 709 3880; x_wconf 89' lang='lat' dir='ltr'>l.</span> <span class='ocrx_word' id='word_1_442' title='bbox 735 3833 830 3882; x_wconf 73' lang='lat' dir='ltr'>contr.</span> <span class='ocrx_word' id='word_1_443' title='bbox 851 3830 977 3884; x_wconf 77' lang='lat' dir='ltr'>Eunom.</span> <span class='ocrx_word' id='word_1_444' title='bbox 996 3828 1074 3883; x_wconf 78' lang='grc' dir='ltr'>Παντὶ</span> <span class='ocrx_word' id='word_1_445' title='bbox 1123 3831 1196 3898; x_wconf 77' lang='grc' dir='ltr'>ζωῆς·</span> <span class='ocrx_word' id='word_1_446' title='bbox 1213 3831 1248 3893; x_wconf 91' lang='grc' dir='ltr'>ώς</span> <span class='ocrx_word' id='word_1_447' title='bbox 1264 3824 1308 3883; x_wconf 78' lang='grc' dir='ltr'>οῦν</span> <span class='ocrx_word' id='word_1_448' title='bbox 1328 3831 1370 3883; x_wconf 83' lang='grc' dir='ltr'>καί</span> <span class='ocrx_word' id='word_1_449' title='bbox 1393 3835 1443 3884; x_wconf 77' lang='grc' dir='ltr'>τῶν</span> <span class='ocrx_word' id='word_1_450' title='bbox 1459 3829 1556 3893; x_wconf 82' lang='grc' dir='ltr'>αἰῶνος,</span> <span class='ocrx_word' id='word_1_451' title='bbox 1576 3830 1687 3884; x_wconf 79' lang='grc' dir='ltr'>τουτέστι</span> <span class='ocrx_word' id='word_1_452' title='bbox 1709 3834 1754 3883; x_wconf 86' lang='grc' dir='ltr'>τοῦ</span> <span class='ocrx_word' id='word_1_453' title='bbox 1768 3827 1805 3882; x_wconf 70' lang='lat' dir='ltr'>lsi</span> <span class='ocrx_word' id='word_1_454' title='bbox 1826 3829 1883 3888; x_wconf 74' lang='grc' dir='ltr'>ὄντος</span> 
     </span>
     <span class='ocr_line' id='line_1_37' title="bbox 303 3902 1883 3987; baseline 0.002 -23"><span class='ocrx_word' id='word_1_455' title='bbox 303 3910 351 3982; x_wconf 77' lang='grc' dir='ltr'>γὰρ</span> <span class='ocrx_word' id='word_1_456' title='bbox 364 3903 435 3981; x_wconf 79' lang='grc' dir='ltr'>οἶμαι</span> <span class='ocrx_word' id='word_1_457' title='bbox 444 3912 517 3964; x_wconf 89' lang='grc' dir='ltr'>τοῦτο</span> <span class='ocrx_word' id='word_1_458' title='bbox 530 3909 654 3982; x_wconf 81' lang='grc' dir='ltr'>γνώριμον</span> <span class='ocrx_word' id='word_1_459' title='bbox 665 3902 726 3963; x_wconf 82' lang='grc' dir='ltr'>εἶναι</span> <span class='ocrx_word' id='word_1_460' title='bbox 740 3915 777 3983; x_wconf 82' lang='grc' dir='ltr'>τῷ</span> <span class='ocrx_word' id='word_1_461' title='bbox 795 3911 837 3964; x_wconf 86' lang='grc' dir='ltr'>καί</span> <span class='ocrx_word' id='word_1_462' title='bbox 853 3911 956 3985; x_wconf 88' lang='grc' dir='ltr'>μετρίως</span> <span class='ocrx_word' id='word_1_463' title='bbox 965 3910 1076 3986; x_wconf 76' lang='grc' dir='ltr'>ἕπεσιιεμ</span> <span class='ocrx_word' id='word_1_464' title='bbox 1126 3913 1280 3987; x_wconf 71' lang='grc' dir='ltr'>μετεχόντων</span> <span class='ocrx_word' id='word_1_465' title='bbox 1296 3912 1351 3967; x_wconf 86' lang='grc' dir='ltr'>καθ’</span> <span class='ocrx_word' id='word_1_466' title='bbox 1367 3913 1504 3987; x_wconf 86' lang='grc' dir='ltr'>ὁμοιότητα</span> <span class='ocrx_word' id='word_1_467' title='bbox 1521 3913 1618 3967; x_wconf 81' lang='grc' dir='ltr'>αἰώνων</span> <span class='ocrx_word' id='word_1_468' title='bbox 1638 3913 1779 3985; x_wconf 73' lang='grc' dir='ltr'>λεγομένων</span> <span class='ocrx_word' id='word_1_469' title='bbox 1797 3907 1883 3978; x_wconf 65' lang='grc' dir='ltr'>ποιητὴς</span> 
     </span>
     <span class='ocr_line' id='line_1_38' title="bbox 304 3990 1883 4070; baseline 0 -24"><span class='ocrx_word' id='word_1_470' title='bbox 304 3994 371 4066; x_wconf 82' lang='grc' dir='ltr'>μόνῳ</span> <span class='ocrx_word' id='word_1_471' title='bbox 385 3992 416 4048; x_wconf 78' lang='grc' dir='ltr'>τὰ</span> <span class='ocrx_word' id='word_1_472' title='bbox 430 3994 500 4057; x_wconf 86' lang='grc' dir='ltr'>όντα,</span> <span class='ocrx_word' id='word_1_473' title='bbox 511 3994 550 4047; x_wconf 88' lang='grc' dir='ltr'>ότι</span> <span class='ocrx_word' id='word_1_474' title='bbox 558 3993 614 4058; x_wconf 74' lang='grc' dir='ltr'>τοῦς</span> <span class='ocrx_word' id='word_1_475' title='bbox 626 3993 726 4061; x_wconf 78' lang='grc' dir='ltr'>αἰῶνας,</span> <span class='ocrx_word' id='word_1_476' title='bbox 736 3996 777 4047; x_wconf 85' lang='grc' dir='ltr'>καὶ</span> <span class='ocrx_word' id='word_1_477' title='bbox 787 3994 829 4049; x_wconf 81' lang='grc' dir='ltr'>τόν</span> <span class='ocrx_word' id='word_1_478' title='bbox 841 3993 865 4048; x_wconf 83' lang='grc' dir='ltr'>ἰν</span> <span class='ocrx_word' id='word_1_479' title='bbox 879 3995 974 4059; x_wconf 73' lang='grc' dir='ltr'>τούτοις</span> <span class='ocrx_word' id='word_1_480' title='bbox 987 3998 1075 4062; x_wconf 88' lang='grc' dir='ltr'>τόπον,</span> <span class='ocrx_word' id='word_1_481' title='bbox 1124 3996 1216 4061; x_wconf 87' lang='grc' dir='ltr'>όθεθς,</span> <span class='ocrx_word' id='word_1_482' title='bbox 1235 3997 1391 4066; x_wconf 71' lang='grc' dir='ltr'>πεποιηκέναι</span> <span class='ocrx_word' id='word_1_483' title='bbox 1408 3998 1465 4061; x_wconf 74' lang='grc' dir='ltr'>τοῦς</span> <span class='ocrx_word' id='word_1_484' title='bbox 1480 3996 1571 4061; x_wconf 81' lang='grc' dir='ltr'>αἰῶνας</span> <span class='ocrx_word' id='word_1_485' title='bbox 1592 3997 1700 4070; x_wconf 75' lang='grc' dir='ltr'>λέγεται·</span> <span class='ocrx_word' id='word_1_486' title='bbox 1725 3995 1780 4051; x_wconf 73' lang='grc' dir='ltr'>ἀντὶ</span> <span class='ocrx_word' id='word_1_487' title='bbox 1801 3990 1883 4049; x_wconf 73' lang='grc' dir='ltr'>τοῦτό</span> 
     </span>
     <span class='ocr_line' id='line_1_39' title="bbox 304 4070 1211 4152; baseline 0.003 -21"><span class='ocrx_word' id='word_1_488' title='bbox 304 4070 360 4131; x_wconf 79' lang='grc' dir='ltr'>οἶόν</span> <span class='ocrx_word' id='word_1_489' title='bbox 370 4096 394 4131; x_wconf 89' lang='grc' dir='ltr'>τι</span> <span class='ocrx_word' id='word_1_490' title='bbox 404 4078 510 4151; x_wconf 85' lang='grc' dir='ltr'>χώρημα</span> <span class='ocrx_word' id='word_1_491' title='bbox 528 4077 636 4132; x_wconf 80' lang='grc' dir='ltr'>δεκτικόν</span> <span class='ocrx_word' id='word_1_492' title='bbox 652 4084 702 4132; x_wconf 78' lang='grc' dir='ltr'>τῶν</span> <span class='ocrx_word' id='word_1_493' title='bbox 726 4079 861 4152; x_wconf 74' lang='grc' dir='ltr'>γινομένων</span> <span class='ocrx_word' id='word_1_494' title='bbox 875 4081 1077 4151; x_wconf 81' lang='grc' dir='ltr'>προκαταόαλλό-</span> <span class='ocrx_word' id='word_1_495' title='bbox 1124 4082 1211 4149; x_wconf 81' lang='grc' dir='ltr'>νοητά.</span> 
     </span>
     <span class='ocr_line' id='line_1_40' title="bbox 306 4160 1882 4235; baseline 0.001 -21"><span class='ocrx_word' id='word_1_496' title='bbox 306 4179 377 4233; x_wconf 88' lang='grc' dir='ltr'>μενος</span> <span class='ocrx_word' id='word_1_497' title='bbox 395 4160 409 4214; x_wconf 90' lang='grc' dir='ltr'>ό</span> <span class='ocrx_word' id='word_1_498' title='bbox 430 4166 480 4214; x_wconf 85' lang='grc' dir='ltr'>τῶν</span> <span class='ocrx_word' id='word_1_499' title='bbox 507 4160 573 4214; x_wconf 65' lang='lat' dir='ltr'>otae</span> <span class='ocrx_word' id='word_1_500' title='bbox 603 4161 765 4235; x_wconf 79' lang='grc' dir='ltr'>δημιουργός,</span> <span class='ocrx_word' id='word_1_501' title='bbox 790 4160 815 4215; x_wconf 79' lang='grc' dir='ltr'>ἰν</span> <span class='ocrx_word' id='word_1_502' title='bbox 839 4161 933 4227; x_wconf 75' lang='grc' dir='ltr'>τοθτοις</span> <span class='ocrx_word' id='word_1_503' title='bbox 950 4164 1025 4227; x_wconf 76' lang='grc' dir='ltr'>κτίζει</span> <span class='ocrx_word' id='word_1_504' title='bbox 1046 4164 1078 4218; x_wconf 79' lang='grc' dir='ltr'>τὰ</span> <span class='ocrx_word' id='word_1_505' title='bbox 1161 4166 1375 4222; x_wconf 74' lang='lat' dir='ltr'>elusouousr.</span> <span class='ocrx_word' id='word_1_506' title='bbox 1403 4165 1438 4218; x_wconf 79' lang='lat' dir='ltr'>&#39;lb</span> <span class='ocrx_word' id='word_1_507' title='bbox 1469 4165 1496 4219; x_wconf 74' lang='grc' dir='ltr'>δὲ</span> <span class='ocrx_word' id='word_1_508' title='bbox 1521 4164 1650 4235; x_wconf 72' lang='grc' dir='ltr'>ἐποίησεν,</span> <span class='ocrx_word' id='word_1_509' title='bbox 1675 4164 1721 4219; x_wconf 87' lang='grc' dir='ltr'>οἰνκ</span> <span class='ocrx_word' id='word_1_510' title='bbox 1747 4163 1827 4218; x_wconf 66' lang='lat' dir='ltr'>deta</span> <span class='ocrx_word' id='word_1_511' title='bbox 1841 4166 1882 4215; x_wconf 88' lang='grc' dir='ltr'>τῦν</span> 
     </span>
     <span class='ocr_line' id='line_1_41' title="bbox 304 4241 1881 4321; baseline 0.003 -23"><span class='ocrx_word' id='word_1_512' title='bbox 304 4245 393 4299; x_wconf 84' lang='grc' dir='ltr'>πάντα·</span> <span class='ocrx_word' id='word_1_513' title='bbox 409 4243 438 4297; x_wconf 77' lang='lat' dir='ltr'>oi</span> <span class='ocrx_word' id='word_1_514' title='bbox 452 4244 500 4317; x_wconf 78' lang='grc' dir='ltr'>γὰρ</span> <span class='ocrx_word' id='word_1_515' title='bbox 515 4241 640 4317; x_wconf 73' lang='grc' dir='ltr'>ἐνδέχεταί</span> <span class='ocrx_word' id='word_1_516' title='bbox 653 4264 676 4300; x_wconf 92' lang='grc' dir='ltr'>τι</span> <span class='ocrx_word' id='word_1_517' title='bbox 691 4252 741 4299; x_wconf 82' lang='grc' dir='ltr'>τῶν</span> <span class='ocrx_word' id='word_1_518' title='bbox 755 4244 796 4299; x_wconf 78' lang='grc' dir='ltr'>διὰ</span> <span class='ocrx_word' id='word_1_519' title='bbox 812 4247 912 4309; x_wconf 79' lang='grc' dir='ltr'>κτίσεως</span> <span class='ocrx_word' id='word_1_520' title='bbox 927 4249 1077 4321; x_wconf 74' lang='grc' dir='ltr'>γεγονότων,</span> <span class='ocrx_word' id='word_1_521' title='bbox 1126 4246 1222 4301; x_wconf 86' lang='grc' dir='ltr'>αἰώνων</span> <span class='ocrx_word' id='word_1_522' title='bbox 1236 4250 1319 4318; x_wconf 77' lang='grc' dir='ltr'>δηλοῖ·</span> <span class='ocrx_word' id='word_1_523' title='bbox 1332 4246 1389 4302; x_wconf 84' lang='grc' dir='ltr'><strong>ἀλλ’</strong></span> <span class='ocrx_word' id='word_1_524' title='bbox 1403 4250 1443 4303; x_wconf 82' lang='grc' dir='ltr'>ότι</span> <span class='ocrx_word' id='word_1_525' title='bbox 1457 4247 1535 4313; x_wconf 83' lang='grc' dir='ltr'>οόθείς</span> <span class='ocrx_word' id='word_1_526' title='bbox 1548 4252 1592 4305; x_wconf 92' lang='grc' dir='ltr'>τοῦ</span> <span class='ocrx_word' id='word_1_527' title='bbox 1605 4247 1660 4302; x_wconf 89' lang='grc' dir='ltr'>θεοῦ</span> <span class='ocrx_word' id='word_1_528' title='bbox 1678 4254 1728 4302; x_wconf 79' lang='grc' dir='ltr'>τῶν</span> <span class='ocrx_word' id='word_1_529' title='bbox 1745 4249 1808 4302; x_wconf 83' lang='grc' dir='ltr'>όλων</span> <span class='ocrx_word' id='word_1_530' title='bbox 1821 4262 1881 4317; x_wconf 71' lang='grc' dir='ltr'>προσ·</span> 
     </span>
     <span class='ocr_line' id='line_1_42' title="bbox 305 4325 1882 4405; baseline 0.002 -25"><span class='ocrx_word' id='word_1_531' title='bbox 305 4327 517 4401; x_wconf 73' lang='grc' dir='ltr'>ἢγινομίνωνμη</span> <span class='ocrx_word' id='word_1_532' title='bbox 539 4329 665 4397; x_wconf 81' lang='grc' dir='ltr'>πάντωςῆ</span> <span class='ocrx_word' id='word_1_533' title='bbox 686 4326 711 4382; x_wconf 81' lang='grc' dir='ltr'>ἰν</span> <span class='ocrx_word' id='word_1_534' title='bbox 730 4331 810 4402; x_wconf 84' lang='grc' dir='ltr'>τόπῳ,</span> <span class='ocrx_word' id='word_1_535' title='bbox 825 4331 840 4400; x_wconf 70' lang='grc' dir='ltr'>θ</span> <span class='ocrx_word' id='word_1_536' title='bbox 864 4332 949 4404; x_wconf 79' lang='grc' dir='ltr'>χρόνῳ</span> <span class='ocrx_word' id='word_1_537' title='bbox 972 4331 1001 4385; x_wconf 82' lang='grc' dir='ltr'>τό</span> <span class='ocrx_word' id='word_1_538' title='bbox 1015 4325 1079 4385; x_wconf 87' lang='grc' dir='ltr'>εἰναι</span> <span class='ocrx_word' id='word_1_539' title='bbox 1128 4331 1233 4405; x_wconf 83' lang='grc' dir='ltr'>όθτερος.</span> <span class='ocrx_word' id='word_1_540' title='bbox 1252 4330 1292 4389; x_wconf 83' lang='grc' dir='ltr'>ἰί).</span> <span class='ocrx_word' id='word_1_541' title='bbox 1313 4331 1363 4387; x_wconf 65' lang='lat' dir='ltr'>ota</span> <span class='ocrx_word' id='word_1_542' title='bbox 1378 4331 1554 4396; x_wconf 81' lang='grc' dir='ltr'>ἔνυποστάτους</span> <span class='ocrx_word' id='word_1_543' title='bbox 1567 4334 1596 4401; x_wconf 74' lang='grc' dir='ltr'>δή</span> <span class='ocrx_word' id='word_1_544' title='bbox 1616 4351 1682 4396; x_wconf 89' lang='grc' dir='ltr'>τινας</span> <span class='ocrx_word' id='word_1_545' title='bbox 1697 4326 1760 4385; x_wconf 89' lang='grc' dir='ltr'>εἰναι</span> <span class='ocrx_word' id='word_1_546' title='bbox 1777 4330 1882 4384; x_wconf 58' lang='lat' dir='ltr'>ortona</span> 
     </span>
     <span class='ocr_line' id='line_1_43' title="bbox 307 4410 1881 4488; baseline 0.003 -24"><span class='ocrx_word' id='word_1_547' title='bbox 307 4410 384 4485; x_wconf 72' lang='grc' dir='ltr'>ἔχειν.</span> <span class='ocrx_word' id='word_1_548' title='bbox 564 4440 567 4445; x_wconf 59' lang='lat'><em>&gt;</em></span> <span class='ocrx_word' id='word_1_549' title='bbox 1128 4415 1227 4481; x_wconf 84' lang='grc' dir='ltr'>αἰῶνας,</span> <span class='ocrx_word' id='word_1_550' title='bbox 1243 4416 1301 4471; x_wconf 72' lang='grc' dir='ltr'>ἀλλ’</span> <span class='ocrx_word' id='word_1_551' title='bbox 1320 4416 1420 4471; x_wconf 89' lang='grc' dir='ltr'>αἰώνιον</span> <span class='ocrx_word' id='word_1_552' title='bbox 1434 4421 1478 4471; x_wconf 92' lang='grc' dir='ltr'>τοῦ</span> <span class='ocrx_word' id='word_1_553' title='bbox 1492 4417 1546 4470; x_wconf 89' lang='grc' dir='ltr'>θεοῦ</span> <span class='ocrx_word' id='word_1_554' title='bbox 1559 4416 1683 4488; x_wconf 73' lang='grc' dir='ltr'>κηρύττων</span> <span class='ocrx_word' id='word_1_555' title='bbox 1707 4416 1750 4485; x_wconf 71' lang='grc' dir='ltr'>τὴν</span> <span class='ocrx_word' id='word_1_556' title='bbox 1765 4412 1881 4488; x_wconf 66' lang='lat' dir='ltr'>demittat</span> 
     </span>
     <span class='ocr_line' id='line_1_44' title="bbox 344 4493 1882 4575; baseline 0.003 -25"><span class='ocrx_word' id='word_1_557' title='bbox 344 4495 463 4551; x_wconf 82' lang='grc' dir='ltr'>οθιιιι.</span> <span class='ocrx_word' id='word_1_558' title='bbox 483 4494 531 4550; x_wconf 91' lang='lat' dir='ltr'>lib.</span> <span class='ocrx_word' id='word_1_559' title='bbox 549 4495 583 4551; x_wconf 92' lang='lat' dir='ltr'>ll.</span> <span class='ocrx_word' id='word_1_560' title='bbox 613 4502 705 4553; x_wconf 74' lang='lat' dir='ltr'>coritr.</span> <span class='ocrx_word' id='word_1_561' title='bbox 722 4500 800 4553; x_wconf 80' lang='lat' dir='ltr'>Euo.</span> <span class='ocrx_word' id='word_1_562' title='bbox 825 4495 897 4551; x_wconf 82' lang='grc' dir='ltr'>Ἀλλ’</span> <span class='ocrx_word' id='word_1_563' title='bbox 911 4495 980 4570; x_wconf 85' lang='grc' dir='ltr'>είπερ</span> <span class='ocrx_word' id='word_1_564' title='bbox 995 4497 1081 4563; x_wconf 87' lang='grc' dir='ltr'>αἰῶνες</span> <span class='ocrx_word' id='word_1_565' title='bbox 1165 4500 1187 4575; x_wconf 78' lang='lat' dir='ltr'><em>f</em></span> <span class='ocrx_word' id='word_1_566' title='bbox 1201 4503 1375 4558; x_wconf 82' lang='lat' dir='ltr'>Turonosnr.</span> <span class='ocrx_word' id='word_1_567' title='bbox 1394 4502 1425 4557; x_wconf 92' lang='lat' dir='ltr'>in</span> <span class='ocrx_word' id='word_1_568' title='bbox 1442 4517 1504 4573; x_wconf 86' lang='lat' dir='ltr'>cap.</span> <span class='ocrx_word' id='word_1_569' title='bbox 1524 4517 1543 4556; x_wconf 88' lang='lat'>1.</span> <span class='ocrx_word' id='word_1_570' title='bbox 1560 4500 1603 4557; x_wconf 84' lang='lat' dir='ltr'>ad</span> <span class='ocrx_word' id='word_1_571' title='bbox 1615 4499 1705 4557; x_wconf 83' lang='lat' dir='ltr'>Hedr.</span> <span class='ocrx_word' id='word_1_572' title='bbox 1728 4497 1817 4572; x_wconf 79' lang='grc' dir='ltr'>Ὅγίρ</span> <span class='ocrx_word' id='word_1_573' title='bbox 1832 4493 1882 4548; x_wconf 74' lang='lat' dir='ltr'>albo</span> 
     </span>
     <span class='ocr_line' id='line_1_45' title="bbox 308 4579 1884 4658; baseline 0.002 -26"><span class='ocrx_word' id='word_1_574' title='bbox 308 4580 397 4640; x_wconf 82' lang='grc' dir='ltr'>πάντες</span> <span class='ocrx_word' id='word_1_575' title='bbox 410 4579 479 4632; x_wconf 82' lang='grc' dir='ltr'>κάτω</span> <span class='ocrx_word' id='word_1_576' title='bbox 492 4598 540 4632; x_wconf 88' lang='grc' dir='ltr'>που</span> <span class='ocrx_word' id='word_1_577' title='bbox 555 4584 598 4647; x_wconf 80' lang='grc' dir='ltr'>τῆς</span> <span class='ocrx_word' id='word_1_578' title='bbox 613 4579 730 4651; x_wconf 78' lang='grc' dir='ltr'>γενέσεως</span> <span class='ocrx_word' id='word_1_579' title='bbox 740 4583 783 4634; x_wconf 86' lang='grc' dir='ltr'>τοῦ</span> <span class='ocrx_word' id='word_1_580' title='bbox 800 4585 945 4654; x_wconf 87' lang='grc' dir='ltr'>μονογενοῦς</span> <span class='ocrx_word' id='word_1_581' title='bbox 957 4587 1080 4646; x_wconf 90' lang='grc' dir='ltr'>νοοῦνται,</span> <span class='ocrx_word' id='word_1_582' title='bbox 1129 4583 1174 4637; x_wconf 79' lang='grc' dir='ltr'>οὐκ</span> <span class='ocrx_word' id='word_1_583' title='bbox 1188 4584 1258 4639; x_wconf 75' lang='lat' dir='ltr'>odeis</span> <span class='ocrx_word' id='word_1_584' title='bbox 1267 4605 1302 4650; x_wconf 91' lang='grc' dir='ltr'>τις</span> <span class='ocrx_word' id='word_1_585' title='bbox 1317 4584 1391 4650; x_wconf 80' lang='grc' dir='ltr'>ἰστίν,</span> <span class='ocrx_word' id='word_1_586' title='bbox 1404 4584 1460 4639; x_wconf 80' lang='grc' dir='ltr'>ἀλλ’</span> <span class='ocrx_word' id='word_1_587' title='bbox 1473 4585 1657 4640; x_wconf 83' lang='grc' dir='ltr'>θνυπόσταστον</span> <span class='ocrx_word' id='word_1_588' title='bbox 1672 4589 1765 4658; x_wconf 79' lang='grc' dir='ltr'>γρῆμα,</span> <span class='ocrx_word' id='word_1_589' title='bbox 1779 4597 1884 4653; x_wconf 78' lang='grc' dir='ltr'>συμπαρο</span> 
     </span>
     <span class='ocr_line' id='line_1_46' title="bbox 309 4660 1882 4742; baseline 0 -26"><span class='ocrx_word' id='word_1_590' title='bbox 309 4660 385 4716; x_wconf 68' lang='lat' dir='ltr'>atros</span> <span class='ocrx_word' id='word_1_591' title='bbox 398 4660 489 4715; x_wconf 76' lang='grc' dir='ltr'>ἐκείνου</span> <span class='ocrx_word' id='word_1_592' title='bbox 508 4663 576 4726; x_wconf 85' lang='grc' dir='ltr'>όντες</span> <span class='ocrx_word' id='word_1_593' title='bbox 584 4665 726 4736; x_wconf 74' lang='grc' dir='ltr'>ποιήματα,</span> <span class='ocrx_word' id='word_1_594' title='bbox 742 4665 845 4737; x_wconf 72' lang='grc' dir='ltr'>μάταιος</span> <span class='ocrx_word' id='word_1_595' title='bbox 868 4665 883 4719; x_wconf 86' lang='lat' dir='ltr'>d</span> <span class='ocrx_word' id='word_1_596' title='bbox 904 4664 1023 4735; x_wconf 76' lang='grc' dir='ltr'>ἐπιζητῶν</span> <span class='ocrx_word' id='word_1_597' title='bbox 1039 4671 1083 4736; x_wconf 84' lang='grc' dir='ltr'>τῆς</span> <span class='ocrx_word' id='word_1_598' title='bbox 1130 4674 1238 4741; x_wconf 89' lang='grc' dir='ltr'>μαρτοῦν</span> <span class='ocrx_word' id='word_1_599' title='bbox 1251 4673 1302 4733; x_wconf 75' lang='grc' dir='ltr'>τοῖς</span> <span class='ocrx_word' id='word_1_600' title='bbox 1319 4668 1436 4742; x_wconf 78' lang='grc' dir='ltr'>γεννητὴν</span> <span class='ocrx_word' id='word_1_601' title='bbox 1456 4668 1542 4742; x_wconf 80' lang='grc' dir='ltr'>ἔχουσι</span> <span class='ocrx_word' id='word_1_602' title='bbox 1559 4669 1639 4740; x_wconf 80' lang='grc' dir='ltr'>ρθσιν·</span> <span class='ocrx_word' id='word_1_603' title='bbox 1655 4670 1764 4722; x_wconf 82' lang='grc' dir='ltr'>καλεῖται</span> <span class='ocrx_word' id='word_1_604' title='bbox 1776 4667 1822 4738; x_wconf 73' lang='grc' dir='ltr'>γὰρ</span> <span class='ocrx_word' id='word_1_605' title='bbox 1833 4662 1882 4717; x_wconf 71' lang='lat' dir='ltr'>ata</span> 
     </span>
     <span class='ocr_line' id='line_1_47' title="bbox 309 4745 1882 4825; baseline 0.008 -26"><span class='ocrx_word' id='word_1_606' title='bbox 309 4745 467 4808; x_wconf 80' lang='grc' dir='ltr'>θποοτάσεως</span> <span class='ocrx_word' id='word_1_607' title='bbox 481 4751 525 4800; x_wconf 87' lang='grc' dir='ltr'>τοῦ</span> <span class='ocrx_word' id='word_1_608' title='bbox 537 4745 590 4799; x_wconf 87' lang='grc' dir='ltr'>υίοῦ</span> <span class='ocrx_word' id='word_1_609' title='bbox 605 4747 636 4801; x_wconf 81' lang='grc' dir='ltr'>τὰ</span> <span class='ocrx_word' id='word_1_610' title='bbox 649 4748 809 4820; x_wconf 81' lang='grc' dir='ltr'>πρεσόθτερα.</span> <span class='ocrx_word' id='word_1_611' title='bbox 1130 4754 1171 4806; x_wconf 87' lang='grc' dir='ltr'>καί</span> <span class='ocrx_word' id='word_1_612' title='bbox 1181 4753 1210 4805; x_wconf 75' lang='lat' dir='ltr'>cb</span> <span class='ocrx_word' id='word_1_613' title='bbox 1225 4751 1274 4807; x_wconf 79' lang='grc' dir='ltr'>ἀπό</span> <span class='ocrx_word' id='word_1_614' title='bbox 1288 4758 1332 4821; x_wconf 77' lang='grc' dir='ltr'>τῆς</span> <span class='ocrx_word' id='word_1_615' title='bbox 1346 4757 1390 4806; x_wconf 93' lang='grc' dir='ltr'>τοῦ</span> <span class='ocrx_word' id='word_1_616' title='bbox 1403 4755 1498 4825; x_wconf 82' lang='grc' dir='ltr'>κόσμου</span> <span class='ocrx_word' id='word_1_617' title='bbox 1515 4752 1655 4815; x_wconf 74' lang='grc' dir='ltr'>συστάσεως</span> <span class='ocrx_word' id='word_1_618' title='bbox 1671 4753 1743 4825; x_wconf 64' lang='grc' dir='ltr'>μέχρι</span> <span class='ocrx_word' id='word_1_619' title='bbox 1758 4755 1800 4819; x_wconf 73' lang='grc' dir='ltr'>τῆς</span> <span class='ocrx_word' id='word_1_620' title='bbox 1810 4763 1882 4803; x_wconf 68' lang='lat' dir='ltr'>suste</span> 
     </span>
     <span class='ocr_line' id='line_1_48' title="bbox 345 4828 1346 4909; baseline 0.004 -23"><span class='ocrx_word' id='word_1_621' title='bbox 345 4829 368 4886; x_wconf 84' lang='lat' dir='ltr'>d</span> <span class='ocrx_word' id='word_1_622' title='bbox 386 4829 490 4886; x_wconf 76' lang='lat' dir='ltr'>unis.</span> <span class='ocrx_word' id='word_1_623' title='bbox 504 4828 535 4885; x_wconf 90' lang='lat' dir='ltr'>in</span> <span class='ocrx_word' id='word_1_624' title='bbox 553 4829 602 4885; x_wconf 88' lang='lat' dir='ltr'>lib.</span> <span class='ocrx_word' id='word_1_625' title='bbox 620 4831 651 4887; x_wconf 88' lang='lat' dir='ltr'>V.</span> <span class='ocrx_word' id='word_1_626' title='bbox 675 4830 713 4886; x_wconf 85' lang='lat' dir='ltr'>de</span> <span class='ocrx_word' id='word_1_627' title='bbox 737 4835 804 4888; x_wconf 81' lang='lat' dir='ltr'>Dio.</span> <span class='ocrx_word' id='word_1_628' title='bbox 816 4846 894 4888; x_wconf 79' lang='grc' dir='ltr'>ιωαι.</span> <span class='ocrx_word' id='word_1_629' title='bbox 913 4830 978 4887; x_wconf 71' lang='lat' dir='ltr'>Atos</span> <span class='ocrx_word' id='word_1_630' title='bbox 1000 4833 1082 4888; x_wconf 82' lang='grc' dir='ltr'>τοίνυν</span> <span class='ocrx_word' id='word_1_631' title='bbox 1130 4835 1199 4898; x_wconf 79' lang='grc' dir='ltr'>λείας</span> <span class='ocrx_word' id='word_1_632' title='bbox 1212 4837 1346 4909; x_wconf 73' lang='grc' dir='ltr'>διάστημα.</span> 
     </span>
     <span class='ocr_line' id='line_1_49' title="bbox 311 4911 1884 4992; baseline 0.001 -24"><span class='ocrx_word' id='word_1_633' title='bbox 311 4912 387 4978; x_wconf 83' lang='grc' dir='ltr'>ἰστὶν,</span> <span class='ocrx_word' id='word_1_634' title='bbox 403 4911 432 4967; x_wconf 84' lang='grc' dir='ltr'>οὗ</span> <span class='ocrx_word' id='word_1_635' title='bbox 448 4913 477 4967; x_wconf 79' lang='grc' dir='ltr'>τό</span> <span class='ocrx_word' id='word_1_636' title='bbox 491 4911 659 4986; x_wconf 69' lang='grc' dir='ltr'>ὑποκείμενον,</span> <span class='ocrx_word' id='word_1_637' title='bbox 677 4913 742 4968; x_wconf 75' lang='grc' dir='ltr'>ἀλλὰ</span> <span class='ocrx_word' id='word_1_638' title='bbox 755 4915 785 4969; x_wconf 80' lang='grc' dir='ltr'>τό</span> <span class='ocrx_word' id='word_1_639' title='bbox 805 4913 830 4978; x_wconf 74' lang='lat' dir='ltr'>tt</span> <span class='ocrx_word' id='word_1_640' title='bbox 844 4913 917 4970; x_wconf 75' lang='grc' dir='ltr'>αἰτοῦ</span> <span class='ocrx_word' id='word_1_641' title='bbox 933 4919 977 4970; x_wconf 93' lang='grc' dir='ltr'>τοῦ</span> <span class='ocrx_word' id='word_1_642' title='bbox 991 4915 1084 4970; x_wconf 80' lang='grc' dir='ltr'>ῦποιιει-</span> <span class='ocrx_word' id='word_1_643' title='bbox 1166 4936 1187 4990; x_wconf 74' lang='lat' dir='ltr'>q</span> <span class='ocrx_word' id='word_1_644' title='bbox 1205 4917 1246 4974; x_wconf 89' lang='lat' dir='ltr'>lb.</span> <span class='ocrx_word' id='word_1_645' title='bbox 1265 4918 1329 4973; x_wconf 82' lang='grc' dir='ltr'>Αἰθιν</span> <span class='ocrx_word' id='word_1_646' title='bbox 1344 4919 1424 4973; x_wconf 79' lang='grc' dir='ltr'>τοίνυν</span> <span class='ocrx_word' id='word_1_647' title='bbox 1439 4917 1491 4975; x_wconf 81' lang='grc' dir='ltr'>ἰστί</span> <span class='ocrx_word' id='word_1_648' title='bbox 1504 4918 1533 4972; x_wconf 79' lang='grc' dir='ltr'>τό</span> <span class='ocrx_word' id='word_1_649' title='bbox 1546 4923 1577 4991; x_wconf 72' lang='grc' dir='ltr'>τῇ</span> <span class='ocrx_word' id='word_1_650' title='bbox 1590 4922 1677 4992; x_wconf 77' lang='grc' dir='ltr'>κτιστῇ</span> <span class='ocrx_word' id='word_1_651' title='bbox 1689 4917 1755 4990; x_wconf 74' lang='lat' dir='ltr'>ptest</span> <span class='ocrx_word' id='word_1_652' title='bbox 1766 4916 1884 4987; x_wconf 68' lang='lat' dir='ltr'>xapsth·</span> 
     </span>
     <span class='ocr_line' id='line_1_50' title="bbox 312 4991 1352 5074; baseline 0.002 -21"><span class='ocrx_word' id='word_1_653' title='bbox 312 4999 385 5071; x_wconf 77' lang='grc' dir='ltr'>μένου</span> <span class='ocrx_word' id='word_1_654' title='bbox 393 4996 566 5071; x_wconf 82' lang='grc' dir='ltr'>ἰκλόμπον·τθ</span> <span class='ocrx_word' id='word_1_655' title='bbox 573 4991 616 5052; x_wconf 77' lang='grc' dir='ltr'>οῦν</span> <span class='ocrx_word' id='word_1_656' title='bbox 628 4997 715 5067; x_wconf 79' lang='grc' dir='ltr'>νοητὰ,</span> <span class='ocrx_word' id='word_1_657' title='bbox 720 4998 761 5052; x_wconf 81' lang='grc' dir='ltr'>καὶ</span> <span class='ocrx_word' id='word_1_658' title='bbox 766 4999 798 5054; x_wconf 77' lang='lat' dir='ltr'>cd</span> <span class='ocrx_word' id='word_1_659' title='bbox 803 4998 836 5073; x_wconf 75' lang='grc' dir='ltr'>μὴ</span> <span class='ocrx_word' id='word_1_660' title='bbox 842 4999 1082 5073; x_wconf 83' lang='grc' dir='ltr'>όρώμτνα,ιιατθτθν</span> <span class='ocrx_word' id='word_1_661' title='bbox 1133 5002 1207 5074; x_wconf 77' lang='grc' dir='ltr'>μόνον</span> <span class='ocrx_word' id='word_1_662' title='bbox 1220 5002 1352 5074; x_wconf 80' lang='grc' dir='ltr'>διάστημα.</span> 
     </span>
    </p>
   </div>
   <div class='ocr_carea' id='block_1_4' title="bbox 314 5194 1883 5415">
    <p class='ocr_par' dir='ltr' id='par_1_4' title="bbox 314 5194 1883 5415">
     <span class='ocr_line' id='line_1_51' title="bbox 348 5194 1883 5282; baseline 0.007 -35"><span class='ocrx_word' id='word_1_663' title='bbox 348 5194 395 5247; x_wconf 79' lang='lat' dir='ltr'>‘ln</span> <span class='ocrx_word' id='word_1_664' title='bbox 420 5198 516 5261; x_wconf 79' lang='lat' dir='ltr'>utroqm</span> <span class='ocrx_word' id='word_1_665' title='bbox 535 5194 600 5249; x_wconf 84' lang='lat' dir='ltr'>Pauli</span> <span class='ocrx_word' id='word_1_666' title='bbox 621 5196 750 5250; x_wconf 83' lang='grc' dir='ltr'>ἰεεθοιοοίο</span> <span class='ocrx_word' id='word_1_667' title='bbox 775 5196 856 5266; x_wconf 81' lang='lat' dir='ltr'>(liebr.</span> <span class='ocrx_word' id='word_1_668' title='bbox 881 5207 900 5248; x_wconf 88' lang='lat'>1.</span> <span class='ocrx_word' id='word_1_669' title='bbox 922 5196 952 5260; x_wconf 78' lang='lat'>23</span> <span class='ocrx_word' id='word_1_670' title='bbox 977 5209 1016 5261; x_wconf 73' lang='grc' dir='ltr'>τι,</span> <span class='ocrx_word' id='word_1_671' title='bbox 1047 5194 1084 5264; x_wconf 87' lang='grc'>3.)</span> <span class='ocrx_word' id='word_1_672' title='bbox 1134 5194 1225 5277; x_wconf 56' lang='lat'>„0537</span> <span class='ocrx_word' id='word_1_673' title='bbox 1238 5194 1301 5272; x_wconf 54' lang='lat' dir='ltr'>tbi&gt;</span> <span class='ocrx_word' id='word_1_674' title='bbox 1318 5220 1354 5269; x_wconf 49' lang='grc' dir='ltr'>ρης</span> <span class='ocrx_word' id='word_1_675' title='bbox 1371 5219 1435 5268; x_wconf 63' lang='lat' dir='ltr'>mm</span> <span class='ocrx_word' id='word_1_676' title='bbox 1452 5214 1568 5278; x_wconf 57' lang='lat' dir='ltr'>mm,</span> <span class='ocrx_word' id='word_1_677' title='bbox 1590 5219 1614 5268; x_wconf 74' lang='grc' dir='ltr'>ςς</span> <span class='ocrx_word' id='word_1_678' title='bbox 1627 5229 1697 5282; x_wconf 61' lang='grc' dir='ltr'>μω</span> <span class='ocrx_word' id='word_1_679' title='bbox 1713 5212 1803 5275; x_wconf 59' lang='lat' dir='ltr'>Anba,</span> <span class='ocrx_word' id='word_1_680' title='bbox 1824 5210 1883 5276; x_wconf 74' lang='lat' dir='ltr'>Syros</span> 
     </span>
     <span class='ocr_line' id='line_1_52' title="bbox 315 5267 1752 5340; baseline 0.008 -16"><span class='ocrx_word' id='word_1_681' title='bbox 315 5269 339 5324; x_wconf 84' lang='grc' dir='ltr'>οί</span> <span class='ocrx_word' id='word_1_682' title='bbox 353 5267 440 5330; x_wconf 88' lang='grc' dir='ltr'>αἰῶνες</span> <span class='ocrx_word' id='word_1_683' title='bbox 460 5273 533 5340; x_wconf 77' lang='lat' dir='ltr'>ipsam</span> <span class='ocrx_word' id='word_1_684' title='bbox 546 5273 695 5340; x_wconf 71' lang='lat' dir='ltr'>motommico</span> <span class='ocrx_word' id='word_1_685' title='bbox 712 5271 839 5340; x_wconf 82' lang='lat' dir='ltr'>exprimmt</span> <span class='ocrx_word' id='word_1_686' title='bbox 852 5286 932 5324; x_wconf 53' lang='lat' dir='ltr'>‘mmm</span> <span class='ocrx_word' id='word_1_687' title='bbox 945 5273 1084 5326; x_wconf 79' lang='lat' dir='ltr'>nniversiu-</span> <span class='ocrx_word' id='word_1_688' title='bbox 1599 5324 1605 5335; x_wconf 93' lang='lat'>.</span> <span class='ocrx_word' id='word_1_689' title='bbox 1747 5323 1752 5335; x_wconf 93' lang='lat'>.</span> 
     </span>
     <span class='ocr_line' id='line_1_53' title="bbox 314 5302 1840 5415; baseline 0.005 -13"><span class='ocrx_word' id='word_1_690' title='bbox 314 5354 370 5402; x_wconf 87' lang='lat' dir='ltr'>ten.</span> <span class='ocrx_word' id='word_1_691' title='bbox 387 5348 450 5401; x_wconf 81' lang='lat' dir='ltr'>Hanc</span> <span class='ocrx_word' id='word_1_692' title='bbox 465 5348 526 5400; x_wconf 84' lang='grc' dir='ltr'>εοίιο</span> <span class='ocrx_word' id='word_1_693' title='bbox 546 5348 753 5415; x_wconf 78' lang='grc' dir='ltr'>ίοίστριείιίἰοοειιι</span> <span class='ocrx_word' id='word_1_694' title='bbox 775 5350 855 5401; x_wconf 80' lang='lat' dir='ltr'>suadet</span> <span class='ocrx_word' id='word_1_695' title='bbox 872 5352 997 5408; x_wconf 76' lang='grc' dir='ltr'>οοοίετίιιε,</span> <span class='ocrx_word' id='word_1_696' title='bbox 1013 5363 1085 5415; x_wconf 80' lang='lat' dir='ltr'>eaque</span> <span class='ocrx_word' id='word_1_697' title='bbox 1133 5330 1199 5391; x_wconf 54' lang='lat' dir='ltr'>”que</span> <span class='ocrx_word' id='word_1_698' title='bbox 1214 5324 1321 5378; x_wconf 55' lang='grc' dir='ltr'>ΗΜ</span> <span class='ocrx_word' id='word_1_699' title='bbox 1339 5302 1459 5384; x_wconf 46' lang='lat' dir='ltr'>ww</span> <span class='ocrx_word' id='word_1_700' title='bbox 1481 5328 1519 5380; x_wconf 62' lang='lat'>²7</span> <span class='ocrx_word' id='word_1_701' title='bbox 1537 5319 1800 5389; x_wconf 57' lang='lat' dir='ltr'>MWM‘E&#39;</span> <span class='ocrx_word' id='word_1_702' title='bbox 1813 5319 1840 5373; x_wconf 67' lang='lat' dir='ltr'>fl*</span> 
     </span>
    </p>
   </div>
   <div class='ocr_carea' id='block_1_5' title="bbox 316 5424 1084 5493">
    <p class='ocr_par' dir='ltr' id='par_1_5' title="bbox 316 5424 1084 5493">
     <span class='ocr_line' id='line_1_54' title="bbox 316 5424 1084 5493; baseline 0.001 -15"><span class='ocrx_word' id='word_1_703' title='bbox 316 5424 434 5490; x_wconf 72' lang='grc' dir='ltr'>ἱεείτοίἰατ</span> <span class='ocrx_word' id='word_1_704' title='bbox 446 5424 610 5477; x_wconf 65' lang='lat' dir='ltr'>cuberacum</span> <span class='ocrx_word' id='word_1_705' title='bbox 631 5438 674 5477; x_wconf 80' lang='lat' dir='ltr'>usi</span> <span class='ocrx_word' id='word_1_706' title='bbox 691 5424 806 5493; x_wconf 83' lang='lat' dir='ltr'>loquendi,</span> <span class='ocrx_word' id='word_1_707' title='bbox 821 5437 867 5490; x_wconf 89' lang='lat' dir='ltr'>quo</span> <span class='ocrx_word' id='word_1_708' title='bbox 885 5438 954 5491; x_wconf 79' lang='lat' dir='ltr'>penes</span> <span class='ocrx_word' id='word_1_709' title='bbox 966 5425 1084 5479; x_wconf 73' lang='lat' dir='ltr'>chaldam</span> 
     </span>
    </p>
   </div>
   <div class='ocr_carea' id='block_1_6' title="bbox 344 5621 1632 5682">
    <p class='ocr_par' dir='ltr' id='par_1_6' title="bbox 344 5621 1632 5682">
     <span class='ocr_line' id='line_1_55' title="bbox 344 5621 1632 5682; baseline -0.007 -9"><span class='ocrx_word' id='word_1_710' title='bbox 344 5632 354 5673; x_wconf 82' lang='lat' dir='ltr'>l</span> <span class='ocrx_word' id='word_1_711' title='bbox 369 5627 421 5682; x_wconf 80' lang='lat' dir='ltr'>cap.</span> <span class='ocrx_word' id='word_1_712' title='bbox 435 5637 455 5669; x_wconf 83' lang='grc' dir='ltr'>ν.</span> <span class='ocrx_word' id='word_1_713' title='bbox 469 5622 918 5678; x_wconf 65' lang='lat' dir='ltr'>ota-sinconnoopsmsan.</span> <span class='ocrx_word' id='word_1_714' title='bbox 932 5623 1125 5671; x_wconf 63' lang='lat' dir='ltr'>vitassemus</span> <span class='ocrx_word' id='word_1_715' title='bbox 1138 5636 1187 5680; x_wconf 79' lang='lat' dir='ltr'>cap.</span> <span class='ocrx_word' id='word_1_716' title='bbox 1200 5624 1286 5668; x_wconf 64' lang='grc' dir='ltr'>ιτα-θ</span> <span class='ocrx_word' id='word_1_717' title='bbox 1296 5621 1344 5667; x_wconf 84' lang='lat' dir='ltr'>ua.</span> <span class='ocrx_word' id='word_1_718' title='bbox 1356 5622 1382 5665; x_wconf 81' lang='lat' dir='ltr'>v.</span> <span class='ocrx_word' id='word_1_719' title='bbox 1394 5626 1450 5666; x_wconf 79' lang='lat' dir='ltr'>eost.</span> <span class='ocrx_word' id='word_1_720' title='bbox 1461 5622 1516 5666; x_wconf 72' lang='lat' dir='ltr'>fler.</span> <span class='ocrx_word' id='word_1_721' title='bbox 1529 5631 1578 5676; x_wconf 74' lang='lat' dir='ltr'>cap.</span> <span class='ocrx_word' id='word_1_722' title='bbox 1591 5631 1632 5664; x_wconf 79' lang='grc' dir='ltr'>τιι,</span> 
     </span>
    </p>
   </div>
   <div class='ocr_carea' id='block_1_7' title="bbox 0 0 2021 6164">
    <p class='ocr_par' dir='ltr' id='par_1_7' title="bbox 0 0 2021 6164">
     <span class='ocr_line' id='line_1_56' title="bbox 0 0 2021 6164; baseline 0 0"><span class='ocrx_word' id='word_1_723' title='bbox 0 0 2021 6164; x_wconf 95' lang='lat' dir='ltr'> </span> 
     </span>
    </p>
   </div>
  </div>
 </body>
</html>
