4030 6204
301 248 361 307 sii
679 220 681 225 '
820 247 1148 310 rumiooiconuu
1177 249 1398 313 consumis

301 411 346 472 sic
359 410 540 487 divinitatis,
555 410 717 473 scientium
734 410 790 472 liei
810 412 891 473 hunc
904 412 1003 492 ipsum
1016 413 1072 475 he·
1121 416 1237 491 omnis,
1254 433 1323 494 quse
1340 415 1462 477 suntin
1481 416 1557 490 Deo,
1575 419 1730 477 scmtntur
1748 413 1907 496 Spiritiis,

301 503 378 578 heri,
401 521 471 582 quic
492 504 599 565 omnis
622 503 846 583 complectitur,
868 522 940 584 qiiae
962 505 996 565 in
1018 506 1074 568 Dei
1122 512 1153 567 et
1163 515 1194 569 τὰ
1204 516 1328 586 Menios
1342 516 1410 583 tesi,
1425 508 1485 568 hoc
1499 512 1547 568 est
1558 525 1630 587 qum
1641 507 1676 569 in
1691 505 1860 580 altissimo,
1874 514 1911 569 et

301 603 374 657 sunt
387 595 511 671 minis,
523 601 555 657 et
567 596 606 656 eh
621 614 657 657 eo
672 597 827 674 procienii'
841 601 982 676 possunt
1121 598 1326 659 occultissimo
1340 599 1455 661 divinas
1469 599 1637 661 voluntatis
1649 617 1773 661 recessu
1783 599 1907 673 lstcnt;

342 689 379 749 11.
403 688 569 767 Gregorius
586 688 796 753 Nazianzenus
822 689 962 750 oratione
988 695 1075 752 sexto
1122 690 1225 770 qnnlin
1247 697 1322 753 sunt
1334 691 1442 754 effectu
1461 692 1620 771 potcstnh‘s
1635 691 1719 753 illius
1739 711 1777 752 sc
1795 691 1909 771 prosi·

302 788 332 842 et
361 779 519 841 tricesima
548 781 649 843 eidem
670 781 861 860 respondens
885 782 1074 844 Alienorum
1121 782 1235 844 dentiae
1252 802 1259 843 :
1276 802 1347 862 quie
1368 784 1478 862 utique
1499 789 1604 845 creste
1618 791 1701 860 sunt,
1722 803 1759 845 sc
1772 783 1909 845 nonnisi

301 878 498 953 argumento,
514 873 774 949 commodissime,
785 879 878 953 sique
887 874 928 935 sd
934 880 1074 937 mentem
1121 874 1247 951 virtute,
1263 881 1295 936 et
1306 875 1466 936 eminenter
1473 875 1583 937 insunt
1595 877 1630 937 in
1643 878 1717 937 lieo.
1733 876 1816 937 nnn
1828 894 1910 955 qum

301 964 825 1045 nostrsmsptissimeloquitursic:
841 966 922 1038 «Qui
934 966 978 1027 its
986 966 1075 1027 novit
1122 965 1294 1046 sensualiter
1314 967 1350 1028 in
1369 967 1424 1028 illo
1444 972 1529 1042 sunt,
1554 986 1592 1029 es
1613 973 1721 1047 potent
1737 968 1907 1043 minus,

301 1074 371 1136 quie
385 1057 440 1118 Dei
460 1062 544 1133 sunt,
567 1062 603 1117 iit
616 1057 742 1136 spiritus
758 1056 896 1119 hominis
916 1076 987 1137 quic
1000 1063 1074 1121 sunt
1122 1059 1177 1137 qui
1191 1061 1291 1120 Deum
1304 1060 1596 1139 utcumquevident
1610 1066 1794 1122 :uteorum
1810 1061 1908 1121 notio

300 1148 335 1209 in
360 1149 439 1229 ipso.
470 1147 621 1228 (Suhsudi
648 1168 687 1212 ex
712 1150 992 1215 antecedentibus:
1015 1151 1072 1211 Po·
1121 1150 1292 1211 divinitatis
1310 1168 1413 1231 neque
1428 1151 1555 1231 propris
1575 1153 1625 1229 sit,
1652 1171 1753 1233 neque
1776 1158 1909 1214 omnin

300 1246 400 1302 testue
415 1241 499 1302 diem
511 1241 655 1320 ignorare
665 1242 805 1323 judiciii)
822 1243 901 1316 Quid
918 1242 1004 1305 enim
1015 1244 1075 1304 ists
1120 1241 1205 1303 illius
1216 1250 1439 1322 argumentum
1447 1244 1573 1307 hubent.

302 1333 479 1412 cognitione
494 1333 723 1413 perfecisset»
737 1335 792 1396 Dei
809 1335 971 1409 vomtille,
991 1340 1023 1395 ct
1040 1335 1074 1395 in
1162 1336 1254 1396 Hunc
1263 1336 1378 1397 munes
1391 1337 1539 1416 petendis
1554 1336 1751 1412 uminum,
1770 1356 1811 1401 nc
1828 1356 1907 1418 pno-

302 1426 365 1486 lleo
390 1444 455 1487 esse
475 1425 559 1501 dicit,
581 1444 651 1505 quse
671 1425 744 1487 facit
766 1429 858 1502 Deus,
880 1446 916 1489 so
934 1426 1014 1489 nihil
1037 1445 1075 1489 ea
1121 1426 1340 1493 fundnnmum
1359 1447 1516 1493 recessum
1529 1429 1570 1491 eh
1589 1430 1710 1491 Jeme
1726 1430 1907 1491 unumve

302 1517 477 1596 cognitione
491 1517 655 1597 periectius
675 1536 752 1593 esse,
770 1536 841 1598 que
855 1518 961 1579 omnis
974 1519 1072 1579 conti·
1122 1521 1185 1581 oiri
1220 1520 1362 1585 Clemens
1398 1521 1628 1583 Alexandrinus
1657 1521 1902 1602 interpretatum,

302 1614 367 1686 net,
383 1609 527 1689 qusehoc
543 1610 637 1671 inodo
655 1610 776 1671 suntin
795 1613 870 1673 lieo.
888 1611 1074 1684 Qnerecum
1122 1630 1194 1673 cum
1213 1612 1258 1673 its
1278 1612 1407 1675 scribit:
1423 1612 1520 1675 Densis
1545 1632 1629 1674 nemo
1649 1613 1726 1675 cuti
1752 1633 1901 1697 ιιιιφιωι.

302 1720 339 1763 es
359 1701 505 1782 cognitio,
533 1722 629 1783 quum
652 1703 710 1766 suh
735 1704 862 1765 nomine
885 1702 1072 1785 comprehen-
1124 1702 1311 1786 Unigenitus,
1329 1705 1383 1787 qui
1396 1713 1437 1766 est
1457 1705 1489 1765 ιἰι
1509 1706 1580 1767 sion
1597 1705 1712 1780 Patris,
1735 1707 1904 1787 ι’μιειιωι-

300 1794 391 1856 si‘oisi's
415 1795 579 1875 inquirunt
605 1796 717 1859 schole
743 1797 971 1876 theologorum,
996 1795 1075 1875 ejus·
1121 1795 1235 1859 ravist.
1261 1799 1391 1877 Deque
1420 1798 1561 1861 Clemens
1587 1799 1631 1859 mo
1655 1800 1774 1859 sentit:
1795 1801 1902 1861 «com

303 1886 387 1947 modi
412 1888 462 1961 sit,
490 1892 526 1948 nt
552 1889 711 1961 omnium,
735 1906 805 1967 quis
832 1894 916 1965 sunt,
945 1906 1073 1968 esseque
1121 1889 1287 1951 autemid
1315 1890 1400 1969 quod
1429 1890 1463 1951 in
1493 1892 1558 1953 Dee
1588 1891 1771 1970 sspectcliile
1803 1898 1904 1971 sique

302 1984 440 2058 possunt,
449 1979 669 2066 perfectissime
680 1980 729 2055 sit,
742 1999 808 2043 non
821 1983 880 2042 erit
892 1981 962 2055 slis,
977 1999 1073 2061 quem
1121 1980 1242 2043 effabile
1253 1999 1319 2043 non
1328 1989 1385 2058 est,
1398 1982 1503 2043 sinum
1511 1983 1721 2047 nominaverit
1729 1983 1798 2058 liei,
1811 1984 1902 2045 hune

301 2070 370 2133 istc.
1120 2073 1226 2153 ipsum
1268 2073 1460 2154 profundum
1506 2075 1741 2155 appellsverunt
1781 2076 1900 2138 idcirco

342 2164 536 2227 Praetereein
547 2164 609 2225 illis
618 2165 757 2245 Gregorii
770 2166 872 2227 veihis
884 2166 966 2228 inest
979 2168 1073 2229 etiem
1120 2165 1232 2244 oliqiii;
1262 2171 1299 2226 nt
1324 2166 1380 2245 qui
1410 2165 1518 2227 omnia
1548 2168 1836 2246 comprehenderit,
1861 2188 1901 2231 ss

301 2255 434 2318 alterum
452 2263 683 2337 argumentum,
705 2277 768 2337 quo
788 2260 1073 2338 comprehensionis
1120 2257 1206 2320 velut
1230 2258 1305 2321 sinu
1326 2276 1384 2320 suo
1406 2258 1586 2339 complexus
1609 2259 1712 2335 fuerit,
1738 2279 1800 2321 ncc
1823 2279 1900 2322 cum

301 2366 320 2407 n
338 2348 427 2410 nobis
441 2349 574 2411 adducis
586 2350 666 2411 retis
689 2350 808 2413 mirum
820 2351 855 2411 in
875 2352 1005 2413 modum
1016 2373 1071 2433 np-
1120 2350 1242 2429 assequi
1256 2350 1351 2430 possit
1364 2350 1457 2427 ullus,
1474 2356 1506 2412 et
1523 2352 1563 2411 sit
1571 2351 1771 2413 inlinitum.»
1788 2354 1900 2415 Psnms

301 2440 460 2520 probatur.
476 2442 589 2503 Allusit
601 2443 687 2503 enim
702 2443 742 2503 nd
754 2442 797 2510 id,
814 2443 899 2521 quod
912 2443 1026 2505 Paulus
1038 2446 1072 2508 in
1120 2443 1158 2504 iis
1175 2442 1277 2504 verbis
1298 2460 1368 2505 rem
1390 2460 1518 2505 omnem
1539 2444 1652 2523 attigit,
1672 2450 1708 2505 ut
1730 2445 1821 2507 illum
1841 2445 1899 2507 Ilei

239 2540 246 2549 “
301 2531 409 2595 Primo
422 2533 462 2595 od
482 2533 662 2604 Corinthios,
675 2537 774 2617 capite
788 2539 933 2616 secundo,
950 2540 989 2601 de
1003 2540 1072 2620 Spi·
1120 2535 1374 2615 pronuntiatem,
1390 2536 1482 2599 idest
1496 2536 1684 2598 infinitatem
1699 2537 1896 2611 substantiae,

301 2624 364 2684 iitu
375 2631 480 2687 sancto
499 2626 615 2687 docuit.
633 2628 714 2689 Nom
732 2648 803 2691 cnm
822 2631 951 2694 dixisset
969 2633 1072 2694 Chris-
1120 2646 1191 2707 quae
1203 2628 1237 2689 id
1258 2626 1362 2705 efficit,
1379 2634 1415 2689 ut
1434 2646 1454 2688 s
1473 2628 1560 2689 nullo
1577 2629 1802 2709 comprehendi
1815 2632 1899 2691 Deus

300 2715 394 2778 tianae
408 2718 557 2797 mysterio
569 2718 643 2779 fidei
660 2721 780 2781 occulte
801 2721 906 2801 fuisse,
922 2729 954 2784 et
965 2724 1073 2803 ignote
1120 2720 1226 2798 possit,
1237 2719 1426 2799 intelligeres
1438 2720 1473 2780 in
1486 2738 1523 2781 eo
1537 2738 1602 2782 esse
1616 2721 1719 2797 sitam
1732 2723 1820 2801 qnod
1828 2723 1899 2784 uni-

299 2809 491 2888 sapientibus
499 2809 592 2888 hujus
601 2811 716 2886 soeculi,
726 2811 819 2873 Notis
829 2824 925 2875 ciuem
934 2816 1073 2879 revelasse
1120 2828 1208 2873 versa
1221 2812 1389 2887 contineat,
1403 2817 1470 2873 iem
1480 2830 1551 2892 quae
1563 2813 1732 2893 &wando
1743 2815 1777 2875 in
1787 2832 1897 2876 mim

300 2899 395 2963 Deum
418 2921 473 2983 per
486 2903 638 2983 Spintum
651 2922 756 2974 suom
779 2923 854 2966 mcx
874 2926 931 2968 cur
943 2908 1003 2969 hoc
1017 2927 1072 2988 per
1120 2909 1265 2965 netiusm
1278 2905 1445 2984 prodeunt,
1461 2922 1556 2984 quem
1569 2923 1639 2984 quse
1657 2905 1800 2966 absoluta
1812 2907 1898 2969 illius

300 2993 450 3073 Spiritum
489 2995 578 3056 illum
614 2995 704 3058 nohis
736 2997 914 3076 obvenerit,
948 3019 1072 3063 censam
1120 3002 1269 3077 potestate
1287 3003 1418 3077 possunt
1435 2998 1575 3073 existere,
1588 2998 1712 3059 temetsi
1732 3017 1897 3079 nunqnam

298 3084 423 3147 reddit:
439 3085 575 3169 Spiritus
596 3088 675 3149 enim
688 3089 788 3150 misnia
809 3098 967 3161 muster,
982 3093 1071 3155 eti'cm
1120 3106 1280 3151 emersura
1292 3090 1366 3153 sint.

297 3178 450 3261 profundo
475 3179 544 3242 Dei.
566 3180 639 3257 Quis
663 3181 740 3243 enim
760 3181 910 3245 hominum
929 3185 984 3246 scit
1005 3204 1072 3267 que
1161 3183 1213 3242 Est
1228 3181 1323 3260 igitur
1336 3182 1390 3242 illu
1401 3180 1629 3261 perfectissime
1642 3181 1696 3242 Dei
1710 3182 1898 3262 cognitionis

297 3281 365 3333 sont
377 3272 514 3342 Ιιοιιιιίιιί,
531 3273 591 3333 nisi
603 3273 728 3355 spiritus
742 3272 879 3346 hominis,
895 3276 949 3357 qui
962 3277 994 3337 i'n
1008 3278 1071 3359 ipso
1120 3280 1204 3348 nota,
1217 3274 1441 3353 descriptioque
1455 3273 1591 3352 propria,
1607 3279 1641 3334 ui
1654 3273 1897 3353 &subjiciantur

298 3363 360 3425 est?
382 3364 434 3426 Ito
453 3372 482 3426 et
494 3383 561 3446 qne
577 3364 637 3426 Dei
652 3374 728 3439 suit,
745 3386 828 3429 ιιειιιο
842 3370 989 3450 copiiocit,
1011 3372 1073 3433 nisi
1119 3366 1237 3441 omnis,
1261 3383 1332 3444 quse
1354 3372 1438 3440 sunt,
1462 3372 1494 3426 st
1504 3375 1548 3427 iot
1565 3373 1633 3442 θεοῦ,
1651 3365 1743 3428 velet
1756 3376 1834 3445 βαθέα
1848 3382 1895 3431 τοι

297 3455 432 3537 Spiritus
457 3457 516 3518 Dei
528 3456 551 3519 ¹.
569 3457 635 3531 Quo
648 3458 682 3518 in
702 3458 771 3519 loco
790 3460 991 3522 menifestum
1013 3470 1069 3540 est,
1118 3465 1184 3534 iios,
1198 3463 1234 3519 ut
1247 3455 1528 3536 Puulusloqnitiir3
1543 3456 1670 3533 hocest,
1696 3476 1768 3537 qne
1781 3458 1816 3519 in
1830 3461 1894 3521 lieo

297 3547 481 3626 Apostolum
502 3548 630 3627 Spiritui
643 3555 749 3610 sancto
768 3552 954 3630 cognitionis
971 3572 1072 3632 genus
1118 3548 1377 3626 continentium
1390 3550 1425 3610 in
1448 3548 1648 3610 consiliorum
1669 3549 1754 3611 illius
1773 3558 1894 3613 secreto

297 3638 374 3700 illud
388 3640 569 3715 attribuere,
585 3641 669 3719 qnod
686 3659 846 3704 summum
858 3644 909 3719 sit,
928 3650 960 3705 et
980 3646 1069 3707 ubso-
1117 3641 1253 3721 repositi
1274 3647 1373 3703 sunt:
1393 3641 1544 3702 nimirum
1569 3659 1641 3720 quis
1660 3641 1830 3722 aliquando
1845 3644 1891 3705 in·

297 3730 497 3808 lutissiinum,
523 3732 674 3793 nesolius
699 3735 862 3815 proprium
889 3736 1068 3799 divinitatis.
1117 3752 1188 3795 cere
1221 3733 1402 3810 destinavit,
1439 3738 1477 3794 nt
1511 3749 1551 3794 ex
1581 3730 1719 3812 Apostoli
1751 3736 1892 3799 oratione

297 3822 457 3901 Siquidem
478 3842 516 3885 ex
540 3824 593 3884 illo
617 3825 684 3904 ipso
707 3826 786 3903 hoo,
804 3829 904 3889 Deum
925 3846 990 3891 esse
1004 3830 1070 3909 Spi·
1118 3832 1249 3887 constet.

295 3915 393 3975 ritum
419 3921 573 3993 sanctum,
594 3923 701 3979 contre
726 3920 1022 3982 Pneumatomeohos
1039 3927 1071 3983 et
1158 3919 1210 3979 ΙΙΙ.
1233 3919 1312 3980 Huic
1325 3918 1464 3999 Apostoli
1476 3918 1665 3995 testimonio,
1681 3923 1892 3998 etsngnmen

295 4006 645 4070 Arisnosdemonstrent
653 4011 767 4086 Patres,
780 4013 827 4072 uti
840 4012 894 4075 lih.
908 4013 934 4074 ll
948 4010 985 4073 de
999 4012 1068 4074 Tri·
1116 4010 1227 4073 tetioni
1241 4029 1280 4072 ex
1302 4028 1340 4071 eo
1361 4010 1512 4087 deductos,
1532 4011 1754 4089 sententiisque
1774 4016 1891 4073 nostru

295 4099 408 4161 nitete²
418 4100 530 4177 dicam,
556 4106 648 4181 etrus
663 4102 707 4163 itu
728 4103 971 4180 ratiocincnlun3
998 4122 1068 4166 enm
1115 4101 1214 4164 robur
1226 4121 1262 4163 ec
1276 4102 1398 4182 pondus
1411 4102 1583 4164 maximum
1600 4102 1686 4163 addit
1697 4102 1893 4182 lilpiphmiius

295 4192 450 4270 notitiem,
474 4212 545 4273 que
569 4193 675 4255 omnis
691 4196 916 4276 complectitur,
940 4214 1012 4276 que
1025 4197 1069 4259 sic
1115 4194 1149 4255 iii
1172 4195 1331 4271 Ancoroto,
1354 4195 1431 4255 dum
1451 4196 1633 4257 corumdem
1654 4193 1791 4271 illorum,
1812 4214 1892 4275 quos

294 4283 328 4344 in
352 4285 415 4346 Deo
436 4290 520 4362 sunt,
545 4291 581 4347 ut
608 4304 673 4348 esse
690 4293 793 4349 creatu
815 4288 973 4365 dicuntur,
998 4295 1067 4350 tum
1115 4286 1214 4366 attigi,
1227 4287 1445 4348 hereticorum
1459 4287 1629 4349 calumnias
1639 4286 1791 4361 retenens,
1808 4287 1892 4348 lirino

294 4376 556 4455 perfectissimam,
567 4384 637 4439 tum
650 4380 808 4461 liei'unins
820 4398 885 4443 csse
894 4381 1064 4461 proprium.
1114 4379 1197 4439 iuter
1211 4378 1286 4439 ulios
1299 4385 1532 4452 commemoret,
1544 4380 1629 4459 qnod
1641 4379 1891 4440 sdveisusilliim

295 4468 381 4531 Hanc
408 4470 586 4549 Fulgentius
608 4470 857 4550 «plenitudinem
881 4473 1066 4552 cognitionis
1114 4470 1253 4551 Apostoli
1269 4471 1373 4532 locum
1395 4472 1582 4551 exciperent,
1607 4470 1748 4532 Scrotosi
1765 4470 1892 4551 quidem

294 4562 439 4641 appellet,
462 4581 558 4642 qiiem
584 4563 650 4627 sols
680 4564 816 4643 possidet
841 4566 945 4626 unitss
973 4570 1065 4627 netu-
1114 4561 1889 4644 Spiritsmsoectwoprofundelieidixissel’anlnm,

293 4652 426 4730 relis⁸;»
457 4655 550 4733 hsnc,
579 4654 724 4733 inquom,
753 4656 975 4736 cognitionem,
1005 4674 1067 4736 qim
1115 4655 1169 4717 sed
1182 4674 1220 4717 eo
1233 4655 1494 4734 comprehendere
1507 4673 1572 4717 non
1580 4654 1703 4716 dixisse.
1717 4654 1809 4729 Quod
1821 4671 1889 4716 me-

329 5015 350 5055 a
366 4999 489 5056 Gssoon.
504 4997 569 5056 Nic.
584 4998 660 5054 Orat.
673 5015 766 5055 xxxvi.
790 4997 1063 5055 ‘ostendentes
1149 5000 1166 5055 b
1185 5002 1404 5059 cincinni
1421 5003 1529 5059 Strom.
1549 5003 1584 5056 Ti
1608 5002 1631 5056 δ’
1650 5001 1766 5075 ἀόρατοι,
1786 5001 1888 5074 uitl-

291 5085 429 5154 γινώσκων,
444 5082 627 5155 ὼςτὸπιιῠμα
645 5086 688 5136 τοῦ
702 5082 829 5155 ἀνθρώπου
848 5085 879 5138 τὰ
901 5081 925 5136 ἔν
939 5082 1022 5156 sitim
1041 5083 1065 5138 ii
1114 5083 1302 5156 §prouidisse
1316 5084 1442 5158 ὀνομάσας
1457 5087 1523 5150 θεοῦ,
1548 5086 1622 5157 potis
1641 5085 1713 5139 atrii
1739 5085 1887 5153 κικλήιωιι

291 5164 339 5238 γὰρ
354 5166 443 5235 ταύτης
457 5170 501 5235 τῆς
507 5168 622 5240 γνώσεως
630 5166 795 5238 τελιώτιριις
1113 5163 1221 5221 ἐντεῦθέν
1244 5185 1317 5232 τινες,
1331 5169 1366 5232 ὡς
1378 5170 1408 5222 ἂν
1423 5170 1597 5242 περιειληφότα
1620 5169 1662 5223 καὶ
1675 5166 1886 5242 Amisum

969 5281 970 5285 ι
1112 5248 1144 5304 τὰ
1156 5251 1247 5317 πάντα,
1260 5249 1388 5324 detensis
1397 5270 1434 5317 is,
1448 5253 1490 5306 ιιιιὶ
1504 5250 1668 5325 ἀκίραιτοιι.

322 5427 330 5473 l
344 5428 353 5473 l
365 5428 414 5474 Gor.
427 5439 454 5481 u,
468 5427 502 5473 te.
513 5447 540 5462 -
550 5428 565 5473 i
575 5427 625 5474 lli.
636 5429 666 5483 ll,
680 5439 729 5484 cip.
745 5440 789 5482 xiv,
801 5439 825 5473 n.
837 5428 871 5474 Π.
882 5450 904 5463 -
919 5429 971 5474 tls
980 5428 1044 5484 Pap.
1054 5428 1085 5474 sd
1096 5428 1181 5484 insutu
1192 5430 1309 5477 limidi.
1320 5452 1348 5466 -
1358 5432 1373 5478 l
1382 5433 1445 5479 m
1457 5443 1474 5483 i,
1488 5433 1521 5478 lt.
