3942 6168
378 371 429 432 DE
447 370 522 432 unc
542 369 686 443 amous
704 366 1046 441 PROPRIETATIBUS,
1067 365 1141 427 LIB.
1163 365 1201 442 ll,
1224 366 1307 426 CAP.
1330 367 1368 427 ll.
1610 366 1669 427 189

132 533 211 596 liano
219 533 309 596 etiam
319 552 444 596 oausam
455 534 656 615 simplicitatis
664 532 765 613 attigit
775 533 846 595 Cas-
895 531 1061 593 conditoris
1082 530 1247 593 liberalitas
1261 531 1375 611 largite
1386 532 1441 606 sit,
1454 536 1486 593 et
1496 530 1535 592 ab
1551 529 1671 611 opificis

97 625 239 687 eiodorus*
249 626 283 687 in
292 626 372 687 libro
382 626 418 687 de
425 627 547 702 Animo,
555 626 611 687 ubi
621 643 694 688 cum
702 626 746 687 ita
756 626 849 686 dixis-
894 625 1147 704 madatanquam
1153 624 1478 705 radioeproiiciscatnr.
1488 625 1566 686 Cum
1574 623 1671 704 igitur

98 722 155 778 set:
170 718 284 780 «Solus
294 720 492 799 omnipotens
502 720 584 780 Deus
594 725 651 794 est,
664 718 715 780 oui
729 718 789 780 hoo
802 722 849 779 est
895 716 930 778 in
946 716 1167 797 compositione
1189 717 1251 778 sint
1273 723 1422 778 creaturae
1444 732 1564 793 omnes,
1584 716 1671 778 nullu

97 826 153 871 esee
165 810 245 890 quod
259 828 377 892 sapere,
395 811 454 872 hoe
469 817 515 871 est
531 828 619 890 posse
634 811 719 891 quod
731 810 846 885 vivere,
896 809 978 872 iuter
994 810 1075 889 ipsas
1094 808 1203 871 lumen
1220 809 1278 871 erit
1296 810 1419 890 proprie
1439 814 1470 870 et
1492 808 1671 890 simpliciter

97 900 147 962 boe
161 908 205 963 est
223 903 303 963 velle
313 904 398 983 quod
414 901 577 979 iacerc¹,n
599 903 692 982 huJ'us
709 921 779 965 eam
797 921 847 965 ra-
895 902 946 964 vel
970 902 1045 963 citra
1069 902 1335 982 compositionem,
1360 902 1415 963 sed
1439 901 1671 982 participatione

96 994 198 1056 tionem
214 995 337 1056 attulit:
355 997 423 1056 «Et
433 995 555 1070 morito,
569 997 694 1076 quando
705 996 849 1058 universa
896 994 1009 1069 solum,
1023 999 1100 1055 utet
1110 999 1232 1071 catera,
1245 999 1405 1074 acceptum
1422 993 1500 1055 illud
1515 993 1672 1055 habehita

96 1103 230 1163 quarere
239 1087 323 1148 bona
330 1093 414 1163 sunt,
426 1106 491 1149 non
502 1088 543 1150 ad
553 1088 643 1149 illum
654 1089 785 1150 veniunt
794 1089 849 1149 sed
897 1088 971 1148 Deo.
985 1088 1051 1147 Lux
1066 1092 1169 1148 autern
1187 1105 1262 1147 vera
1279 1091 1325 1147 est
1342 1104 1413 1165 quse
1433 1086 1590 1147 illuminat
1606 1104 1672 1148 non

95 1176 129 1237 ab
143 1177 191 1239 illo
207 1180 390 1259 procedunt.
408 1200 424 1237 ι)
443 1181 497 1240 Est
513 1180 608 1258 igitur
626 1179 697 1242 ideo
717 1180 849 1260 simplex
897 1197 968 1258 que
982 1179 1177 1241 illuminatur
1193 1178 1233 1240 ab
1250 1178 1326 1254 ali0;
1341 1178 1515 1258 cujusmodi
1533 1183 1580 1240 est
1598 1178 1672 1241 Uni·

96 1269 175 1346 licus,
187 1276 222 1330 ut
233 1271 295 1332 hoc
307 1271 347 1334 sit
359 1271 443 1351 quod
456 1272 557 1333 inesse
566 1272 626 1352 ipsi
640 1272 763 1348 dicium
776 1272 849 1353 qrria
896 1272 1020 1350 genitus
1035 1273 1090 1353 qui
1105 1272 1139 1332 in
1157 1271 1289 1351 simplici
1306 1277 1338 1331 et
1356 1270 1485 1333 minime
1504 1272 1671 1351 composita

95 1379 149 1421 non
162 1361 199 1423 ab
212 1363 274 1424 alio
289 1363 322 1425 id
338 1364 458 1443 accipit.
472 1364 562 1437 Quod
577 1370 609 1425 et
624 1363 786 1444 Cyrillus¹,
803 1366 850 1426 in·
897 1370 1010 1425 natura
1025 1383 1090 1426 esse
1105 1363 1288 1442 intelligitur
1303 1383 1310 1424 :
1325 1381 1398 1424 cum
1415 1363 1449 1424 in
1467 1365 1567 1425 Deum
1585 1363 1673 1425 nulla

95 1452 163 1513 dieat
175 1454 206 1514 in
221 1455 377 1517 tricesimo
391 1455 491 1535 primo
508 1455 724 1517 Tdeeourmum
737 1476 750 1519 .·
769 1458 851 1519 «Sa-
897 1457 985 1517 eadat
1002 1456 1163 1537 duplicitas
1174 1465 1227 1517 ί.»
1248 1456 1399 1537 Loquitur
1417 1460 1523 1517 autem
1542 1455 1673 1536 cyrillus

95 1543 190 1624 picatis
217 1552 279 1623 est,
313 1547 430 1627 inqiut,
454 1547 572 1625 dicere,
603 1547 683 1608 nihil
713 1549 850 1611 accidere
897 1548 937 1608 de
946 1548 1001 1609 illa
1011 1549 1232 1628 compositione
1244 1566 1315 1628 quse
1328 1554 1375 1610 est
1391 1566 1430 1609 ex
1442 1547 1597 1609 accidente
1609 1548 1673 1610 siva

95 1635 253 1699 substantia
276 1639 345 1715 Dei,
361 1639 435 1719 quis
451 1638 546 1701 hebet
567 1658 607 1701 ex
619 1640 718 1720 seipsa
731 1641 848 1720 periec-
897 1640 1044 1719 qualitate
1055 1645 1087 1701 et
1097 1640 1357 1721 substantiaque
1369 1640 1557 1702 inomnibus
1569 1640 1674 1703 condi

94 1727 256 1790 benemar»
897 1733 936 1793 tis
947 1732 1040 1794 rebus
1056 1733 1147 1809 inest,
1165 1733 1289 1794 tametsi
1306 1734 1433 1813 qnidam
1451 1732 1570 1812 antiqui
1588 1733 1674 1794 theo-

127 1820 172 1881 lll.
192 1822 269 1884 Hinc
280 1823 365 1885 idem
376 1824 436 1885 alio
447 1825 481 1885 in
492 1823 560 1885 loco
572 1822 583 1858 ³
600 1844 607 1885 ι
625 1845 641 1883 (ι
653 1825 689 1886 ln
701 1826 851 1905 composi·
897 1824 962 1904 logi
972 1825 1091 1886 nullam
1102 1825 1302 1905 inangelisao
1309 1825 1519 1905 spiritualibus
1530 1825 1673 1887 substan-
1700 1898 1704 1913 Ι

95 1911 620 1996 tione,inquit,esseidomnequod
629 1917 849 1979 inestinorea-
898 1916 1024 1978 tiisesse
1035 1915 1175 1979 accidens
1188 1917 1675 1996 putanuquivelexhoecyrilli

95 2008 163 2079 him,
188 2007 355 2083 cemimus,
379 2008 519 2087 nihilque
549 2009 583 2070 in
612 2009 679 2089 ipsa
706 2010 848 2090 simplex.
897 2009 1074 2071 testimonio
1087 2008 1247 2070 refellendi
1258 2008 1308 2069 vel
1321 2013 1402 2071 certe
1421 2009 1584 2071 commode
1602 2016 1676 2069 sunt

96 2095 176 2174 ipen
195 2099 248 2178 qui
272 2100 426 2179 sapientes
449 2100 524 2161 ahos
547 2100 668 2162 efficere
690 2107 801 2180 potest,
825 2103 852 2164 si
898 2100 1132 2181 interpretandi,
1145 2101 1230 2180 quod
1249 2100 1323 2163 alibi
1341 2100 1441 2162 iacere
1460 2100 1637 2162 studuimus
1650 2098 1673 2161 ⁸.

94 2188 202 2265 pridem
212 2196 336 2252 creatus
346 2196 402 2267 eet,
415 2193 849 2273 nonestipsumetsapientia,
939 2192 979 2254 rit
999 2193 1084 2254 idem
1114 2192 1246 2272 Gyrillus
1274 2191 1348 2253 alibi
1375 2192 1519 2254 disertius
1551 2210 1676 2254 causam

93 2280 207 2361 mdejm
216 2283 377 2364 sapientie
388 2302 457 2363 quse
468 2284 513 2345 illi
522 2285 614 2361 inest,
626 2285 847 2346 administerle
898 2285 985 2346 illam
996 2284 1141 2365 exprimit
1152 2303 1207 2346 cur
1223 2283 1339 2346 nonsit
1354 2284 1542 2365 compositus
1557 2285 1639 2346 Deus
1650 2281 1674 2360 ⁸,

94 2377 143 2432 ete.
158 2375 248 2453 Crrjus
264 2393 337 2437 ουιιι
353 2376 483 2438 subinde
506 2394 630 2438 causam
650 2377 752 2438 reddit
768 2378 853 2458 quod
899 2378 984 2457 quod
1006 2398 1022 2434 ι
1042 2377 1230 2457 principium
1246 2376 1285 2437 sit
1301 2377 1455 2454 omnium,
1475 2376 1554 2437 nihil
1570 2382 1677 2439 autem

94 2461 266 2543 impertitam
286 2469 414 2530 aliunde
432 2469 615 2549 sapientiam
635 2488 672 2531 ac
693 2475 802 2531 catera
820 2470 854 2531 id
900 2469 1474 2550 principioeitanterius;undeneque
1483 2468 1677 2549 compositio-
1709 2460 1711 2464 ’

93 2572 178 2632 genus
197 2559 335 2621 habeant
357 2566 423 2621 tam
450 2560 593 2622 homines
616 2580 711 2641 quam
737 2561 850 2642 angeli,
900 2579 974 2624 nem
991 2579 1101 2641 capere
1120 2561 1246 2623 aliunde
1264 2562 1387 2641 poterit.
1409 2562 1442 2623 Si
1458 2561 1586 2642 quidem
1602 2579 1675 2622 oon·

94 2653 246 2730 uanaque
257 2669 310 2712 res
321 2669 439 2713 omnes.
457 2653 605 2714 «Etenim
622 2659 735 2715 natura
749 2654 851 2715 homi-
901 2672 1010 2718 cursus
1022 2653 1150 2733 qnidam
1161 2652 1348 2733 simplicium
1365 2672 1403 2715 ea
1419 2671 1490 2733 queo
1509 2653 1678 2733 composita

95 2754 159 2801 uum
168 2743 312 2805 universe
324 2744 457 2824 propriis
467 2744 558 2806 bonis
568 2745 695 2823 gloriari
713 2764 778 2807 non
796 2764 852 2826 po-
901 2751 984 2822 sunt,
998 2744 1127 2806 efficite.
1143 2767 1158 2803 >r

93 2834 155 2907 lese
171 2834 223 2896 sed
239 2853 283 2896 ne
304 2836 372 2915 ipsa
393 2836 520 2915 quidem
542 2841 655 2898 natura
677 2843 854 2899 sanctorum
942 2838 1007 2898 Vll.
1032 2839 1147 2899 Praeter
1158 2838 1240 2900 hanc
1250 2856 1324 2900 vero
1338 2837 1678 2918 compositionemque

93 2923 272 3000 neruorum.
299 2927 380 2988 Nam
398 2932 605 3007 preterquam
625 2930 709 3009 quod
727 2935 854 2990 vocatur
903 2949 942 2993 ex
963 2929 1163 3009 qualitatibus
1189 2930 1236 3005 fit,
1261 2929 1330 2991 alies
1353 2933 1427 2991 sunt
1453 2929 1566 3008 quibus
1593 2930 1680 2990 nulla

92 3013 336 3094 ederisteutism,
350 3019 500 3081 existendi
517 3037 641 3100 quoqne
658 3026 778 3082 certum
790 3040 855 3082 mo·
903 3027 1005 3084 creata
1026 3038 1076 3083 res
1091 3039 1195 3082 carere
1222 3026 1338 3101 potest;
1363 3038 1498 3100 quarum
1526 3020 1613 3099 origo
1640 3021 1679 3081 ad

92 3103 158 3167 dum
171 3128 368 3190 unaquaeque
382 3129 432 3172 res
446 3111 539 3172 habet
550 3130 569 3173 a
580 3113 659 3188 lieo;
672 3113 811 3192 nihilque
823 3114 856 3175 in
904 3113 1046 3176 eamdem
1063 3113 1226 3174 creationis
1242 3117 1388 3174 murram
1411 3112 1681 3192 conditionemque

93 3192 156 3276 ipsis
165 3202 407 3265 substantialiter
419 3220 484 3265 esse
495 3204 683 3284 putabimus,
697 3206 781 3285 quod
792 3223 858 3266 non
904 3211 1077 3267 revocatur.
1095 3206 1175 3266 Nam
1192 3205 1356 3285 Dionysius
1372 3204 1492 3266 divinae
1503 3222 1612 3266 ornnes
1622 3204 1682 3285 spi-

123 3388 142 3430 α
164 3377 228 3431 Cra.
255 3377 339 3447 Σοφὸν
362 3375 405 3449 μὲν
426 3377 456 3431 τὸ
476 3378 555 3450 λίγειν
579 3377 653 3450 μηδὲν
675 3376 855 3450 ἔπισυμὸαίνειν
904 3378 956 3453 ἔχει
971 3378 1014 3446 τὴν
1030 3382 1074 3433 τοῦ
1088 3380 1315 3451 δημιουργήσαντος
1336 3378 1419 3452 χάριν·
1436 3375 1524 3431 οὐκοῦν
1541 3374 1682 3448 ἐπειδήπερ

94 3456 202 3529 τῇοὗσίφ
221 3464 267 3512 τοῦ
291 3458 363 3531 θεοῦ,
387 3457 428 3513 διὰ
449 3460 478 3514 τὸ
493 3459 558 3533 ἔχειν
581 3459 657 3527 αὐτὴν
679 3458 703 3522 ἐξ
725 3459 811 3529 ἑαυτῆς
825 3459 856 3514 τὸ
905 3459 929 3515 ἐν
943 3462 1051 3517 συνθέσει
1065 3461 1097 3517 τὰ
1109 3459 1216 3534 γενητὰ,
1242 3468 1295 3534 φῶς
1316 3460 1359 3535 μὲν
1380 3460 1404 3515 ἐν
1421 3460 1505 3522 αὐτοῖς
1519 3458 1589 3513 etate
1613 3458 1684 3514 ἔσται

95 3532 148 3591 εἶναι
155 3542 258 3596 nieles.
904 3545 992 3617 κυρίως
1006 3564 1042 3615 τε,
1061 3546 1101 3598 καί
1117 3543 1238 3615 &Misi
1252 3564 1291 3599 τοι
1306 3544 1451 3615 ἁσυνθίτως,
1466 3543 1587 3617 μεθικτῶς
1601 3541 1628 3596 δὲ
1641 3543 1684 3597 καί

123 3622 138 3678 d
154 3624 218 3680 Cin.
243 3623 293 3679 Ἐν
307 3625 415 3679 συνθέσει
430 3624 462 3679 τὰ
475 3625 539 3680 κατὰ
553 3626 597 3694 την
612 3627 688 3679 κτίσιν
704 3625 818 3698 ορῶμεν,
834 3620 857 3680 ὦ
905 3633 980 3682 τοῦτο
994 3629 1090 3700 φορέσει
1107 3627 1169 3700 μετὰ
1183 3634 1234 3682 τῶν
1249 3627 1332 3681 ἄλλων
1346 3628 1458 3682 laidem
1471 3625 1539 3699 παρὰ
1554 3627 1620 3679 θεοῦ·
1631 3632 1684 3698 φῶς

93 3698 167 3773 vitm,
180 3708 221 3760 xci
233 3704 308 3761 οίυδέν
324 3706 349 3761 ἐν
364 3707 427 3781 ede-fi
440 3708 470 3762 τὸ
491 3707 597 3762 ἁπλοῦν.
613 3707 707 3762 otioso
730 3708 744 3762 ὁ
765 3713 856 3780 <repete
906 3708 932 3763 et
947 3706 978 3763 ab
992 3711 1022 3765 rb
1037 3711 1162 3783 ἀληθινὸν,
1178 3710 1209 3765 το
1223 3711 1329 3783 φωτίζον
1346 3708 1421 3782 ἐστὶν,
1434 3709 1463 3763 οὗ
1478 3710 1507 3763 τὸ
1522 3707 1585 3781 παρ’
1600 3707 1684 3782 ίτίρου

92 3782 346 3863 ίτίροιςδυνᾶμενος,
362 3789 430 3863 είπερ
453 3790 491 3860 είη
505 3791 623 3864 γενητὸς,
645 3790 690 3845 ede
711 3790 859 3864 σίτόγρημά
906 3795 1090 3867 φωτιζόμενον,
1112 3796 1172 3866 ὅπερ
1195 3791 1259 3849 loris
1281 3793 1296 3848 d
1319 3793 1453 3867 μονογενὴς
1479 3790 1504 3844 ie
1530 3791 1617 3864 ἁπλῇ,
1642 3791 1684 3844 καὶ

91 3867 148 3925 ἔστιν
159 3873 176 3941 ί]
188 3875 274 3946 σοφία,
293 3873 359 3927 ἀλλὰ
373 3878 417 3941 τῆς
431 3872 531 3943 ίνοίσης
550 3872 575 3928 ἐν
590 3873 659 3948 etta
673 3874 760 3946 σοφίας
773 3874 857 3928 διάκο·
906 3876 1030 3949 emittm
1051 3877 1183 3950 νοοίμενος
1198 3876 1275 3948 φύσει·
1292 3876 1396 3944 διπλόης
1416 3873 1464 3948 γὰρ
1479 3875 1559 3942 πάσης
1573 3873 1603 3926 τὸ
1617 3873 1683 3929 θεῖον

91 3972 136 4025 ⁹05,
149 3961 202 4012 ele.
907 3959 1041 4033 ἀποφοιτᾷ.

120 4038 189 4095 ill)-
208 4039 257 4093 fiel
273 4039 321 4093 οὒκ
335 4041 365 4094 ἂν
380 4040 444 4102 ma,
461 4038 532 4103 ίδίῠῑ<
553 4039 655 4113 ἇγαθνῗς
668 4038 684 4106 ἦ
699 4047 749 4095 τῶν
764 4040 857 4112 &viperi-
941 4042 964 4099 d
982 4044 1049 4099 Cra.
1068 4043 1127 4104 Πῶς
1147 4038 1191 4096 σίν
1213 4042 1228 4095 d
1248 4040 1331 4112 merle
1347 4040 1499 4113 εὓρεθησετσι
1518 4045 1569 4092 τῶν
1584 4038 1683 4092 πάντων

90 4138 136 4173 τον
149 4118 323 4194 ίνσγλσίζοιτο
341 4122 419 4193 plote·
436 4123 499 4177 ἀλλ’
512 4122 569 4177 ουδὲ
591 4121 607 4191 η
629 4130 679 4178 τῶν
695 4123 770 4196 ἁγίων
785 4123 858 4196 dni·
907 4125 983 4199 ἇρχη,
997 4126 1108 4187 σιίνθετος
1122 4125 1156 4179 ὥν
1171 4123 1229 4179 καθ’
1248 4122 1325 4196 υμᾶς,
1349 4124 1390 4176 καί
1405 4122 1454 4195 οὐχ
1477 4120 1587 4186 ἁπλοῦςς
1602 4121 1684 4174 καίτοι

90 4203 142 4256 λων·
159 4204 221 4276 μετὰ
234 4205 286 4278 γὰρ
300 4210 345 4260 τοῦ
359 4207 491 4274 κεκλῆσθαι
504 4207 565 4279 πρὸς
579 4208 688 4279 γένεσιν,
703 4208 743 4260 καὶ
757 4208 800 4260 τὸν
815 4211 859 4261 τοῦ
907 4213 951 4278 τῆς
970 4208 1049 4282 ἀρχῆς
1069 4206 1139 4263 οὐδὲν
1165 4207 1363 4281 τροεπινοεῖσθσι
1392 4204 1502 4260 δύναται·
1534 4203 1636 4278 μηδενὸς
1657 4202 1684 4257 δὲ

90 4292 136 4349 πῶς
148 4283 209 4341 εἶναι
221 4290 303 4360 λόγον
320 4288 424 4343 ἕκαστον
439 4296 490 4344 τῶν
505 4290 584 4344 ὄντων
600 4289 652 4363 ἔχει
667 4290 734 4362 παρὰ
745 4291 810 4362 θεοῦ,
818 4292 860 4344 καί
907 4292 1130 4365 προεπινοουμίνου
1145 4294 1188 4358 τῆς
1203 4291 1290 4363 ἀρχῆς,
1298 4288 1434 4361 οίὸαμόθεν
1449 4287 1511 4362 ebrii
1527 4287 1557 4341 το
1571 4286 1683 4341 σύνθετον

90 4368 152 4424 dele
166 4370 190 4424 ίν
204 4371 294 4433 ωἰτοῖς
308 4371 435 4435 οὖσιωδῶς
451 4371 594 4447 ἐνυπάρχειν
609 4373 859 4446 δισκεισόμεθα,ὃρη
907 4376 1109 4448 προσγενήσεται·
1133 4372 1185 4428 ἐπεί
1211 4393 1256 4446 περ
1278 4372 1309 4426 τὰ
1330 4373 1432 4427 σιίνθετα
1453 4371 1554 4432 σίνοδός
1576 4388 1613 4432 τις
1632 4376 1683 4424 τῶν

90 4455 162 4525 ιυιῒιρον
183 4453 234 4509 ἔστι
255 4460 302 4523 τῆς
326 4460 371 4509 τοῦ
392 4457 521 4518 κτίσαντος
548 4457 704 4528 φιλοτιμίας,
727 4457 767 4509 καί
791 4455 859 4528 ῥίζαν
909 4456 995 4512 ἁπλῶν
1011 4455 1148 4529 ἐργάζεται.

117 4596 276 4667 'cuiqam
297 4612 336 4653 res
353 4599 462 4652 nummii
481 4599 512 4651 sit
531 4598 615 4661 uanis,
634 4598 698 4651 illam
719 4605 793 4651 umen
815 4613 860 4652 ne·
907 4601 975 4653 minis
988 4600 1080 4653 intexio
1097 4600 1233 4653 innotescet
1245 4597 1414 4653 commem
1428 4597 1540 4665 siquidem
1551 4598 1636 4652 rectus
1649 4603 1686 4652 est

88 4669 179 4735 τίνουσι
191 4674 282 4729 mace
295 4674 411 4739 nolimus,
424 4675 487 4740 qnod
504 4688 549 4726 non
562 4673 668 4726 omnibus
680 4674 730 4727 tore
746 4674 859 4740 tristatam
908 4675 995 4739 dicere,
1014 4676 1074 4743 quod
1087 4673 1172 4741 tripiici
1185 4674 1253 4740 hujus
1269 4688 1313 4726 ms.
1329 4673 1459 4726 testimonio
1472 4674 1551 4741 liquet.
1567 4674 1609 4727 llis
1621 4678 1685 4727 certe

5 4776 6 4783 ι
89 4745 227 4802 meeum.
245 4750 325 4814 ltaque
339 4748 505 4801 omnesones
524 4748 602 4815 Scipio
620 4748 724 4801 Uetteim
742 4753 860 4815 postquem
908 4749 1016 4802 iurebus
1033 4749 1167 4802 Tertulliani
1180 4749 1279 4816 (Adver.
1298 4749 1376 4804 More.
1392 4748 1434 4801 lib.
1454 4749 1492 4801 li.
1511 4764 1562 4816 cap.
1578 4747 1627 4817 ιν.)
1641 4763 1686 4804 ce-

5 4838 7 4853 >
89 4833 114 4871 er
129 4825 191 4876 mira
206 4824 326 4876 causatu
339 4823 512 4876 membranaceo
529 4823 588 4876 libre
601 4824 783 4890 complexiones
797 4822 860 4876 Cec-
909 4823 1070 4877 concilicet:
1086 4825 1207 4877 leverim
1224 4825 1289 4891 quod
1301 4825 1381 4891 priua
1397 4822 1581 4889 Quiu‘geutilttla
1594 4823 1687 4875 nomina

88 4896 182 4951 eodum
198 4901 332 4953 mutiumte
352 4899 434 4967 duplex
446 4900 523 4951 retulit
541 4901 665 4966 specimen,
685 4913 736 4951 mox
757 4899 858 4965 (Pratat.
908 4900 969 4966 apud
982 4900 1098 4951 Romanos
1112 4904 1136 4951 ut
1155 4899 1277 4966 plurimum
1298 4900 1378 4951 iuius
1399 4898 1512 4962 οεείουτο,
1529 4898 1686 4964 pervulgatum

88 4972 118 5022 ed
135 4972 246 5027 taem.
272 4975 394 5041 complere.
415 4989 467 5041 paq.
482 4974 563 5042 xit)
587 4974 663 5027 subdit
685 4991 692 5024 :
720 4993 730 5021 ι
749 4973 824 5026 Habes
836 4974 861 5027 in
909 4980 952 5027 est.
967 4974 1001 5025 Ex
1014 4975 1105 5027 loreia
1120 4981 1187 5040 gente
1204 4973 1406 5029 Cmriodororum
1424 4972 1510 5026 tamdia
1524 4973 1597 5039 primo
1611 4973 1685 5037 lusit,

88 5048 156 5113 pino
175 5050 304 5117 spechniue
326 5062 369 5103 cur
386 5049 487 5103 ευσίοτίι
509 5064 592 5102 nomen
612 5063 669 5102 nove
686 5049 816 5117 scripserim
839 5053 862 5100 et
909 5064 954 5117 qne
967 5049 1081 5102 deindelu
1096 5048 1171 5102 vades
1183 5050 1265 5117 stirpes
1281 5051 1363 5101 iterum
1378 5050 1495 5111 distracta,
1516 5047 1687 5102 desererem

88 5136 150 5177 rems
166 5140 196 5178 aa
209 5126 294 5179 soleat.
314 5125 372 5179 Gom
388 5127 450 5177 enim
467 5130 519 5193 post
535 5129 606 5177 ειίειο
624 5125 809 5192 typographicam
822 5125 862 5176 in·
910 5125 1014 5190 gmtilitii
1032 5125 1131 5177 oomnis
1144 5125 1253 5177 utonem
1273 5124 1369 5176 obtinuit
1387 5124 1410 5174 to
1427 5123 1503 5191 plures
1527 5122 1626 5176 lumilas
1639 5125 1687 5178 dli·

87 5204 171 5252 νιιιιιιι
191 5215 322 5269 nunqua,
336 5201 392 5268 quid
405 5200 515 5263 seinaim,
531 5205 599 5253 unte
611 5201 728 5252 vdmuts
743 5200 862 5254 Cassiodo·
910 5201 963 5262 mei,
984 5199 1073 5251 etamsi
1090 5197 1149 5253 κατ’
1164 5197 1251 5272 ἔξοχην
1269 5199 1299 5251 ab
1317 5199 1357 5251 ille
1370 5198 1524 5265 preferretur,
1539 5213 1591 5266 qne
1603 5206 1688 5255 ιυσίο·

88 5272 161 5329 r'm
172 5276 247 5330 ceder
260 5276 388 5339 mouerit,
403 5279 470 5342 etque
485 5276 510 5327 in
523 5275 635 5328 οιίὶιοιυοι
643 5288 724 5327 marm
732 5273 860 5335 deveneris
910 5292 959 5331 rem
972 5283 1074 5331 omnum
1087 5277 1197 5331 ediderat.
1211 5295 1223 5325 ι
1237 5277 1269 5331 li.
1283 5277 1315 5331 ll.

88 5346 145 5402 itu
162 5351 247 5417 pineis
266 5356 346 5404 σοσιιο
359 5349 500 5413 mnas,
514 5354 540 5403 nt
558 5364 612 5403 vere
627 5350 718 5403 huden
737 5349 805 5415 hujus
821 5362 863 5402 no·

112 5491 188 5547 terp.
205 5491 296 5535 rra-2
306 5491 372 5548 Cpril.
386 5490 425 5537 lili¹
438 5502 497 5537 τιτι.
511 5491 673 5538 Timum-3
684 5489 754 5537 tint
771 5492 797 5536 ie
812 5492 877 5537 Ιοσιι,
894 5502 943 5547 cap.
960 5502 991 5534 ir.
1000 5490 1047 5534 -i
1059 5488 1107 5534 bib.
1123 5489 1172 5534 lde
1187 5489 1263 5544 Λιιςεί.
1280 5498 1329 5543 nep.
1342 5486 1425 5532 tra-5
1436 5487 1485 5533 tit.
1498 5487 1558 5543 lilii,
1576 5490 1685 5535 thesaur.

90 5564 136 5609 σιφ.
146 5564 234 5598 unte.

236 5659 316 5719 Tou.
339 5660 362 5720 l.
1499 5655 1539 5713 tl
