4096 6190
334 312 395 373 too
838 314 1163 389 intumescentis
1182 316 1401 381 [immutuit

335 477 420 539 enim
442 484 553 556 essent,
576 479 636 540 nisi
660 480 1104 564 entiumeusntiu,etpri11-
1154 483 1217 545 Deo
1240 483 1388 555 oberte,
1408 482 1512 561 ipsum
1537 480 1700 561 dedignari
1724 479 1926 545 minimarum

335 570 406 651 cipii
420 590 470 632 res
482 571 545 632 illes
558 572 721 652 participes
738 573 907 634 ferente.»
930 576 1017 648 Quod
1037 577 1106 637 Dio-
1154 575 1390 637 umefactorem.
1402 575 1434 637 Si
1449 592 1523 653 ergo
1536 580 1657 637 creetur
1670 572 1883 647 estomnium,
1896 578 1927 633 et

334 663 443 742 nysius
456 664 600 745 deinceps
625 665 711 725 varie
727 665 897 745 fflspcnsari
911 667 1105 729 administra·
1153 667 1193 728 ad
1212 667 1345 729 minima
1360 686 1460 746 usque
1475 666 1625 746 pertingit
1642 670 1770 745 proptor
1782 664 1924 742 benigni·

333 755 422 834 rique
449 776 506 837 pro
527 762 618 838 captu
639 758 729 819 docet
748 758 963 838 singrdorum3
985 765 1021 820 ιιι
1042 761 1105 821 alia
1152 762 1260 835 tutem,
1275 765 1306 821 et
1319 759 1359 821 ab
1375 759 1522 823 omnibus
1535 759 1666 839 capitur,
1682 757 1786 823 inanis
1804 762 1850 819 est
1862 756 1925 819 luoe·

332 848 401 909 aliis
431 850 548 929 mejore
569 850 684 911 haustu
704 868 743 911 ex
767 851 877 913 eodem
903 853 1104 932 providentie
1152 852 1321 915 reticorum
1337 852 1453 932 species
1473 851 1634 925 amatium,
1650 855 1778 930 propter
1791 850 1926 911 minores

332 940 418 1003 fonte
438 943 600 1003 satientur.
627 943 726 1017 Quem
752 944 793 1006 sd
815 944 918 1005 loemn
945 945 1105 1007 adnotavit
1153 949 1309 1007 ereamrss
1322 945 1510 1024 productum
1527 962 1593 1007 esse
1615 943 1793 1009 suune.»
1817 943 1925 1005 Nonne

332 1035 486 1096 Maximus
499 1036 626 1116 Martyr,
646 1036 758 1097 «Nihil
771 1038 804 1097 in
818 1038 910 1098 rebus
928 1056 1004 1109 esse,
1020 1037 1104 1117 quod
1153 1041 1184 1099 et
1202 1037 1411 1118 Hieronymus
1434 1038 1499 1117 ipsa
1520 1039 1554 1099 in
1571 1037 1701 1099 minutis
1718 1054 1846 1116 quaque
1860 1036 1925 1099 aui·

332 1146 397 1188 non
406 1129 557 1209 particeps
570 1129 624 1190 Dei
634 1129 683 1204 sit,
694 1129 822 1209 ejusque
834 1130 1047 1210 providentiis.
1058 1131 1104 1190 Ex
1152 1129 1302 1207 melundis,
1318 1134 1355 1192 ut
1372 1129 1531 1199 saliemus,
1546 1148 1582 1189 ac
1597 1129 1722 1205 muscis,
1738 1147 1805 1189 non
1823 1128 1925 1191 minus

332 1222 604 1300 quocondudituu
613 1222 733 1284 malum
743 1240 846 1284 oarere
856 1224 1017 1294 exstentis,
1029 1240 1104 1303 quc·
1152 1227 1323 1287 erectorem
1345 1222 1455 1285 mirari
1470 1239 1528 1283 nos
1552 1222 1606 1297 ait,
1622 1238 1719 1300 quem
1737 1220 1772 1283 in
1787 1220 1878 1295 coelo,
1892 1239 1925 1281 ae

332 1314 484 1376 niamDei
493 1333 558 1376 non
567 1320 612 1375 est
620 1315 781 1394 particeps.
793 1315 872 1379 Num
883 1333 923 1375 ex
931 1315 1104 1394 privatione
1152 1314 1313 1383 sideribus,
1334 1321 1389 1378 aut
1411 1315 1518 1377 bestiis
1540 1332 1654 1393 magne
1675 1313 1760 1376 mole
1780 1319 1923 1375 constan-

332 1405 456 1467 bebitus
468 1413 597 1487 apparat
613 1426 620 1467 τ
636 1425 701 1468 non
715 1412 819 1468 sutem
827 1408 931 1488 ipsum
944 1425 1000 1487 per
1013 1426 1056 1482 se,
1068 1427 1103 1470 ec
1151 1405 1254 1468 tibus?
1269 1408 1315 1470 Ex
1336 1425 1399 1488 quo
1420 1407 1515 1469 etiam
1535 1406 1608 1468 vitm
1627 1405 1829 1467 institrrendm
1847 1423 1923 1484 pru-

332 1499 481 1577 primario
496 1500 659 1561 essentiam
672 1498 796 1561 habeti.
811 1522 826 1557 ο
1152 1504 1276 1580 septum
1284 1500 1406 1578 insigne
1420 1499 1556 1560 tradidit.
1570 1497 1732 1560 «Uteuim
1740 1502 1922 1572 creatorem,

373 1592 438 1653 XII.
454 1592 544 1666 Hine,
559 1597 701 1673 utsupra
714 1592 827 1667 vidisti,
844 1593 992 1654 adversus
1005 1593 1103 1655 Plato·
1151 1590 1264 1672 inquit,
1274 1611 1341 1653 non
1350 1593 1384 1652 in
1393 1591 1469 1653 eoelo
1477 1596 1601 1655 ιιιιιιιιιι
1611 1589 1776 1665 miremur,
1788 1593 1920 1659 ettam,

331 1700 415 1752 nem
429 1702 465 1744 ac
475 1683 586 1745 simibs
595 1684 771 1760 sentientes
787 1690 869 1745 reate
883 1685 1025 1765 cyrillus,
1039 1686 1104 1749 elii·
1152 1682 1227 1759 sole,
1249 1690 1280 1744 et
1302 1702 1434 1757 oeeano,
1457 1682 1640 1787 elephantis,
1664 1681 1806 1757 emetis,
1826 1681 1922 1760 sulm,

331 1794 392 1855 qne
412 1778 516 1837 Patres
535 1776 645 1836 iisdem
662 1777 853 1855 argumentis
873 1776 1018 1856 probunt,
1037 1796 1102 1839 non
1152 1775 1264 1853 bubus,
1283 1776 1397 1855 pardis,
1413 1777 1503 1844 ursis,
1521 1774 1679 1850 leonibus;
1694 1773 1825 1837 sedet
1814 1792 1849 1834 m
1864 1773 1920 1837 mi·

327 1867 416 1947 jussu
429 1873 552 1929 ιιοιιιιιι
561 1869 626 1945 liei,
642 1868 696 1929 sed
709 1869 921 1947 manuetiam,
936 1870 968 1931 id
982 1870 1103 1931 esteffi-
1151 1868 1236 1931 nutis
1262 1886 1386 1948 quoque
1418 1866 1615 1938 animalibus
1643 1865 1786 1941 formica,
1816 1865 1919 1939 eulina,

331 1916 1101 2068 dentieproduetesesseresomnes,'quibuss1n-
1151 1960 1275 2038 minas,
1308 1960 1496 2036 vermiculis,
1526 1965 1557 2021 et
1587 1958 1763 2023 istiusmodi
1797 1977 1919 2062 genus,

329 2053 460 2132 gillctim
476 2055 532 2116 Dei
545 2072 629 2123 eure,
650 2059 682 2115 st
706 2054 979 2134 providentiorem
970 2055 1102 2134 guber
1150 2070 1285 2131 quorum
1294 2053 1393 2132 megs
1401 2053 1513 2114 seimus
1524 2069 1663 2131 ωιροτι,
1674 2069 1771 2130 quam
1782 2050 1919 2126 numius,

331 2147 461 2226 narique
491 2166 540 2209 res
571 2147 694 2208 easdem
721 2147 899 2222 adstruunt3
926 2149 1011 2226 quod
1043 2167 1101 2211 nec
1150 2147 1353 2226 eamdemque
1366 2146 1400 2207 in
1414 2144 1727 2209 eunctisveneramur
1740 2142 1919 2209 solertiam:

330 2239 494 2319 indignum
505 2241 544 2301 sit
555 2245 641 2301 tanta
654 2239 812 2318 majestate
821 2258 982 2319 procreare
994 2259 1101 2320 quam-
1149 2237 1192 2301 its
1206 2257 1295 2301 mens
1307 2238 1425 2300 Christo
1437 2237 1541 2299 dedite
1552 2254 1641 2315 mque
1649 2241 1682 2297 et
1691 2236 1726 2299 in
1740 2235 1919 2314 maioribus,

328 2332 403 2394 libet
417 2334 543 2412 exiguas
569 2337 822 2411 contemptusque
840 2350 905 2407 rcs3
919 2338 950 2392 et
963 2332 1023 2393 hoc
1036 2353 1100 2395 non
1150 2335 1181 2390 et
1196 2330 1230 2392 in
1249 2330 1423 2393 minoribus
1435 2330 1556 2393 intenta
1568 2334 1624 2405 est,
1639 2328 1740 2393 ueiens
1757 2329 1855 2393 etiam
1865 2347 1920 2407 pso

328 2426 430 2487 faeere
447 2426 497 2487 vel
514 2425 638 2486 invidiae
663 2426 712 2498 sit,
735 2424 785 2484 vel
807 2423 1035 2502 imbecillitatis,
1051 2428 1101 2488 vel
1149 2423 1247 2485 otioso
1256 2423 1351 2484 verbo
1361 2421 1552 2485 reddendam
1566 2439 1631 2482 esse
1644 2421 1804 2483 rationem
1815 2419 1837 2483 ¹.
1852 2443 1868 2479 ι

328 2518 453 2597 superbi
467 2537 503 2578 ec
517 2517 639 2578 delicati
652 2515 775 2577 instidii
788 2517 862 2589 Qum
871 2515 998 2595 quidem
1010 2535 1102 2596 argu-
1189 2516 1269 2575 Xlll.
1292 2517 1410 2594 Martyr
1430 2533 1554 2594 quoque
1582 2515 1717 2574 lrenaeus
1739 2532 1808 2574 non
1823 2514 1920 2579 solum

329 2609 479 2669 mentatio
502 2609 595 2669 etiem
614 2608 760 2669 adversus
780 2609 911 2674 Arianos
933 2607 974 2668 eb
991 2609 1100 2671 iisdem
1149 2607 1270 2683 omnia,
1299 2612 1330 2668 et
1353 2606 1476 2685 singula
1503 2606 1581 2667 seire
1604 2607 1721 2681 Deum,
1747 2606 1804 2667 sad
1829 2605 1919 2667 etiam

328 2699 501 2774 instruitur,
518 2706 554 2763 ut
572 2719 628 2761 suo
651 2700 718 2761 luco
737 2701 894 2775 dicemus,
914 2701 969 2778 qui
987 2701 1099 2764 Filium
1148 2699 1322 2779 disponere,
1338 2717 1492 2778 seregere
1506 2698 1668 2760 eonfirmet
1680 2698 1842 2763 lumdents
1851 2716 1918 2760 sen-

327 2793 429 2854 solum
443 2791 551 2869 ἆμισωι,
565 2793 599 2853 id
611 2797 667 2869 est,
682 2791 768 2852 nulio
778 2791 944 2872 interposito
957 2794 1100 2871 genitum
1148 2793 1255 2861 tentis,
1274 2793 1308 2854 in
1322 2811 1384 2872 qua
1398 2791 1648 2853 commemoratis
1661 2792 1701 2853 iis
1710 2791 1787 2851 loeis
1799 2792 1839 2853 de
1852 2810 1918 2871 pes-

327 2888 470 2959 uPstre,
491 2905 526 2945 ee
544 2891 739 2964 procreatum
761 2885 927 2963 putebant3
944 2893 1100 2948 creaturas
1148 2903 1252 2947 serum
1280 2891 1523 2964 oeterorumque
1546 2903 1638 2959 curu,
1678 2901 1750 2964 qum
1778 2885 1920 2964 superins

327 2996 401 3039 vero
421 2982 546 3038 caeteras
562 2977 652 3055 jussu
673 2977 803 3037 Patrisu
823 2977 923 3037 Filio:
944 2980 1027 3057 quud
1041 2998 1099 3059 pus
1147 2978 1248 3053 attuli,
1258 2977 1302 3040 its
1314 2977 1420 3039 seribit
1436 2996 1443 3036 :
1460 2976 1566 3049 «Quid
1578 2987 1693 3052 aretem,
1704 2976 1811 3056 siquis
1824 2977 1918 3037 inter-

326 3070 464 3145 heresis,
484 3089 519 3130 ec
537 3088 696 3130 venenum
717 3068 868 3144 indidem,
888 3070 972 3130 unde
990 3077 1099 3134 caetera
1148 3076 1236 3148 roget
1256 3088 1324 3146 nos,
1344 3070 1371 3130 si
1394 3069 1496 3130 omnis
1513 3086 1663 3133 numerus
1680 3069 1835 3143 omnium,
1850 3088 1919 3149 qun

326 3160 390 3223 fero
407 3163 535 3223 illorum
551 3167 694 3241 portentu
707 3166 896 3241 temporum,
913 3181 951 3223 ex
965 3164 1099 3225 Platonis
1146 3163 1318 3237 suntiactu,
1334 3168 1365 3222 et
1377 3180 1448 3240 quiae
1459 3161 1550 3237 fiunt,
1563 3162 1657 3223 scitur
1667 3180 1687 3223 s
1698 3162 1779 3236 ilem
1796 3161 1862 3221 etsi
1876 3180 1920 3223 se-

327 3254 446 3316 leeunis
459 3255 633 3316 derivatum
644 3273 719 3331 esse,
730 3273 780 3317 res
789 3257 855 3335 ipsa
867 3256 988 3316 clamet.
1001 3258 1096 3330 Quin·
1147 3256 1286 3319 cundum
1298 3255 1381 3321 iilius
1394 3254 1623 3335 providentiam
1638 3254 1854 3333 unusquisqne
1867 3273 1918 3316 eo·

328 3347 422 3408 etiem
441 3347 573 3427 Gyrillus
592 3348 819 3409 Alexandrinus
847 3346 941 3430 (quod
963 3350 1097 3429 amplius
1146 3365 1219 3411 rum
1230 3366 1310 3425 eam,
1319 3366 1390 3428 quoe
1398 3347 1675 3419 secundumseest‚
1691 3347 1810 3426 aeeepit
1822 3365 1919 3425 quau

326 3445 382 3515 est,
394 3441 1098 3521 etadcommunemsingulorumprovidentiae
1145 3440 1283 3515 titatem3
1306 3440 1456 3523 nubisque
1473 3438 1744 3515 consentientibus,
1772 3445 1804 3501 et
1821 3439 1916 3501 eonti-

326 3532 524 3593 sanciendum
536 3533 631 3597 iidem
643 3532 795 3613 validius),
812 3534 942 3593 Αιιιιιιοι
955 3533 1097 3613 ista,quae
1145 3533 1291 3609 tentibus,
1305 3533 1379 3613 quia
1388 3533 1468 3597 nibil
1477 3533 1606 3594 omuino
1617 3532 1743 3605 horum,
1754 3548 1826 3609 (τισι
1838 3532 1918 3595 lacu

325 3624 401 3696 dixi,
422 3623 601 3704 prolitentes
620 3644 659 3685 er
678 3625 716 3685 iis
734 3626 899 3705 Scripturm
913 3626 1098 3687 testimoniis
1145 3631 1229 3704 sunt,
1251 3631 1364 3705 etipse
1383 3626 1474 3699 fiunt,
1492 3625 1740 3699 arbanensem
1751 3624 1849 3701 tugit3
1864 3625 1916 3685 ssd

325 3716 478 3792 οοιιιιιιιιι,
517 3717 630 3796 quibus
664 3717 869 3797 singularium
903 3718 1098 3798 providentie
1145 3737 1202 3798 per
1215 3717 1533 3800 illiusprosidentiam
1547 3717 1795 3796 unumquodque
1807 3734 1916 3777 eorum

325 3809 597 3872 nordebertum
621 3810 862 3871 concluditsic:
889 3831 905 3868 ιι
928 3810 1009 3884 Quid
1032 3830 1096 3874 esse
1146 3816 1177 3871 et
1203 3810 1356 3888 habitum,
1383 3815 1414 3870 et
1441 3810 1594 3885 ordinem,
1624 3816 1655 3873 et
1681 3826 1863 3883 numerum,
1885 3814 1916 3868 et

325 3906 425 3979 potest
437 3901 532 3978 imno,
548 3909 579 3963 et
591 3902 774 3982 passerculis
787 3902 890 3977 vilius,
909 3921 1042 3981 quornm
1058 3922 1097 3964 ex
1145 3904 1350 3983 quantitatem
1366 3902 1513 3982 accipere,
1530 3908 1561 3962 et
1578 3902 1729 3980 aceepisse
1744 3902 1911 3981 proprium.

324 3992 463 4056 bonitate
472 3995 699 4074 providentiam
722 4014 758 4055 ec
772 4013 879 4055 curam
889 3994 984 4055 habet
995 3995 1095 4056 Deus?
1145 4000 1176 4057 et
1186 3995 1403 4057 nihilomnino
1414 4013 1515 4075 neque
1526 4013 1617 4070 vene,
1630 4012 1700 4070 nec,
1715 4001 1752 4059 ut
1761 3995 1912 4073 provenit,

323 4085 386 4146 Αιιι
411 4086 567 4164 mornado
606 4105 671 4146 nun
700 4087 845 4165 dignetur
878 4104 943 4148 esse
976 4093 1095 4148 ereatnr
1143 4088 1272 4163 tactum,
1291 4093 1345 4149 aut
1362 4088 1442 4156 fieri,
1459 4089 1514 4150 sed
1531 4105 1603 4151 cum
1616 4104 1732 4166 magus
1747 4087 1910 4166 aptatione,

324 4195 445 4255 eorum,
461 4196 596 4256 quorum
609 4178 836 4258 providentiam
847 4197 912 4239 nun
925 4179 1094 4240 detrectet?
1144 4186 1175 4242 et
1196 4180 1400 4242 consonantia
1414 4181 1558 4255 sublimi3
1574 4186 1606 4241 et
1621 4198 1687 4241 esse
1700 4178 1912 4241 udmirabilem

323 4268 365 4331 Αι
384 4270 434 4330 isti
458 4270 672 4350 imprudenter
687 4272 895 4350 arrogantiam
916 4272 1095 4334 adscribunt
1143 4272 1307 4349 rationem,
1323 4279 1355 4333 et
1365 4290 1437 4334 vere
1451 4272 1601 4347 divinum,
1615 4290 1687 4352 qum
1700 4271 1911 4353 possitbnjus-

360 4575 382 4616 a
399 4557 479 4615 Dios.
505 4557 590 4614 Πάντα
611 4557 653 4632 μίν
676 4552 718 4613 οῦν
742 4559 774 4614 τι
794 4560 855 4614 ὄντα
870 4560 966 4634 μιτίχιι
978 4561 1094 4634 προνοίας
1142 4564 1246 4636 χόρτου,
1258 4561 1441 4633 ιιαιστρωθίων
1456 4559 1635 4634 εὐτελέστεροι,
1651 4555 1687 4615 ὧν
1702 4559 1728 4624 li
1742 4560 1910 4633 ῦγαθόσιτοςι

323 4638 350 4697 ἔτι
363 4646 406 4711 τῆς
419 4640 574 4715 θιιρουαίσο,
585 4643 625 4697 ατί
638 4643 766 4698 παναιτίου
777 4644 892 4713 θεότητος
906 4643 1091 4717 ἐκῦλυζομέιης.
1142 4645 1195 4708 θεὸς
1201 4647 1313 4718 προνοεῖς
1320 4639 1374 4701 sito
1379 4652 1432 4710 πῶς
1438 4646 1468 4701 td
1477 4640 1539 4701 εἶναι
1547 4644 1649 4713 ποιητὴς
1656 4643 1735 4701 elude
1745 4644 1867 4707 άξιιίιιιιιι
1875 4641 1909 4698 ὧν

324 4726 353 4782 οῦ
361 4727 408 4800 γὰρ
416 4730 444 4781 ἂν
452 4723 492 4795 ἦν,
502 4725 522 4780 τί
530 4726 563 4799 μὴ
572 4731 615 4794 τῆς
625 4732 675 4781 τῶν
684 4727 762 4783 ὄντων
771 4727 864 4795 sistus,
873 4728 913 4782 sal
923 4726 1001 4800 ἀρχῆς
1016 4729 1094 4800 μίσει
1142 4727 1171 4785 οὗ
1179 4732 1334 4801 παραιτεῖται
1347 4729 1391 4797 τὴν
1403 4721 1670 4801 τρόιοιανιάλλόθτοι
1680 4729 1755 4800 τῦφον
1768 4727 1812 4782 ιιι
1824 4728 1911 4791 ειδότες

323 4810 405 4882 λήσει.
1141 4813 1310 4885 προσάπτουσι
1330 4818 1368 4886 τῷ
1388 4812 1452 4885 θεῷ,
1476 4814 1589 4887 λέγοντες
1608 4810 1680 4869 uisis
1702 4810 1748 4865 οῦιι
1767 4811 1848 4877 ἀξιοῦν
1861 4817 1909 4865 τῶν

360 4895 377 4952 θ
396 4896 500 4955 Mixtus.
517 4894 548 4951 in
558 4909 618 4967 esp.
630 4911 658 4953 tv
669 4893 786 4952 deCoel.
802 4898 924 4955 literar.
944 4894 1002 4951 Ὅτι
1011 4895 1092 4950 πάντα
1142 4894 1280 4970 ἐλαχίστων
1296 4890 1358 4951 εἶναι
1371 4896 1484 4969 ποιητὴν.
1502 4895 1524 4950 τί
1537 4895 1619 4950 τοίνυν
1628 4895 1728 4953 πάντων
1738 4893 1789 4948 ἐστι
1798 4894 1907 4962 ποιητὴς,

324 4978 355 5032 τθι
368 4977 428 5032 ὄντι
441 4984 485 5046 τῆς
501 4982 544 5031 τοῦ
559 4978 614 5031 θεοῦ
627 4979 743 5049 προνοίας
757 4978 863 5052 μετέχει.
880 4978 993 5052 οὐδὲγὰρ
1003 4974 1092 5033 οῦτείν
1141 4980 1225 5051 φθάνει
1247 4977 1274 5033 δὲ
1292 4980 1333 5033 καὶ
1352 4980 1425 5053 μέχρι
1444 4987 1494 5035 τῶν
1510 4976 1647 5053 ἐλαχίστων
1669 4977 1711 5031 ul
1731 4977 1909 5051 ριλσνθρασισν

323 5063 375 5123 τοῖς
384 5055 451 5114 οῦσιν
462 5059 513 5115 ἔστι
522 5061 552 5114 τι
559 5059 592 5133 μὴ
606 5062 709 5134 μετέχον
720 5066 763 5114 τοῦ
773 5061 837 5115 θεοῦ.
849 5062 914 5116 ὥστε
924 5061 1091 5117 ἀνυπόστατον
1141 5065 1192 5124 τοῦς
1201 5065 1260 5116 πᾶσι
1269 5063 1436 5137 χωρούμενος,
1446 5061 1546 5135 περιττὴ
1556 5067 1606 5115 τῶν
1617 5059 1746 5134 σίρετιτιῶν
1755 5058 1771 5131 ἡ
1780 5061 1907 5133 τρθφσσττ,

323 5143 352 5196 τι
370 5143 461 5209 κακὸν,
488 5141 568 5213 ἐπειδὴ
594 5142 626 5215 μὴ
652 5144 748 5216 μετέχει
767 5147 811 5197 τοῦ
826 5145 881 5198 θεοῦ
900 5143 963 5198 κατὰ
976 5146 1089 5216 στέρησιν
1140 5145 1181 5197 διὰ
1193 5145 1225 5199 τὰ
1239 5145 1313 5218 μικρὰ
1324 5152 1374 5200 τῶν
1388 5147 1529 5217 κτισμάτων
1542 5144 1724 5217 προῦιῦλῆοθσι
1733 5141 1908 5216 λιχιίντοιντθν

323 5224 558 5299 ἕξεωςραινόμενον.
570 5225 626 5278 ἀλλ’
637 5224 960 5299 οῦκαῦτὸιτριοτοτθπιοςθν
971 5223 995 5280 is
1007 5227 1088 5282 οὐσία.
1140 5227 1202 5283 olda.
1225 5226 1295 5286 Vide
1309 5236 1337 5285 et
1351 5227 1458 5299 Dialog·
1474 5227 1509 5285 lV
1521 5225 1558 5285 de
1576 5229 1660 5283 ΊΗιι.

359 5324 374 5364 e
398 5310 492 5365 Grais.
517 5309 564 5366 lib.
594 5310 640 5367 XV
673 5309 813 5367 ΤΙιιοαιιν.
848 5309 878 5363 Τί
897 5310 921 5363 δ’
943 5312 971 5364 ἂν
992 5310 1088 5383 γίνοιτο

352 5502 360 5547 i
373 5501 460 5547 ίίισιιιι.
473 5500 537 5558 epist.
546 5513 582 5555 nr,
594 5500 637 5547 σοί.
650 5501 684 5547 ιθ.
