4134 6182
705 268 1003 343 PROLEGOMENA,
1026 266 1111 332 CAP.
1134 270 1171 329 V.
1698 275 1733 335 31

132 438 205 483 rum
223 420 432 482 necessarium
448 419 533 499 quod
558 418 768 480 demonstratio
786 419 908 494 dieitur,
963 418 1151 496 namusjam
1161 418 1292 480 alterum
1308 439 1363 500 pro
1377 421 1583 483 ἰίσνοτίοιοοί
1596 422 1742 485 solidiora
1816 426 1872 469 stem
1963 386 1965 390 v

131 511 442 594 dtmprobabile
462 512 547 591 quod
564 511 732 573 dideobcas
752 513 912 592 proprium
964 518 1166 591 promentem,
1183 513 1418 575 Emmanuelem
1431 515 1582 578 calecam.
1600 516 1742 579 Hiccon·
1770 480 1915 587 aalma

131 607 285 680 habetur,
318 610 464 666 nanuum
490 605 524 666 in
550 603 661 665 dirimo
688 604 781 666 rebus
813 605 913 686 expli·
965 610 1014 665 tra
1029 603 1151 666 abices
1171 624 1206 666 ao
1221 606 1386 687 Nicephori
1400 610 1515 671 similes
1529 611 1691 689 quosdam,
1707 630 1745 672 ex
1780 588 1913 631 “amm‘'

131 701 240 762 condis
253 699 330 761 utile
344 718 410 760 esse
423 697 528 779 possit.
550 700 620 759 Non
636 697 722 778 prius
752 716 760 757 ε
792 720 806 755 ι
832 701 912 760 Nam
967 700 1076 760 eadam
1099 700 1226 774 Groeaia,
1250 701 1363 780 quibus
1389 708 1477 765 erant
1497 705 1556 765 ista
1575 704 1697 766 fastidio
1716 710 1746 766 et

132 792 364 855 aestimantem
389 791 523 852 sciendas
536 791 826 852 demonstrationem
845 810 916 853 oon-
968 792 1022 871 qai
1064 791 1273 872 Apostolicum
1294 795 1373 857 illud
1404 796 1610 877 usurpabant,
1636 798 1669 857 io
1690 796 1747 859 ι’ίίο

8 938 9 945 ,
133 906 268 968 sequens
294 892 341 949 est
369 885 590 966 propositiones
616 886 739 965 exigere
766 890 864 947 certas
884 891 916 946 et
964 885 1207 966 sapientiooerti
1219 889 1479 950 eoooouricroeem
1503 889 1620 952 Ctraa'
1632 899 1655 961 ¹,
1671 910 1747 952 oon·

133 982 301 1057 comesos,
331 996 402 1060 qrtae
420 979 624 1040 demonstrari
636 985 792 1058 nequeant
813 986 844 1040 et
857 980 918 1040 sint
967 984 1017 1040 tra
1033 979 1114 1054 illos,
1130 979 1270 1059 inquam,
1293 982 1458 1044 robustiori
1480 1002 1575 1063 agens
1595 985 1745 1061 oratione,

133 1076 334 1137 oonolmione
349 1074 495 1150 notiores,
511 1090 641 1133 assuero
661 1073 711 1133 vel
728 1072 915 1147 inductione,
969 1073 1106 1153 primum
1132 1074 1244 1154 exeipit
1278 1076 1321 1137 sio
1345 1095 1352 1133 τ
1377 1099 1391 1133 ε
1415 1078 1473 1152 Qui
1499 1076 1693 1157 syllogismos
1714 1086 1746 1139 et

134 1170 183 1232 tal
207 1170 364 1244 sensibus,
384 1169 436 1230 val
456 1168 643 1248 experientia
663 1167 832 1228 manifestae
846 1168 918 1228 red-
972 1168 1254 1247 argumentationes
1266 1169 1388 1249 penitere
1401 1171 1536 1232 excludit
1549 1191 1567 1231 a
1580 1171 1747 1252 theologia,

135 1265 267 1337 dantum
292 1263 397 1324 nullus
410 1263 477 1323 istic
491 1262 747 1341 argumentationi
762 1261 847 1323 lactis
860 1262 917 1336 est,
970 1260 1107 1340 primum
1130 1260 1162 1321 id
1183 1262 1266 1340 quod
1289 1262 1433 1325 humanas
1452 1269 1569 1326 natura
1590 1265 1749 1345 proprium

136 1374 206 1440 quas
221 1374 263 1420 ax
284 1358 516 1420 demonstrandi
533 1356 657 1418 scientia
684 1356 853 1433 coniicitur,
883 1374 920 1417 eo
973 1359 1019 1416 est
1033 1361 1063 1415 et
1082 1354 1245 1415 hominum
1262 1356 1342 1417 inter
1362 1376 1394 1418 se
1413 1357 1603 1438 colloquium
1621 1364 1653 1420 et
1664 1377 1750 1419 com-

137 1453 222 1533 qnod
241 1451 284 1513 ad
298 1451 570 1532 mntemplandum
584 1449 722 1511 difficiles
746 1455 817 1510 sunt
842 1450 922 1511 divi·
974 1448 1152 1508 munionem
1165 1448 1253 1509 tollet
1274 1451 1420 1527 emedio,
1437 1456 1505 1511 tinn
1518 1451 1646 1513 beatum
1668 1452 1750 1512 Pau-

138 1564 254 1607 nuum
281 1564 388 1608 rerum
411 1547 563 1622 rationes,
590 1546 922 1627 nequeeomprehendi
974 1542 1041 1601 lum
1053 1542 1220 1621 redarguet
1229 1544 1505 1623 reprehendentem
1514 1564 1577 1622 eos,
1593 1544 1753 1625 quiesea-

139 1646 270 1720 possunt
283 1639 310 1702 ⁰.
326 1664 340 1697 r
358 1641 439 1701 Deus
458 1640 552 1713 enim,
568 1644 603 1698 ut
614 1656 652 1699 ex
666 1639 791 1701 Platone
805 1640 923 1719 Grego-
974 1634 1177 1716 pectabilibus
1190 1635 1283 1697 rebus
1294 1636 1333 1697 de
1353 1638 1416 1698 Deo
1434 1639 1610 1700 ratiocinari
1624 1639 1752 1699 minime

140 1734 205 1794 rius
231 1734 449 1794 Nazianzenus
480 1738 642 1808 memorat,
665 1738 733 1793 tum
759 1731 923 1793 difficulter
975 1735 1141 1810 potuerunt
1163 1735 1194 1791 et
1216 1748 1254 1791 ex
1270 1731 1417 1791 crastinis
1442 1750 1608 1812 agnoscere
1632 1734 1752 1795 Greato

141 1826 286 1907 intelllgi,
302 1834 372 1887 tum
389 1844 428 1887 ne
463 1825 609 1906 explicari
634 1826 761 1906 pidem
783 1844 924 1887 sermone
975 1822 1174 1889 rem2.Vitio
1190 1823 1224 1885 id
1237 1823 1330 1884 etiam
1343 1829 1440 1886 vertet
1452 1825 1614 1905 theologie,
1629 1826 1694 1887 sive
1713 1827 1752 1888 de

141 1926 252 2002 pom,
975 1916 1144 1995 iisquaead
1162 1916 1341 1996 hypostases
1356 1918 1496 1995 attinent,
1512 1920 1623 1980 sivede
1641 1920 1752 1981 dimna

180 2014 830 2097 Porronequeposteriussyllogismigenus,
841 2016 924 2095 quod
977 2010 1222 2090 processionibus
1235 2002 1473 2091 disputantibus.
1490 2013 1571 2087 Quin
1582 2014 1677 2094 ipsius
1687 2013 1751 2075 Sal·

142 2109 342 2171 dialeotieum
355 2108 477 2184 dicimo,
492 2109 526 2169 in
544 2109 603 2169 hoa
616 2109 740 2188 negotio
753 2109 924 2188 quidquam
977 2105 1091 2165 ramus
1117 2105 1298 2166 sententiam
1330 2105 1542 2182 labefactabit,
1582 2124 1645 2186 qua
1672 2127 1754 2169 soru-

144 2203 247 2279 affleit,
265 2203 416 2282 quoniam
431 2221 469 2263 ex
480 2201 686 2282 opinabilibus
701 2220 737 2262 ao
751 2201 926 2263 verisnnili·
976 2200 1036 2259 tari
1049 2200 1220 2279 Scripturas
1229 2199 1319 2277 jubet
1332 2208 1357 2260 ³.
1379 2200 1576 2280 Perspicuum
1599 2207 1645 2261 est
1657 2203 1752 2278 assim,

141 2296 430 2358 bustmtummodo
446 2296 593 2376 procedit,
606 2296 723 2374 quiem
736 2295 927 2357 veumhsin-
979 2308 1051 2353 eum
1074 2293 1128 2373 qui
1159 2293 1331 2373 So1ipturas
1355 2298 1574 2375 perscrutatur,
1599 2314 1663 2356 non
1696 2296 1755 2356 nisi

143 2390 381 2469 vestigationem
389 2387 926 2469 imbecilliasuntetsophistisquam
979 2384 1222 2465 argumentando
1243 2383 1375 2466 legere‘.
1399 2409 1413 2444 ν
1437 2388 1491 2447 llis
1505 2387 1656 2468 adjungit,
1672 2389 1757 2450 Chri-

143 2481 299 2563 theologis
313 2482 444 2564 aptiora.
979 2484 1060 2540 stum
1087 2479 1180 2540 etiam
1206 2479 1371 2541 Dominum
1385 2479 1571 2561 syllogismis
1594 2500 1658 2543 nou
1684 2500 1755 2544 raro

183 2576 277 2649 Quod
297 2581 403 2636 autem
423 2574 516 2653 objioi
532 2579 643 2656 potest,
664 2576 758 2636 etiam
784 2576 927 2656 antiquos
978 2590 1070 2633 usum
1083 2590 1160 2648 osse,
1175 2572 1260 2633 velut
1278 2592 1350 2633 oum
1372 2574 1415 2633 sio
1435 2575 1527 2635 infert
1542 2593 1549 2634 z
1566 2576 1663 2636 Porro
1675 2576 1703 2636 si
1724 2576 1755 2637 io

144 2670 213 2731 illos
248 2671 356 2730 Patres
390 2666 574 2749 syllogismis
601 2675 633 2730 et
662 2670 928 2748 argumentatione
978 2664 1074 2745 digito
1092 2662 1149 2726 Dei
1163 2664 1254 2745 ejicio
1289 2665 1446 2742 demonio,
1464 2668 1597 2748 profecto
1621 2669 1757 2749 pervenit

146 2782 218 2826 υνοσ
232 2780 302 2825 ease
313 2762 467 2824 divinisin
480 2762 573 2824 rebus
586 2762 784 2842 exponendis,
800 2762 858 2823 hoo
872 2763 927 2823 Ni·
980 2758 1012 2819 io
1031 2776 1080 2821 oos
1098 2774 1219 2841 regnum
1239 2756 1298 2821 oet
1324 2756 1350 2822 ⁴.
1378 2761 1415 2820 Et
1437 2761 1475 2824 Si
1498 2770 1597 2823 aetem
1616 2769 1644 2823 et
1669 2760 1758 2824 Sota-

146 2858 302 2939 oepborus
324 2856 370 2916 ita
390 2855 557 2917 dissolvit:
591 2877 604 2911 ι
629 2857 698 2918 Non
711 2857 752 2917 ad
767 2856 927 2917 Delnatu-
980 2872 1032 2913 aas
1047 2852 1079 2913 in
1094 2852 1219 2932 seipsum
1237 2850 1350 2913 diuisus
1370 2861 1426 2932 eat,
1449 2852 1589 2934 qooroodo
1604 2855 1696 2916 stetit
1713 2876 1758 2918 re·

146 2950 290 3027 samuel
302 2949 524 3031 proprietatem
535 2948 761 3029 exphoandam,
772 2968 873 3029 nequa
887 2949 928 3011 ad
980 2964 1069 3026 yrum*
1090 2945 1153 3026 ejus
1173 2943 1210 3004 ⁵?
1238 2947 1314 3007 ltem
1342 2962 1414 3007 oum
1444 2947 1503 3007 ait:
1530 2946 1598 3009 Noa
1612 2956 1655 3008 est
1679 2949 1758 3010 Deos

146 3046 208 3107 hoo
227 3042 501 3122 doeendum,quid
523 3047 601 3104 esset
613 3045 770 3123 generatio
790 3044 859 3106 Filii
879 3044 929 3106 vel
981 3048 1185 3111 οιονίοονοοι,
1208 3037 1259 3100 sed
1279 3035 1477 3114 οιόαοίίοοιθ,
1513 3043 1543 3098 et
1559 3037 1621 3098 alia
1648 3039 1759 3118 hujus-

148 3139 284 3220 Spiritus
296 3137 393 3199 sancti
399 3138 562 3217 processio,
574 3136 643 3197 illos
657 3145 839 3217 argumenta
848 3157 930 3200 eom·
982 3133 1113 3209 asmodi,
1129 3151 1199 3211 quae
1213 3132 1369 3211 pessimat
1379 3132 1412 3192 in
1423 3132 1567 3192 omnibus
1579 3131 1690 3194 Christi
1699 3154 1759 3195 ser·

148 3251 290 3315 parasse,
309 3231 364 3292 sed
391 3247 429 3291 eo
449 3231 550 3310 potius
568 3237 604 3291 ut
622 3230 765 3292 indecora
783 3232 816 3292 in
840 3232 930 3293 theo-
981 3227 1126 3288 monibus
1139 3230 1313 3288 occurrunt.
1327 3248 1341 3283 ι
1355 3225 1549 3287 Adhaecsibi
1562 3225 1622 3303 ipsi
1635 3246 1760 3307 quoque

147 3328 267 3408 logiam
292 3323 483 3405 prosilientes
508 3330 735 3404 oompescerent
758 3311 781 3387 ⁶.
806 3324 931 3386 »Plura
982 3322 1152 3384 conbmius
1170 3322 1223 3382 ille
1245 3321 1346 3396 fuerit,
1371 3320 1414 3381 ait
1434 3321 1517 3381 idem
1536 3323 1671 3397 Calecas,
1684 3340 1759 3383 nam

148 3421 269 3483 ibidem
299 3420 364 3480 alia
395 3420 543 3499 congerit,
576 3425 607 3480 et
639 3441 655 3477 ε
685 3419 778 3481 italos
810 3425 929 3501 postre-
983 3434 1053 3495 qua
1079 3421 1186 3477 contra
1209 3413 1506 3495 argumentationem
1534 3415 1618 3491 dioit,
1645 3432 1682 3475 ea
1699 3416 1759 3476 nisi

149 3535 203 3578 mo
229 3516 334 3578 ridere
357 3533 390 3576 se
410 3534 446 3576 ao
475 3514 681 3595 reprehendar
704 3514 821 3589 asserit,
846 3515 930 3594 quod
982 3511 1226 3592 argumentando
1253 3510 1391 3590 loquitur
1408 3509 1429 3568 '.
1460 3531 1474 3565 s
1504 3511 1560 3571 Cui
1587 3510 1698 3571 rationi
1718 3511 1760 3570 si-

150 3611 230 3672 odeo
249 3616 369 3672 mere
390 3626 426 3669 ao
455 3608 587 3689 superbe
618 3608 652 3668 in
677 3607 866 3686 theologiam
886 3607 931 3667 in-
982 3605 1089 3666 milem
1113 3603 1282 3684 quamdam
1308 3603 1432 3664 adducit
1459 3602 1599 3665 Clemens
1630 3604 1761 3665 Alexan·

149 3705 255 3766 siliant
268 3703 293 3765 ⁶.
311 3727 326 3761 ν
983 3699 1091 3760 εἰσίοιεν
1107 3699 1141 3759 in
1155 3700 1240 3758 sexto
1249 3697 1453 3772 stromateon,
1468 3697 1524 3757 ubi
1540 3698 1647 3759 asserit
1668 3697 1761 3777 «phi-

192 3801 250 3862 111.
270 3799 378 3860 Graeoo
395 3797 468 3859 huic
490 3793 746 3877 disputationibus
760 3813 796 3855 ac
815 3794 931 3856 dialec
983 3792 1211 3873 losophandum
1235 3811 1300 3854 esse
1338 3791 1389 3853 vel
1411 3793 1438 3851 si
1463 3793 1592 3854 minime
1622 3793 1760 3873 pbiloso-

148 3892 218 3954 tiois
232 3898 266 3954 et
278 3890 499 3973 philosophicis
509 3887 728 3951 subtilitatibus
740 3888 819 3948 irato
833 3905 931 3968 oppo-
984 3885 1143 3966 pheodum
1152 3890 1207 3946 est.
1221 3886 1291 3946 Non
1300 3883 1383 3945 enim
1394 3883 1607 3964 improbariac
1619 3885 1762 3947 damnari

184 4099 204 4137 a
222 4080 338 4137 Naum.
361 4080 447 4135 Gaea.
464 4074 515 4134 lib.
536 4078 569 4133 ll.
592 4074 622 4129 Ei
640 4075 687 4147 γὰρ
701 4075 745 4143 τήν
772 4073 928 4148 ἔπιστηρονι·
1020 4074 1148 4130 dCttnc.
1172 4071 1219 4125 lla
1238 4092 1276 4126 τοι
1294 4090 1322 4144 γε
1341 4070 1363 4125 εἰ
1384 4067 1427 4144 γεὲν
1447 4069 1461 4124 6
1480 4074 1555 4126 ταῦτα
1576 4069 1656 4141 λίγων
1675 4070 1760 4134 ἁπλῶς

148 4164 195 4233 κήν
210 4161 334 4224 ἀπόδειξιν
341 4160 545 4234 ὁμολογουμένων
554 4179 590 4226 τε,
601 4159 641 4212 καί
650 4157 828 4211 ἀναποδείκτων
837 4157 930 4211 δεῖσθαι
981 4157 1092 4212 traua
1108 4158 1137 4211 τδ
1153 4157 1347 4229 συλλογίζεσθαι,
1359 4153 1509 4228 πρῶτονμὲν
1521 4156 1550 4209 τδ
1564 4160 1606 4224 τῆς
1614 4154 1764 4228 ἀνθρωπίνης

149 4252 306 4324 προτάσεων,
319 4250 361 4302 καί
373 4247 616 4321 γνωριμοντίρωντοῠ
624 4245 825 4318 συμπεράσματος
836 4243 929 4311 ἕπεται,
981 4243 1074 4314 φύσεως
1083 4240 1157 4309 ἴδιον,
1170 4242 1210 4294 καί
1220 4241 1263 4310 τήν
1277 4242 1338 4313 πρὸς
1349 4240 1471 4308 ἀλλήλους
1491 4245 1540 4294 τῶν
1556 4239 1689 4313 ἀνθρώπων
1706 4240 1762 4314 θμε-

150 4330 224 4388 αδται
235 4333 289 4402 bib
310 4331 437 4405 ἀπαγωγῇ,
451 4333 466 4401 ή
482 4329 600 4400 αἰσθήσει,
619 4331 634 4398 ή
652 4327 763 4402 ἐμπειρίᾳ
777 4328 875 4400 φανεραί
890 4327 930 4400 γί-
982 4327 1038 4379 λίαν
1052 4325 1185 4398 ἀναιρήσει,
1197 4325 1236 4378 καί
1250 4325 1387 4391 κοινωνίαν,
1401 4324 1441 4377 καί
1460 4320 1578 4397 μέμψεται
1594 4322 1637 4396 μὲν
1656 4324 1698 4378 τδν
1713 4346 1760 4397 μα·

148 4437 263 4493 γνοντιι,
278 4418 323 4472 sta
336 4416 402 4472 ἔστιν
412 4418 459 4489 ἀρα
470 4414 654 4487 συλλογίζεσθαι
667 4415 720 4467 κατ’
739 4411 872 4484 ἐπιστήμην
886 4412 931 4484 γήν
983 4412 1066 4484 αάριον
1086 4410 1184 4463 Παῦλον
1207 4407 1356 4481 ἐπιτιμῶντα
1375 4411 1428 4472 τοῖς
1453 4408 1493 4462 διά
1511 4414 1559 4462 τῶν
1579 4408 1709 4486 δρωμένου
1731 4411 1759 4465 οὗ

150 4500 325 4570 ἀποδειππαήν
335 4500 454 4554 ίντσωθοί·
468 4499 647 4570 δυσθεωρήτους
669 4495 716 4570 γάρ
735 4501 790 4557 τοῦς
809 4496 865 4567 περί
882 4500 931 4549 τῶν
984 4496 1104 4563 δυνηθεῖσι
1117 4492 1172 4565 περί
1183 4497 1226 4547 τοῦ
1237 4493 1299 4547 Θεοῦ
1310 4492 1510 4566 συλλογίσασθαι,
1529 4491 1568 4546 καί
1588 4492 1637 4547 est
1648 4499 1697 4548 τῶν
1708 4514 1760 4549 τιτι·

150 4587 227 4641 θείων
242 4580 305 4639 εἶναι
318 4586 418 4656 λόγοις,
433 4582 472 4636 καί
491 4582 557 4654 μάλα
572 4580 763 4655 ἀπαταλήπτους.
985 4579 1084 4651 apator
1096 4576 1224 4650 ἐπιγνῶναι
1237 4577 1279 4631 τδν
1295 4579 1407 4647 ποιητήν·
1424 4576 1575 4650 papissae
1589 4577 1628 4630 καί
1640 4579 1695 4642 τους
1706 4581 1761 4633 θεο-

189 4672 206 4727 b
222 4670 297 4729 ibid.
307 4668 342 4724 Οθ
356 4668 403 4742 γάρ
425 4666 467 4720 ἵνα
479 4665 588 4730 δείξωσιν
601 4663 652 4718 οὔθ’
666 4666 691 4731 θ,
706 4663 730 4717 τί
744 4661 794 4718 ἔστι
807 4662 851 4731 τήν
864 4662 933 4734 ρίσιν
984 4664 1073 4735 λόγους
1086 4660 1135 4717 sits
1147 4663 1203 4734 περί
1222 4667 1271 4716 τῶν
1284 4661 1461 4728 θποστατιιιῶν,
1476 4659 1526 4716 είτε
1547 4663 1601 4735 περὶ
1620 4669 1669 4717 τῶν
1690 4665 1760 4718 θείων

148 4758 166 4814 δ
179 4760 256 4827 θεδς,
265 4756 318 4812 οὔθ’
330 4758 357 4823 ὅ,
375 4755 399 4810 τί
417 4753 482 4809 ἔστιν
500 4752 553 4807 eloi
572 4752 692 4824 γέννησις,
713 4747 763 4804 ott‘
779 4751 804 4816 t,
825 4750 849 4803 τί
869 4748 932 4803 ἔστιν
985 4749 1097 4821 προόδων
1116 4747 1310 4820 διαλεγομένους·
1319 4746 1442 4819 ἀναιρήσει
1455 4745 1481 4800 ot
1494 4747 1533 4800 καί
1545 4747 1588 4815 τήν
1601 4751 1644 4802 τοῦ
1651 4755 1761 4821 σωτῆρος

149 4846 300 4917 Πνοίγεστσς
308 4841 380 4917 ἁγίου
389 4839 536 4913 ίτιποροισις·
550 4838 606 4891 ἀλλ’
618 4837 659 4891 ἵνα
673 4837 767 4909 μᾶλλον
781 4835 864 4897 ἄλλως
878 4833 931 4888 ίπί·
985 4832 1105 4903 ἀπόφασιν
1116 4831 1211 4903 ἔροινᾷν
1224 4831 1266 4893 τὰς
1273 4829 1364 4903 γραφὰς
1377 4828 1557 4886 ἐπιπάττουσαν·
1572 4831 1600 4884 oi
1613 4831 1660 4904 γάρ
1668 4832 1760 4901 ἄδηλον

153 4948 242 5004 quae
254 4927 313 4989 τοίνς
324 4922 435 4989 ἀπόσιτος
447 4930 479 4997 τῇ
495 4919 788 4993 θιολογίαάπιπήδῶντας.
985 4919 1024 4972 ὅτι
1035 4917 1239 4988 συλλογιζόμενος
1249 4915 1313 4978 δτάς
1323 4915 1414 4988 γραφὰς
1426 4913 1527 4988 ἐρευνῶν
1537 4914 1711 4986 ἀναγνώσεται.

188 5012 294 5071 elbid.
318 5009 385 5082 Ἐγὼ
397 5006 632 5078 τοίνννίισπιρτοθς
647 5003 881 5077 Ἰταλοδςδιασθρω,
892 5003 933 5057 καί
1021 5017 1036 5057 a
1053 5001 1149 5057 Catnc.
1168 4998 1274 5054 ’Ἔπειτα
1292 5001 1479 5072 προσαναιρήσει
1499 4998 1538 5050 ναί
1563 4996 1656 5052 ἑαυτόν·
1679 5001 1695 5053 ἀ
1712 5001 1760 5074 γὰρ

151 5099 287 5172 μέμφομαι
301 5093 394 5167 ίτειγῶς
405 5093 507 5160 οίντωσί,
518 5092 558 5145 καί
566 5090 627 5164 μετὰ
639 5090 734 5158 πολλῆς
745 5092 789 5156 τῆς
801 5087 932 5160 θρρίσςιῇ
986 5086 1047 5141 κατὰ
1056 5090 1100 5140 τοῦ
1113 5085 1300 5158 σνλλογίζεσθαί
1313 5103 1383 5156 φησι,
1398 5084 1602 5155 συλλογιζόμενος
1615 5083 1704 5157 λίγειν.

155 5181 279 5254 ‘ebrie
291 5177 470 5248 leam,
486 5184 540 5233 so.

182 5391 195 5434 t
213 5385 290 5433 icor.
302 5395 320 5437 1,
335 5380 407 5431 tl-
423 5381 511 5429 anon.
526 5391 550 5432 1,
563 5379 602 5429 2⁰.
619 5382 705 5437 etsrrp.
723 5390 777 5432 1111,
790 5380 827 5428 tt.
847 5384 870 5428 t.
889 5400 914 5413 -
935 5374 1030 5426 etas.
1047 5389 1070 5429 ν,
1087 5377 1124 5424 st.
1142 5399 1166 5410 -
1180 5373 1194 5419 l
1208 5373 1255 5422 lta.
1272 5383 1305 5425 xi,
1321 5370 1358 5419 αθ.
1374 5394 1400 5405 -
1420 5368 1434 5416 b
1451 5370 1500 5417 lac.
1511 5380 1547 5424 ru,
1562 5370 1600 5417 ts.
1614 5392 1639 5402 -
1652 5367 1665 5412 o
1678 5367 1759 5414 θυοδ·

149 5471 221 5507 mx.
