4030 6204
313 406 373 467 530
816 405 1141 468 rflaououluoaun
1166 404 1384 468 munerun

314 572 456 634 ethnicus
470 571 633 633 Sallustius
645 588 747 652 nuper
769 570 870 634 editus
891 574 925 635 in
950 572 1030 635 libro
1050 572 1085 635 dc
1133 572 1292 633 innumeri
1306 571 1346 633 ab
1365 571 1501 651 antiquis
1522 570 1629 651 scripti
1641 569 1813 646 suntlilrri,
1828 588 1898 651 quo·

313 662 551 728 ussermann.
568 662 639 741 Ubi,
655 682 727 725 eum
740 665 860 727 malum
872 665 950 727 nihil
961 684 1037 743 essa,
1053 666 1085 727 id
1135 684 1207 727 rum
1225 670 1331 726 extant
1348 664 1503 744 hodieque
1525 681 1590 724 non
1603 665 1703 743 pauci,
1714 669 1752 724 ut
1764 664 1901 743 wamiis

315 761 360 819 est
382 761 526 817 nonnam
538 756 654 817 hahere
678 758 798 818 nullam
821 758 1013 835 ostendisset,
1028 777 1085 838 po·
1134 777 1199 819 non
1213 758 1341 819 omnino
1356 776 1428 837 pars
1438 756 1492 817 illa
1505 756 1721 836 disputationis
1735 756 1901 819 omittenda

315 854 379 910 stea
401 848 581 928 singillatim
607 849 707 925 docet,
725 869 856 931 cneque
877 852 910 911 in
925 853 988 912 Diis
1008 869 1083 929 esse,
1134 850 1183 925 sit,
1208 849 1357 930 quoniam
1376 849 1416 909 ad
1440 849 1617 909 institutum
1644 853 1789 909 nostrum
1816 848 1898 923 iacit;

315 958 417 1020 neque
430 941 642 1017 inmentibus,
658 960 760 1022 neque
773 943 806 1003 in
833 944 958 1020 animis,
982 962 1086 1023 neque
1134 960 1200 1003 non
1221 946 1327 1003 tamen
1347 941 1470 1020 longius
1483 958 1521 1001 ea
1533 940 1736 1020 propaganda
1754 941 1805 1015 sit,
1822 940 1901 1000 nein

315 1034 349 1094 in
372 1034 561 1114 corporibus.
591 1035 671 1096 Nam
684 1036 718 1095 in
735 1035 794 1096 diis
807 1054 872 1096 non
892 1037 990 1112 inest;
1011 1054 1087 1116 quo-
1134 1052 1169 1095 re
1178 1033 1270 1111 facili,
1280 1039 1311 1094 et
1318 1033 1440 1112 vulgari
1448 1033 1535 1093 abuti
1545 1033 1708 1094 videamur
1718 1038 1899 1109 mmnosuo,

315 1126 401 1187 niam
440 1127 520 1188 Deus
545 1128 647 1187 omnis
668 1126 839 1188 bonusest.
864 1129 952 1203 Quod
969 1129 996 1189 si
1016 1129 1087 1208 quis
1135 1127 1347 1207 quameruditi
1360 1126 1482 1187 lectoris
1493 1125 1568 1203 otio,
1584 1142 1656 1187 cum
1670 1125 1710 1187 ad
1722 1125 1785 1186 alia
1798 1124 1902 1186 utrim

315 1219 540 1280 mentemdieat
552 1236 617 1279 esse
628 1219 898 1296 malam,mantem
910 1220 1087 1283 dementem
1135 1219 1470 1300 queiestinetanimus.
1651 1210 1656 1217 ’

316 1328 380 1371 essa
394 1311 477 1373 dicit.
493 1311 549 1373 Sin
560 1313 708 1390 animam,
731 1312 915 1374 deteriorem
930 1331 999 1374 eam
1012 1332 1086 1374 con·
1176 1313 1263 1387 Quod
1273 1312 1367 1391 igitur
1381 1330 1420 1372 ex
1429 1311 1630 1391 antiquorum
1645 1310 1790 1371 omnium
1809 1311 1901 1372 moni·

317 1403 414 1463 stituit
439 1421 580 1482 corpore.
597 1404 719 1464 Etenim
746 1422 857 1483 corpus
878 1423 971 1466 omne
986 1423 1042 1485 per
1054 1424 1087 1468 se
1135 1405 1248 1465 mentis
1261 1404 1464 1483 doctrinaque
1484 1403 1658 1482 colligitur,
1679 1402 1741 1464 hoc
1762 1403 1901 1471 deiilare

316 1494 434 1555 malitia
452 1502 546 1557 caret.
571 1496 626 1558 Sin
640 1497 798 1557 exanima
818 1503 849 1558 et
863 1516 991 1578 corporo
1011 1500 1087 1560 oriri
1136 1497 1242 1578 paucis
1270 1496 1476 1576 explicamus:
1501 1496 1582 1557 nihil
1604 1512 1681 1567 esse,
1706 1514 1744 1557 ac
1766 1514 1809 1557 ne
1835 1496 1901 1576 fingi

317 1592 416 1667 putat,
444 1605 510 1647 non
543 1593 589 1648 est
615 1588 754 1665 rationis,
789 1595 929 1668 separata
962 1590 1088 1669 quidem
1137 1591 1262 1670 quidem
1276 1608 1365 1669 posse
1388 1588 1567 1670 simpliciter
1591 1588 1721 1659 malum
1749 1589 1901 1669 quodnon
1923 1602 1975 1674 sa

317 1678 409 1739 ambo
436 1697 502 1740 non
534 1698 599 1740 esse
628 1680 727 1755 mala3
763 1681 978 1742 convenientia
1013 1702 1087 1744 vero
1136 1682 1220 1743 bono
1232 1682 1324 1743 alicui
1337 1682 1377 1742 sit
1385 1682 1577 1760 acijunctum.
1594 1682 1718 1742 Etenim
1731 1700 1806 1742 cum
1823 1684 1901 1743 essit

317 1771 410 1831 simul
423 1772 574 1832 malitiam
583 1772 714 1833 efficere.
729 1775 799 1834 Jam
814 1773 839 1833 si
850 1773 1007 1835 demones
1020 1776 1089 1855 quis
1136 1775 1212 1835 mali
1224 1780 1346 1845 natura,
1363 1792 1459 1854 quam
1479 1792 1574 1854 supra
1586 1775 1809 1851 demonstravi,
1823 1779 1858 1835 ut
1867 1774 1901 1835 sit

318 1881 382 1925 esse
407 1864 506 1925 maios
529 1871 654 1942 asserat,
670 1866 704 1942 ii,
731 1866 757 1925 si
782 1865 908 1945 quidem
921 1886 940 1926 s
954 1867 1012 1928 diis
1025 1870 1088 1929 vim
1136 1865 1212 1927 boni
1239 1866 1382 1946 privatio,
1397 1867 1460 1927 sive
1482 1866 1607 1945 negatio
1634 1867 1779 1945 quadam
1800 1884 1900 1927 conve

317 1962 473 2036 acceptam
501 1957 627 2033 habent,
656 1957 730 2019 maii
753 1959 935 2037 neudquam
962 1957 1086 2021 tranat.
1137 1957 1280 2033 nientiae3
1300 1976 1365 2018 non
1387 1963 1488 2038 potest
1507 1976 1563 2037 per
1588 1977 1632 2033 se,
1656 1964 1688 2019 et
1711 1957 1752 2019 ab
1770 1958 1855 2019 omui
1872 1977 1901 2020 re

318 2049 373 2110 Sin
385 2048 502 2110 hahent
512 2049 653 2131 aliunde;
669 2069 734 2110 non
747 2050 842 2129 igitur
856 2050 961 2111 omnia
973 2051 1090 2114 faciunt
1138 2056 1277 2130 separata
1303 2051 1434 2130 privatio
1462 2051 1639 2111 consistere.
1666 2051 1754 2112 Siout
1780 2052 1899 2125 cauus,

318 2140 370 2201 dii.
388 2141 420 2203 Si
434 2159 498 2202 non
512 2143 618 2203 omnis
639 2142 765 2220 iaciunt,
789 2143 839 2204 vel
852 2144 925 2222 quia
944 2163 1016 2204 oum
1036 2164 1089 2206 ve·
1138 2142 1198 2202 nisi
1211 2144 1245 2203 in
1259 2143 1359 2216 oculo,
1377 2160 1442 2203 esse
1455 2142 1543 2203 nulla
1556 2148 1668 2222 potest.
1684 2144 1730 2203 lta
1742 2142 1858 2203 bonum
1870 2143 1902 2203 sit

318 2233 388 2309 lint,
410 2239 580 2312 nequeunt,
604 2233 653 2295 vel
671 2235 791 2296 etiamsi
814 2237 942 2314 possint,
966 2237 1087 2299 nolunt.
1139 2235 1264 2315 aliquod
1278 2240 1409 2314 oportet,
1421 2235 1505 2314 quod
1515 2234 1599 2295 malo
1608 2235 1790 2314 subjiciam
1805 2233 1902 2296 nesah

319 2325 471 2386 Neutrum
484 2331 589 2386 autem
613 2327 759 2387 convenit
781 2330 907 2388 ocor.»
933 2329 1000 2402 Qum
1023 2349 1092 2409 per·
1139 2327 1205 2407 ipso
1228 2328 1353 2407 penitus
1366 2327 1569 2406 extinguntur,
1585 2328 1665 2388 utin
1686 2327 1821 2388 nihilum
1840 2327 1902 2388 reci

318 2417 406 2479 brevi
420 2418 597 2479 collectione
619 2419 697 2479 nihil
711 2419 771 2479 dici
788 2425 888 2498 potest
908 2423 1089 2484 accuratim.
1140 2420 1212 2481 dat:
1242 2419 1358 2499 alioqui
1380 2419 1499 2481 malum
1527 2420 1622 2480 etiam
1647 2420 1789 2481 funditus
1812 2421 1901 2500 ipsam

319 2510 399 2571 Nam
412 2510 604 2586 omniafere,
620 2529 689 2590 quse
701 2511 890 2590 hucusquca
903 2513 992 2574 nohis
1006 2533 1093 2576 enar·
1140 2513 1265 2592 periret,
1281 2513 1306 2571 si
1319 2510 1398 2571 nihil
1409 2516 1549 2587 restaret,
1571 2512 1658 2591 cujm
1677 2518 1757 2573 esset
1774 2513 1900 2588 melum

320 2606 474 2664 ratasunt
493 2602 532 2663 de
560 2603 680 2682 origine
706 2603 792 2679 mali,
822 2606 1006 2683 compendio
1020 2626 1090 2687 per·
1140 2604 1416 2684 quemadmodum,
1440 2622 1570 2685 corpore
1595 2609 1661 2665 toto
1688 2604 1822 2681 sublato,
1844 2605 1901 2686 jan

321 2696 455 2756 strinxit.
1141 2696 1790 2776 neccessitaspermanet,quisnihil,quod
1798 2714 1901 2759 cecum

361 2788 427 2847 Vll.
443 2788 489 2847 Ex
501 2786 539 2847 iis
552 2805 626 2848 vero
646 2786 861 2867 prejudicium
872 2787 988 2849 fastum
1006 2791 1091 2853 vide-
1141 2789 1190 2861 sit,
1206 2807 1241 2848 ao
1254 2788 1445 2864 nominetur,
1455 2789 1590 2868 amplius
1603 2794 1753 2869 superest.

321 2886 373 2940 tur
383 2880 421 2941 dc
434 2879 488 2941 ills
501 2880 682 2959 quaestione,
698 2897 768 2958 qua
781 2881 901 2941 tamdiu
915 2882 1090 2961 catholicos,
1181 2881 1261 2941 Vlll.
1286 2881 1381 2941 Docet
1395 2880 1455 2941 hoc
1467 2880 1625 2941 ubertim
1637 2881 1804 2960 Dionysius
1816 2883 1848 2943 in
1859 2899 1901 2943 aa·

321 2977 353 3031 et
373 2972 533 3034 hereticos
567 2971 642 3032 mali
669 2971 813 3051 principii
845 2980 1093 3052 propugnatores
1141 2973 1204 3052 pite
1229 2977 1339 3051 quarto
1360 2972 1431 3032 libri
1457 2970 1493 3032 de
1512 2971 1631 3033 Diutius
1655 2973 1831 3051 nominihus,
1856 2975 1902 3036 uiri

322 3065 468 3139 exercuit,
498 3065 611 3141 ausit,
634 3068 689 3124 aut
708 3064 742 3124 in
767 3082 872 3125 rerum
895 3071 1007 3127 natura
1028 3086 1093 3129 esse
1141 3066 1223 3125 inter
1244 3065 1304 3124 alia
1331 3062 1450 3124 scribit:
1466 3086 1481 3121 a
1497 3065 1586 3139 Quod
1599 3066 1687 3125 omni
1709 3066 1902 3129 modosere-

322 3157 417 3236 possit
439 3173 598 3219 summum
614 3155 744 3232 malum,
760 3156 843 3236 quod
867 3157 969 3219 Graece
983 3160 1094 3220 mellus
1141 3158 1226 3217 tr'one
1248 3156 1332 3216 bono
1355 3157 1511 3235 privatum
1533 3157 1583 3233 sit,
1610 3175 1767 3237 nusquam
1793 3158 1903 3239 penitus

323 3254 458 3309 αθτόιακον
486 3253 585 3323 sonat,
613 3248 673 3309 hoe
695 3253 741 3309 est
767 3248 885 3309 malum
908 3266 1032 3311 merum
1059 3270 1095 3314 ac
1142 3266 1243 3327 neque
1256 3247 1363 3321 idme,
1380 3265 1482 3326 neque
1495 3265 1580 3324 esse,
1607 3266 1710 3328 neque
1724 3248 1801 3325 iore,
1814 3268 1903 3331 neque

323 3338 464 3418 simplex,
479 3340 564 3419 quod
577 3340 663 3400 nulla
683 3340 758 3400 honi
772 3340 922 3418 particula
939 3347 1093 3422 tempera·
1142 3360 1231 3421 posse
1268 3339 1363 3401 ossei.
1383 3360 1399 3397 s
1428 3340 1516 3414 Quod
1553 3340 1735 3402 inductione
1772 3342 1903 3423 deinceps

323 3436 392 3490 tum
426 3432 475 3492 sit.
501 3431 770 3506 Quemadmodum
799 3433 884 3494 enim
906 3433 1026 3496 bonum
1050 3441 1096 3496 est
1143 3432 1264 3513 probat.
1286 3454 1301 3490 ι(
1319 3432 1363 3494 Ac
1390 3431 1416 3493 si
1435 3432 1564 3493 omnino
1585 3432 1706 3494 honum
1736 3434 1901 3511 sustrsleris,

324 3523 449 3602 aliquod
457 3540 627 3599 summum,
638 3523 722 3602 quod
731 3541 832 3602 neque
843 3524 1095 3605 maliquidquam
1143 3526 1247 3601 addit,
1269 3542 1371 3604 neque
1399 3524 1569 3584 substantia
1593 3525 1673 3602 erit,
1703 3544 1806 3606 neque
1829 3527 1902 3603 rita,

324 3615 419 3676 habet
440 3616 618 3683 admistum,
640 3633 741 3694 neque
763 3616 866 3677 labem
879 3617 976 3679 ullam
996 3625 1096 3698 potest
1144 3635 1245 3697 nequo
1258 3617 1457 3693 desiderium,
1472 3635 1575 3695 neque
1588 3618 1696 3693 motio,
1713 3636 1817 3698 neque
1830 3618 1902 3678 aliud

324 3708 511 3770 levissimam
524 3725 650 3788 caperet
667 3708 720 3768 Est
744 3714 849 3770 autem
863 3711 954 3786 Dens,
985 3711 1045 3787 Qui
1056 3720 1096 3774 est
1144 3709 1314 3790 quidquam
1328 3718 1360 3765 οι)
1377 3712 1435 3768 etc.
1456 3728 1472 3765 «
1484 3708 1562 3768 Nam
1576 3709 1662 3788 quod
1675 3727 1904 3791 prorsusexpers

325 3798 432 3882 cisque
445 3799 512 3862 ullo
532 3799 718 3882 inquitate&
742 3802 789 3877 Et,
806 3820 865 3861 oon
889 3810 932 3863 est
951 3802 1097 3884 imquitas
1144 3802 1218 3862 bosri
1243 3801 1292 3878 sit,
1316 3818 1419 3879 neque
1446 3804 1492 3860 est
1519 3818 1586 3876 ens,
1611 3819 1714 3880 neque
1733 3803 1814 3864 inter
1833 3802 1904 3863 entis

325 3892 407 3974 opud
429 3892 558 3955 Deum¹.
587 3894 631 3954 lta
650 3911 728 3954 num
750 3894 869 3954 malum
893 3900 947 3954 aut
969 3897 1018 3972 sit,
1042 3901 1098 3956 aut
1145 3898 1297 3955 censetur.
1331 3892 1420 3966 Quod
1446 3910 1520 3952 vero
1549 3892 1679 3953 mistum
1706 3900 1765 3971 est,
1794 3898 1905 3975 propter

325 4004 390 4048 esse
404 3987 499 4067 possit
510 3987 572 4047 tale
586 3986 747 4065 quaritrn,
763 3986 847 4065 quod
860 3986 899 4047 sit
912 3987 1013 4047 omnis
1022 3987 1097 4048 boni
1145 3985 1264 4046 bonum
1274 3985 1356 4044 inter
1366 3984 1450 4044 entia
1460 3983 1564 4044 locum
1578 3984 1692 4059 hahet;
1709 3987 1903 4047 etsccundum

325 4079 463 4139 iirnditus
492 4096 611 4158 expers.
648 4077 825 4156 Cujusmodi
859 4077 1032 4154 Marcionis,
1062 4098 1098 4140 ac
1145 4077 1215 4151 hoe,
1239 4078 1321 4137 inter
1339 4077 1433 4150 entia,
1458 4082 1489 4136 et
1509 4094 1564 4136 cns
1585 4081 1641 4151 est,
1669 4082 1821 4156 qnatenus
1842 4076 1904 4138 boni

325 4172 454 4233 Manetis
481 4170 636 4249 discipuli,
665 4171 828 4249 caemrique
855 4170 948 4248 hujus
975 4171 1098 4250 generis
1145 4170 1297 4249 particeps
1309 4174 1369 4229 est:
1385 4168 1437 4229 vel
1449 4168 1563 4248 potius,
1586 4168 1671 4229 entia
1684 4170 1903 4232 omniaintsn

324 4262 461 4324 haeretici
473 4263 593 4324 malum
612 4263 780 4322 commenti
799 4268 873 4322 sunt
886 4267 1048 4336 aternum,
1065 4268 1097 4324 et
1146 4261 1424 4340 tumeruntmagis
1435 4260 1904 4341 minusve,inquantumbonnn

326 4362 456 4434 ἀχίνητον,
471 4354 662 4414 eontrarium
676 4353 765 4414 alteri
777 4353 872 4413 hono.
885 4354 998 4415 Contra
1017 4373 1097 4435 quoe
1145 4352 1361 4434 participanti.
1380 4373 1396 4411 u

362 4560 384 4599 o
401 4543 528 4599 Slanusr.
542 4554 602 4610 cap.
621 4555 669 4594 ιιι.
692 4539 797 4611 Ἀνάγκη
815 4538 842 4592 di
856 4537 924 4612 εἴπερ
945 4539 1028 4606 ἐστὶν,
1042 4541 1058 4608 ἢ
1074 4538 1099 4594 iu
1185 4540 1202 4595 b
1220 4540 1300 4595 Dion.
1320 4538 1355 4592 Ti
1368 4537 1395 4591 δὲ
1415 4537 1476 4591 κατὰ
1489 4538 1569 4592 πάντα
1581 4540 1673 4610 τρόπον
1687 4545 1732 4593 τοῦ
1748 4538 1837 4612 &quiet
1850 4537 1905 4593 θετι-

326 4629 398 4693 testa,
412 4627 428 4693 ἢ
442 4627 502 4691 ναῖς,
516 4623 531 4691 ἢ
545 4624 644 4695 ψυχαῖς,
665 4623 682 4691 ἢ
710 4624 832 4695 σώμασιν·
858 4622 915 4676 ἀλλ’
931 4621 956 4676 ἐν
978 4620 1020 4695 μὲν
1036 4624 1101 4689 θεοῖς
1149 4623 1253 4695 ρημθνον
1281 4623 1377 4694 οθθαμῆ
1404 4620 1588 4693 neeffleta
1610 4618 1655 4690 ἦν,
1684 4621 1742 4676 odas
1767 4621 1839 4689 iotis,
1858 4621 1905 4675 οθα

328 4709 373 4764 oda
385 4709 461 4764 ἔστιν·
477 4706 558 4774 ἐπειδὴ
572 4709 619 4767 πᾶς
632 4706 685 4769 θεὸς
705 4704 802 4777 ἀγαθός.
825 4705 846 4759 el
860 4705 887 4760 θθ
909 4711 967 4760 νοῦν
981 4725 1016 4769 τις
1041 4706 1101 4778 φησὶ
1149 4705 1228 4772 ἔσται,
1243 4704 1298 4759 οὔτε
1313 4698 1491 4759 situatum.

327 4793 411 4859 κακὸν,
425 4794 483 4845 sois
498 4789 601 4858 ἀνόητον
616 4789 691 4861 λέγει.
708 4787 729 4841 εἰ
742 4788 769 4842 δὲ
780 4787 870 4861 ψυχὴν,
888 4788 988 4861 χείρονα
1001 4789 1100 4857 ποιήσει
1185 4788 1286 4845 elbid.
1307 4787 1353 4841 Kal
1376 4787 1397 4843 sl
1413 4788 1493 4856 πάντη
1507 4786 1611 4858 τάγαθθν
1634 4786 1738 4862 ἀνέλῃς,
1766 4788 1821 4847 ollae
1845 4787 1905 4843 οθοθν

330 4878 453 4950 σώματος.
468 4875 516 4931 πᾶν
537 4872 585 4946 γὰρ
599 4878 673 4945 σῶμα
686 4871 738 4925 καθ’
754 4870 826 4929 tacet
836 4871 922 4925 κακίαν
937 4870 981 4925 οὐκ
994 4871 1056 4947 ἔχει.
1079 4872 1100 4926 εἰ
1149 4870 1228 4943 ἔσται,
1244 4872 1300 4929 οὔτε
1314 4870 1377 4940 ζωὴ,
1393 4869 1448 4925 οὔτε
1462 4869 1551 4942 ἔφεσις.
1570 4869 1627 4929 οὔτε
1653 4872 1755 4943 κίνησις,
1784 4873 1837 4931 οὔτε
1852 4871 1905 4927 ἄλλο

330 4961 356 5016 al
370 4959 396 5014 ἐκ
409 4961 487 5034 ψυχῆς
511 4958 552 5011 καὶ
565 4957 688 5029 σώματος,
712 4954 813 5027 ἄλογον,
827 4956 996 5027 κεχωρισμένα
1008 4954 1050 5026 μὲν
1066 4953 1099 5028 μὴ
1149 4953 1229 5011 οὐδέν.

331 5039 393 5098 εἶναι
406 5043 479 5108 κακὰ,
500 5041 647 5095 συνελθόντα
661 5037 687 5091 δὲ
707 5037 792 5091 κακίαν
806 5041 893 5091 ποιεῖν.
910 5035 930 5090 εἰ
944 5036 970 5092 δὲ
984 5038 1101 5110 δαίμονάς
1184 5038 1206 5094 d
1225 5037 1293 5095 ibid·
1313 5038 1347 5093 Τθ
1360 5037 1408 5113 γὰρ
1421 5038 1501 5109 πάντα]
1515 5036 1618 5111 ἄμοιρον
1632 5041 1678 5092 τοῦ
1692 5037 1795 5111 θγαθοΰ,
1808 5040 1860 5095 otu
1870 5040 1903 5103 θι,

330 5145 367 5188 τις
379 5127 445 5199 λέχει
458 5127 556 5191 κακοὺς,
572 5123 593 5176 εἰ
621 5122 663 5195 μὲν
683 5121 709 5175 ἐκ
732 5121 793 5173 θεῶν
807 5121 851 5189 τὴν
873 5121 973 5195 δύναμιν
989 5121 1099 5193 ἔχουσιν,
1149 5120 1205 5175 οὔτε
1219 5120 1243 5175 ἐν
1258 5124 1311 5186 τοῖς
1325 5115 1388 5175 odor·
1411 5120 1440 5174 τθ
1460 5120 1488 5174 δὲ
1509 5121 1602 5193 μικτὸν,
1626 5120 1669 5175 διὰ
1681 5121 1710 5176 τὸ
1724 5121 1811 5195 hatis
1825 5121 1904 5183 ἐντοῖς

331 5209 376 5262 oda
386 5211 417 5275 ᾃν
432 5204 480 5261 εἶεν
493 5207 574 5260 κακοί.
598 5203 618 5257 εἰ
637 5204 663 5257 δὲ
682 5202 829 5277 ἀλλαχόθεν,
845 5202 873 5256 oi
895 5205 975 5264 πάντα
987 5208 1099 5258 ποιοῦσιν
1149 5200 1213 5258 nior·
1229 5204 1269 5258 uel
1283 5204 1346 5258 κατὰ
1359 5208 1432 5259 τοῦτο
1448 5201 1472 5256 ἒν
1488 5205 1540 5266 τοῖς
1553 5198 1618 5268 οὖσι,
1633 5204 1721 5268 salos,
1734 5205 1903 5260 sss’taosat

332 5291 355 5345 oi
369 5291 428 5345 iaci.
451 5290 520 5345 Etsi
543 5289 575 5361 μὴ
590 5290 669 5341 πάντα
683 5292 805 5353 ποιοῦσιν,
830 5287 1045 5359 ἣβουλόμενοιοῦ
1059 5289 1100 5341 δυ’·
1149 5287 1240 5359 ἀγαθοῦ
1255 5288 1359 5360 μετέχει.
1376 5287 1473 5359 μᾶλλον
1487 5285 1522 5349 δὲ,
1546 5285 1578 5340 τὰ
1591 5286 1904 5343 succensam}

331 5393 425 5428 νανται·
440 5375 456 5441 ἢ
470 5375 600 5445 δυνάμενοι
613 5370 642 5424 οὗ
657 5371 795 5443 βούλονται.
818 5367 853 5427 ὧν
867 5369 993 5442 οὐθέτερον
1015 5372 1099 5443 πρέπει
1148 5388 1190 5425 τον
1204 5371 1273 5429 ἔσται
1302 5371 1397 5443 μᾶλλον
1423 5369 1466 5429 καὶ
1490 5365 1583 5439 ἧττον,
1596 5371 1655 5427 καθ’
1676 5372 1737 5429 θεον
1755 5376 1800 5433 τοῦ
1824 5370 1903 5442 aas

331 5459 397 5531 Θεῷ.
1150 5454 1257 5526 μετέχει.

359 5578 370 5621 l
382 5577 446 5622 mut.
457 5583 523 5619 mir.
537 5571 588 5616 -l
598 5572 658 5616 Rom.
671 5582 699 5615 ιι.
710 5571 743 5615 lt.
