4030 6204
380 339 430 401 DE
450 340 524 401 ttae
545 340 687 414 DElQUE
708 340 1055 415 PROPRIETATIBUS,
1077 340 1149 402 LlB.
1172 341 1214 414 V,
1238 341 1321 401 CAP.
1345 340 1411 400 XII.
1634 343 1687 403 ist

92 506 247 567 existunt.
277 527 292 563 n
319 507 384 567 lloe
392 507 459 567 loco
470 507 607 582 Basilius,
622 513 742 589 ἐνέργειαι
756 508 799 568 ait
809 525 873 568 esse
924 506 1026 567 luntas
1053 525 1137 582 vero,
1166 513 1197 567 et
1220 512 1314 567 nutus
1337 506 1392 566 Dei
1416 506 1455 566 ad
1482 506 1695 586 producendas

92 607 208 677 κίνησιν,
232 607 343 659 matrim
364 600 514 677 efficaces,
541 607 571 661 ct
594 601 760 662 voluntatis
781 619 872 661 oona-
923 605 1088 675 craaturas,
1104 617 1174 678 quae
1188 618 1226 659 ex
1246 618 1334 678 aequo
1349 616 1420 659 cum
1436 599 1692 677 emanationibus,

92 696 180 767 uim,
198 692 251 771 qui
261 692 371 767 oritur,
384 712 419 752 ac
428 692 550 768 desinit,
564 694 729 773 quodcum
739 693 875 772 superio
924 697 954 752 et
967 692 1197 772 operationibus
1206 693 1261 752 Dei
1270 691 1482 771 proficiscitur,
1494 690 1606 768 differt,
1617 693 1696 753 sicut

94 784 189 844 ribus
212 784 350 863 ejusdem
373 785 473 845 verbis
497 786 650 865 congrrrit,
671 790 823 864 quatenus
840 786 875 846 in
924 784 1002 845 ratio
1017 785 1123 864 poscit,
1137 803 1156 844 a
1169 784 1338 844 substantia
1351 784 1416 859 Dei,
1433 783 1506 862 quia
1517 783 1569 843 illa
1583 783 1696 846 scilicet

94 877 241 937 motione
264 878 397 956 quadam
418 884 539 959 ἐνέργειαν
560 879 683 953 definit3
705 878 796 938 distat
818 896 874 937 au-
924 874 1067 937 voluntas
1084 877 1138 937 Dei
1157 876 1259 954 cmpit,
1275 881 1306 936 ct
1319 881 1364 937 est
1378 882 1465 936 extra
1477 875 1650 953 facientem,
1665 883 1696 938 θῖ

95 972 178 1044 tem,
195 970 279 1048 quod
292 970 353 1029 illic
366 970 489 1030 trullum
498 971 611 1031 habere
621 970 744 1031 initium
755 970 808 1047 ait,
822 970 875 1031 sed
925 974 1099 1044 creantem;
1121 969 1188 1029 hacc
1208 986 1294 1043 vero,
1316 968 1347 1027 id
1371 973 1417 1028 est
1436 968 1605 1028 substantia
1628 970 1693 1045 Dei,

95 1062 322 1121 tantummodo
334 1060 429 1122 finem
446 1082 454 1122 ε
470 1062 521 1122 hic
535 1069 566 1124 et
585 1063 684 1137 initio,
698 1067 728 1123 et
741 1062 803 1122 tine
821 1063 876 1123 eir-
926 1067 1041 1121 esterna
1059 1066 1115 1133 est,
1131 1066 1162 1120 et
1182 1061 1265 1121 iutra
1282 1078 1314 1120 se
1335 1060 1402 1139 ipsa
1419 1059 1481 1120 fixa
1498 1065 1625 1121 manet:
1643 1062 1695 1122 illa

96 1154 294 1214 cumscribit.
927 1153 1046 1232 incipit,
1069 1159 1100 1213 et
1117 1151 1239 1227 desinit,
1258 1153 1325 1212 haic
1337 1152 1429 1227 initii,
1450 1157 1481 1213 et
1497 1152 1569 1213 finis
1584 1172 1695 1234 expers

141 1246 298 1306 Maximus
311 1264 385 1306 vero
399 1247 431 1305 iu
444 1245 571 1308 Sedoliis
593 1248 632 1311 ad
651 1254 743 1328 eaput
756 1266 876 1308 nonum
926 1250 991 1320 est;
1009 1245 1063 1306 illa
1074 1245 1181 1324 recipit
1194 1263 1259 1304 nou
1276 1263 1352 1319 esse,
1370 1263 1442 1305 cum
1453 1246 1535 1305 Deus
1551 1264 1615 1305 nou
1628 1246 1696 1307 vult

96 1337 247 1418 Dionysii
270 1336 305 1397 de
322 1338 441 1400 Divinis
466 1338 640 1409 nominibus,
666 1341 752 1401 illam
777 1340 876 1419 ipsam
926 1355 1002 1413 esse,
1024 1338 1090 1398 haec
1109 1354 1270 1416 uunquam
1287 1336 1395 1416 recipit
1415 1356 1480 1396 non
1500 1355 1576 1398 esse.
1596 1360 1612 1394 ιι
1632 1338 1694 1418 Ap-

98 1435 238 1509 ἐνέργειαν,
251 1448 313 1508 qua
325 1432 405 1490 Deus
419 1436 505 1490 extra
518 1449 549 1491 se
561 1432 791 1510 quiodammodo
803 1431 875 1492 fun-
926 1434 1015 1508 paret
1032 1449 1072 1490 ex
1084 1430 1122 1489 iis
1135 1431 1152 1490 J
1154 1447 1289 1490 oannem
1308 1428 1547 1507 Cyparissiotum
1560 1436 1694 1508 putasse,

99 1521 201 1597 ditur,
220 1527 250 1581 et
267 1522 410 1583 universa
428 1529 578 1603 procreat,
594 1543 690 1602 quarn
712 1524 877 1603 Dionysius
926 1523 1097 1583 motionem
1114 1522 1198 1582 illam
1214 1527 1245 1581 θῖ
1265 1520 1435 1599 impulsum
1451 1521 1563 1581 divinae
1584 1522 1696 1583 voluu-

98 1622 213 1693 πρὸοδον
227 1614 259 1673 id
276 1619 321 1674 est
328 1615 559 1696 promessionem
572 1622 671 1693 vocat,
687 1616 730 1677 ait
741 1635 805 1677 esse
822 1617 877 1677 Dei
926 1614 1007 1690 tatis,
1023 1634 1085 1694 quo
1100 1633 1131 1675 se
1145 1614 1184 1674 ad
1198 1619 1314 1674 creatas
1329 1631 1379 1673 res
1391 1613 1602 1693 producendas
1615 1616 1696 1676 exci-

99 1705 192 1765 telut
213 1727 229 1762 a
250 1707 432 1783 motionem,
458 1712 488 1767 et
505 1707 675 1787 imprdsum
693 1709 733 1769 ad
751 1728 787 1770 ea
805 1727 876 1788 quae
926 1706 1013 1783 tarvis,
1038 1708 1097 1767 hoc
1127 1711 1173 1767 est
1196 1706 1348 1766 actionem
1373 1705 1459 1766 illam
1484 1706 1640 1767 internam
1667 1714 1698 1768 ct

99 1803 179 1857 sunt
194 1798 359 1859 ‹·reanda“.
381 1820 396 1856 n
927 1798 1108 1860 electionem
1122 1799 1288 1858 voluntatis
1301 1799 1401 1876 reipsa
1418 1797 1541 1857 differre
1559 1798 1598 1858 ab
1616 1799 1698 1860 illius

146 1890 199 1950 lV.
224 1891 319 1969 Igitur
339 1891 399 1951 tria
422 1891 484 1967 illa,
509 1910 579 1970 quse
604 1892 744 1969 Basilina,
765 1893 877 1972 aliique
927 1890 1107 1967 substantia,
1129 1909 1200 1950 eum
1222 1890 1255 1950 in
1276 1908 1313 1948 eo
1335 1890 1542 1967 generationis
1561 1896 1696 1966 aeternee,

100 1982 312 2060 distinguunt,
323 1993 431 2063 δύναμις,
447 1990 564 2064 ἐνέργεια,
578 1989 608 2044 θῖ
618 1992 774 2065 testerepo
784 1987 877 2045 ctiam
928 2002 991 2062 qua
1004 1984 1171 2063 productus
1191 1987 1236 2043 cst
1250 1982 1354 2053 Filius,
1372 1988 1402 2041 ct
1421 1982 1508 2042 istius
1519 1982 1696 2059 voluntatis,

101 2074 136 2133 in
152 2075 510 2149 Dcoloeumliubebunt,
523 2081 553 2135 et
566 2075 707 2136 tidelieet
721 2077 877 2157 ἐνέργειαθῖ)
928 2095 990 2156 qua
1013 2095 1044 2137 se
1073 2077 1112 2137 ad
1132 2094 1181 2137 res
1200 2080 1317 2135 creatas
1337 2074 1511 2153 applicavit,
1534 2074 1698 2137 discrimen

100 2172 178 2244 οῖαίρι
192 2174 222 2226 θῖ
240 2177 350 2248 δυνάμει,
367 2169 425 2228 hoc
445 2173 491 2227 θεῖ
513 2168 601 2243 actio,
623 2174 653 2227 et
672 2168 803 2248 opernm
822 2169 880 2231 Dei
928 2174 1052 2244 statuat,
1075 2169 1158 2248 quod
1177 2167 1344 2246 generatio,
1364 2185 1434 2245 quas
1454 2172 1501 2226 θεῖ
1521 2166 1698 2228 substantie

101 2256 141 2318 ub
152 2257 219 2338 ejus
232 2258 394 2319 nictantia
408 2258 551 2339 stupendi
563 2259 674 2319 virtute
683 2259 876 2339 discrepabit.
928 2261 1081 2341 quaedam,
1093 2266 1128 2320 ut
1140 2261 1184 2320 ita
1194 2260 1315 2337 loquar,
1331 2258 1438 2334 motio,
1450 2264 1481 2318 et
1494 2258 1623 2318 interior
1631 2276 1698 2320 ma·

102 2351 137 2411 Si
161 2350 289 2429 quidem
307 2352 374 2412 haec
392 2353 579 2430 sempiterna
597 2356 653 2426 est,
675 2351 728 2410 illa
745 2351 879 2431 perlecto
929 2355 1024 2428 natio,
1040 2353 1141 2432 reipsa
1157 2370 1221 2412 uon
1240 2350 1344 2412 differt
1359 2370 1377 2411 a
1394 2350 1448 2410 Dei
1467 2350 1646 2428 substantia,
1663 2370 1699 2412 eo

96 2441 170 2519 jam
185 2461 278 2522 opere
294 2443 416 2518 desinit,
437 2444 500 2503 sire
514 2461 553 2503 ex
567 2448 682 2502 aterno
699 2444 833 2503 extiterit
846 2445 879 2505 in
929 2447 1013 2526 quod
1034 2446 1258 2525 sempiternum
1276 2442 1369 2504 habet
1386 2444 1568 2519 terminum,
1587 2461 1700 2524 nempe

103 2534 183 2609 Deo,
197 2539 232 2594 ut
248 2535 281 2594 in
295 2535 396 2613 priore
410 2534 477 2594 loeo
495 2535 624 2594 Basilius
635 2534 760 2610 indicat,
771 2535 834 2595 sive
846 2537 880 2596 in
929 2539 1070 2599 divinum
1084 2536 1237 2611 Verbum;
1253 2540 1285 2595 at
1296 2534 1463 2595 voluntatis
1472 2540 1578 2611 nutus,
1594 2542 1625 2596 θῖ
1637 2554 1702 2597 mo-

102 2627 394 2705 temporeecaperit,
408 2626 878 2706 utinpostcrioredemonstrat,
928 2631 984 2707 tio,
1009 2649 1071 2710 qua
1096 2635 1183 2690 extra
1205 2647 1237 2688 εθ
1262 2628 1407 2687 universa
1430 2645 1592 2707 procreare
1621 2629 1701 2697 Deus

103 2724 136 2776 ot
162 2718 300 2778 Joannes
330 2718 552 2799 Cyparissiotus
570 2720 745 2779 assentitur.
766 2719 823 2792 Qui
837 2720 881 2780 di·
930 2722 1096 2797 ceustituit,
1113 2722 1219 2782 itidem
1237 2725 1273 2779 ut
1290 2719 1372 2780 illius
1389 2720 1638 2797 terminusque
1657 2726 1703 2781 est

104 2810 188 2869 rinae
197 2810 364 2871 voluntatis
373 2811 537 2887 actionem,
549 2829 608 2889 qua
619 2811 652 2870 in
662 2829 711 2870 res
721 2816 882 2872 extraneas
931 2821 1081 2890 creatura,
1106 2814 1230 2874 initium
1253 2811 1358 2887 babet,
1381 2817 1411 2871 θῖ
1434 2811 1542 2872 finem.
1566 2811 1653 2885 Quod
1676 2813 1701 2873 si

103 2902 183 2981 agit,
200 2902 308 2963 itidem
317 2909 352 2963 ut
361 2921 410 2963 res
422 2903 513 2983 ipsas,
528 2904 561 2963 in
575 2910 716 2982 tempore
730 2922 880 2979 essenon
931 2907 1069 2966 Verbum
1086 2906 1190 2985 ipsum
1203 2923 1242 2965 ex
1256 2909 1374 2964 aeterno
1388 2922 1452 2962 uon
1467 2903 1620 2979 existeret,
1636 2922 1702 2965 non

105 2999 214 3054 saitem
228 3013 267 3055 ex
280 2993 542 3055 aeternoseribit¹.
558 2996 724 3074 Postquam
735 2996 820 3055 enim
828 3015 882 3058 an·
931 2999 1086 3060 dubitaret
1104 3000 1240 3059 loannes
1258 2996 1492 3077 Cyparissiotus,
1517 3000 1552 3056 ut
1575 2995 1701 3074 quidem

104 3086 269 3164 tiquurum
282 3088 466 3149 testimoniis
479 3086 632 3166 probavit,
648 3088 694 3148 rei
707 3088 880 3165 cujuslibet,
932 3092 997 3170 ejus
1015 3089 1241 3169 argumentatio
1261 3106 1294 3148 se
1316 3086 1421 3162 babet,
1442 3087 1519 3166 quin
1543 3088 1701 3165 generatio

105 3196 143 3237 ac
157 3179 214 3239 Ilei
229 3180 322 3240 etiam
335 3180 539 3240 substantiam
554 3179 677 3241 differre
691 3180 731 3240 ab
747 3180 812 3258 ejus
826 3200 881 3241 ro·
931 3185 1008 3264 ipsa,
1022 3183 1150 3263 perinde
1169 3188 1204 3242 ut
1217 3180 1330 3241 creatio
1346 3197 1453 3241 rerum
1466 3186 1653 3255 exterarum,
1669 3179 1702 3240 in

105 3271 241 3347 lrmtate,
252 3272 315 3333 sire
328 3272 452 3332 volendi
466 3273 596 3347 actione,
611 3277 642 3331 et
655 3272 739 3351 quod
754 3290 792 3332 cx
808 3272 881 3332 sub-
931 3281 1071 3356 tempore
1090 3277 1239 3355 coepisset,
1260 3291 1296 3334 ac
1314 3271 1478 3332 desineret.
1498 3271 1592 3351 Atqui
1611 3289 1704 3350 gene-

106 3367 223 3423 stantia
238 3365 349 3439 oritin,
368 3365 454 3443 prius
472 3382 537 3424 esse
556 3382 651 3443 quarn
671 3365 713 3440 id,
733 3365 817 3443 quod
830 3384 883 3425 vo-
932 3370 1011 3429 ratio
1033 3371 1100 3442 ista,
1121 3385 1250 3428 manens
1269 3370 1301 3425 et
1321 3364 1450 3424 interior
1473 3368 1520 3424 est
1537 3363 1616 3424 actio
1635 3363 1701 3439 Dei,

107 3456 230 3516 luntate
260 3456 311 3532 fit;
335 3462 428 3534 atque
457 3456 516 3516 hoe
544 3462 631 3516 extra
660 3456 882 3535 producentem
932 3479 1026 3541 quam
1042 3460 1075 3520 in
1093 3477 1141 3534 eo,
1157 3459 1242 3519 velut
1260 3456 1408 3535 subjecto,
1424 3456 1654 3517 consideramus
1668 3461 1704 3517 ut

109 3550 211 3608 lleum
221 3566 296 3625 θεεθ,
308 3548 385 3609 illud
396 3549 478 3608 intra
492 3549 714 3627 producentem
728 3567 855 3609 manere
873 3569 879 3610 :
932 3570 1106 3633 possumus.
1127 3551 1201 3625 eris
1217 3551 1312 3629 igitur
1331 3567 1396 3609 non
1416 3548 1511 3623 videt,
1528 3548 1623 3609 etiam
1637 3565 1704 3608 mo

107 3640 169 3715 his,
184 3641 325 3719 inquam,
339 3640 492 3720 expositis,
508 3658 581 3701 mox
598 3642 642 3701 ita
655 3640 769 3719 colligit
784 3660 791 3700 :
809 3641 883 3700 «Ex
931 3652 1002 3708 tum
1022 3646 1122 3720 illum,
1144 3648 1318 3722 nutumque
1340 3640 1519 3715 voluntatis,
1540 3658 1603 3719 quo
1623 3640 1704 3700 Deus

108 3733 158 3791 bis
182 3732 290 3811 liquet,
313 3732 576 3812 quemadmodum
600 3732 742 3793 voluntas
765 3733 820 3792 Dei
843 3732 883 3792 ad
933 3737 1079 3800 exomni
1099 3736 1268 3796 aeternitate
1288 3752 1338 3796 res
1356 3750 1465 3794 omnes
1484 3736 1571 3792 extra
1588 3749 1620 3791 se
1634 3750 1691 3811 pro

109 3824 282 3885 creandum
297 3840 453 3886 creaturas
474 3824 624 3905 posterior
642 3830 698 3899 est,
715 3832 746 3884 et
764 3824 884 3884 diversa
932 3831 1056 3904 deicere,
1078 3847 1114 3888 ae
1137 3827 1225 3888 certis
1248 3825 1421 3887 rationibus
1443 3822 1581 3902 singulas
1603 3823 1703 3883 admi·

106 3916 310 3978 asubstantia
319 3917 384 3977 Dei.
397 3917 463 3990 Quo
473 3918 557 3977 enim
566 3915 736 3976 ministerio
745 3914 884 3995 indigere
933 3923 1063 3983 nistrare
1077 3920 1221 3993 decrevit,
1237 3919 1392 3979 actionem
1407 3934 1470 3978 esse
1484 3917 1657 3976 herentem
1670 3915 1704 3975 in

106 4012 224 4088 potest,
247 4008 290 4068 ait
309 4027 442 4087 magnus
464 4008 592 4069 Basilius
606 4008 644 4068 de
665 4008 838 4086 unigenito,
858 4008 885 4069 is
935 4017 1008 4090 Deo,
1035 4030 1136 4091 neque
1162 4010 1244 4071 foras
1270 4009 1439 4089 profusam,
1464 4026 1536 4068 eum
1561 4004 1640 4067 nihil
1666 4024 1705 4067 ex

107 4102 166 4180 qui
192 4100 285 4161 simul
308 4106 343 4160 ut
361 4100 469 4175 volrrit,
492 4105 632 4160 creatum
653 4099 766 4176 existit,
789 4119 884 4179 quam
934 4113 1050 4168 aeterno
1062 4108 1175 4184 praeter
1189 4104 1288 4164 Deum
1302 4099 1456 4162 extiterit?

107 4192 201 4253 wilt?
221 4193 252 4253 Si
264 4192 359 4271 igitur
375 4193 469 4252 simul
485 4210 556 4253 cum
572 4192 732 4252 voluntate
746 4198 885 4253 ereatura
974 4198 1012 4256 V.
1036 4195 1170 4256 Athene
1186 4194 1286 4273 ipsam
1307 4198 1440 4271 ἐνέργειαν,
1460 4209 1523 4270 qua
1541 4192 1622 4252 Deus
1640 4210 1706 4254 non
1756 4222 1861 4278 ρρηγοπο

109 4285 232 4360 existit;
246 4285 324 4345 sieut
339 4303 404 4346 non
421 4290 468 4346 est
486 4303 523 4345 ex
542 4284 712 4345 aeternitate
732 4290 883 4360 creatura,
936 4299 1049 4369 δυνάμει,
1074 4288 1106 4347 id
1126 4292 1340 4367 estpotestate,
1363 4284 1471 4344 volens
1492 4284 1538 4361 fit,
1563 4284 1616 4344 sed
1635 4290 1705 4345 actu
1741 4277 1749 4320 ¹
1781 4281 1867 4320 uantur

108 4377 388 4438 sicnecvoluntas
404 4394 473 4437 cam
491 4375 625 4452 creandi,
645 4381 780 4455 etopus.
803 4377 886 4456 Opus
936 4381 1103 4441 decernens
1124 4397 1180 4439 suo
1198 4382 1338 4457 tempore
1362 4376 1597 4455 producendum
1615 4377 1705 4457 quip-
1741 4335 1867 4443 culm*

111 4470 202 4530 enim
215 4468 271 4529 Dei
281 4468 361 4529 velle
373 4474 435 4544 est;
449 4473 480 4529 et
490 4470 568 4528 sieut
578 4485 656 4547 opus
665 4467 832 4529 voluntatis
841 4475 886 4530 est
936 4472 1031 4552 piam,
1046 4491 1103 4551 pro
1114 4490 1178 4533 nou
1189 4471 1386 4550 sempiterna,
1398 4475 1429 4529 et
1441 4487 1460 4529 a
1473 4469 1528 4529 Dei
1537 4469 1708 4530 substantia
1732 4438 1875 4545 adimi.

110 4566 268 4636 creatiua,
284 4565 314 4620 et
330 4560 396 4621 haee
412 4561 604 4620 voluntatem
625 4561 773 4638 sequitur,
789 4560 832 4620 sic
843 4561 888 4621 di·
937 4566 1038 4644 reipsa
1051 4564 1183 4624 distante
1192 4562 1307 4623 habere
1315 4561 1361 4622 illi
1374 4560 1531 4639 videntur,
1543 4579 1621 4641 quos
1634 4561 1707 4623 hac·

111 4655 189 4714 rina
216 4654 374 4731 generatio
405 4653 479 4713 Filio
509 4651 601 4712 simul
630 4652 825 4713 terminatur.
850 4653 888 4714 Et
937 4661 1028 4716 tenus
1050 4655 1200 4716 recensui.
1222 4652 1338 4728 Quibus
1360 4654 1562 4715 annumerari
1580 4659 1710 4733 possunt

113 4746 230 4807 idcireo
247 4745 405 4824 generatio
421 4745 535 4820 diviua,
551 4763 621 4823 quaa
635 4763 655 4804 a
668 4747 731 4806 Deo
746 4746 834 4806 Patre
854 4745 887 4806 in
937 4747 982 4807 illi
996 4748 1112 4823 Patres,
1127 4764 1206 4826 quos
1219 4763 1313 4825 supra
1322 4745 1414 4809 etiam
1428 4746 1526 4825 attigi,
1535 4745 1590 4824 qui
1603 4751 1711 4806 contm

113 4838 231 4898 Filium
242 4837 390 4917 procedit,
406 4843 437 4897 et
451 4842 568 4913 manat,
582 4837 690 4898 eadem
704 4842 750 4897 est
762 4854 796 4897 re
816 4856 888 4897 eum
939 4840 1148 4901 Eunomiauos
1168 4838 1371 4911 contendunt,
1391 4855 1494 4918 neque
1511 4838 1635 4911 Filium,
1655 4854 1709 4898 ne·

112 4949 154 4992 eo
163 4929 231 5010 ipso
241 4930 341 5005 Patre,
352 4947 422 5008 quar
433 4929 536 4990 uerbis
545 4928 690 5008 explicari
700 4947 765 4989 non
776 4935 886 5008 potest.
939 4949 1000 5010 que
1010 4931 1160 5010 Spiritum
1170 4936 1311 4991 sanctum
1319 4933 1374 4988 aut
1387 4935 1508 5009 ἐνέργειαν
1522 4946 1587 4988 θεεθ
1601 4928 1709 5005 Patris,

113 5024 170 5083 Est
187 5027 292 5082 autem
310 5021 449 5081 Verbum
464 5021 520 5081 Dei
537 5023 733 5082 increatum:
754 5021 890 5083 increata
939 5028 994 5084 aut
1003 5029 1121 5102 ἐνεργείας
1131 5040 1240 5100 opera;
1251 5021 1399 5100 quoniam
1407 5019 1433 5079 si
1440 5019 1710 5098 essentejusmodi,

113 5114 271 5194 estigitur
281 5114 439 5192 generatio
453 5114 519 5192 ejus
535 5132 628 5193 supra
646 5118 790 5175 nauuam
805 5133 889 5175 crea·
940 5115 1065 5175 initium
1090 5118 1246 5191 caperent,
1271 5119 1363 5193 atque
1389 5111 1506 5172 exittun
1533 5129 1598 5171 nou
1625 5129 1713 5172 secus

113 5213 195 5283 tam,
207 5211 358 5285 tanquam
371 5207 520 5267 natinalis
538 5206 692 5267 emanatio
711 5207 821 5282 Patris3
837 5225 891 5268 vo-
942 5213 1033 5285 atque
1048 5212 1156 5286 ἐνέργεια
1170 5203 1247 5284 ipsa.

152 5402 175 5442 a
196 5386 300 5443 Multi.
320 5385 432 5457 uptote
443 5387 491 5459 γὰρ
501 5386 568 5458 λέγει
579 5386 624 5455 τὴν
638 5387 698 5459 πρὸς
720 5388 749 5440 rb
772 5387 852 5440 κεῖσαι
864 5386 896 5441 τὰ
944 5386 1005 5440 ὄντα
1018 5379 1073 5439 οἷον
1085 5385 1190 5452 κίνησιν,
1204 5383 1347 5456 aridei-itu.

152 5523 345 5579 illes-Iltcap.
358 5536 388 5569 ir.
