3956 6168
331 358 390 419 ³82
836 348 1160 417 THEOLOGIGORUM
1186 348 1415 411 DOGMATUM.

332 522 440 583 drinus
468 521 502 581 in
529 528 640 601 quurto
663 518 859 583 stromateon.
890 522 997 601 Neque
1029 536 1102 581 vero
1150 518 1230 580 riam
1244 519 1386 578 rideatur
1399 530 1562 595 usurpasse
1580 512 1649 574 boni
1671 506 1865 573 uocabulum,
1883 526 1914 567 sc

331 614 509 677 damnanda
531 619 587 691 est,
612 613 869 675 siEusebiunuset
883 615 1005 675 Asianus
1027 610 1105 674 illud
1152 618 1217 673 tam
1232 609 1368 690 proidca
1382 606 1469 676 boui,
1486 622 1580 688 quarn
1604 620 1661 684 pro
1680 616 1804 662 summo
1816 614 1915 659 rerum

331 705 468 787 perfidiae
481 706 566 767 uinis
588 705 677 781 absit,
706 722 809 786 neque
837 707 995 787 exemplar
1022 705 1105 766 istud
1154 704 1296 764 omnium
1310 707 1341 764 et
1350 703 1492 763 idearum
1506 698 1601 760 simul
1613 698 1753 777 ipsarum
1775 692 1915 772 principio

332 804 505 860 creutsrum
518 816 625 860 rerum
643 799 742 877 grum
755 799 871 861 factum
892 816 957 861 csse
971 799 1101 860 dicatu.
1153 796 1330 877 sumpsisse.

372 890 438 951 Vll.
461 892 561 971 usquo
584 897 619 951 ut
642 891 777 952 Plutonis
797 891 940 952 idearum
957 890 1105 971 liquidius
1193 885 1598 949 Adhaecl'roclusidesrum
1607 875 1916 962 gcueruduostuluit.

333 983 422 1044 uobis
435 984 514 1044 ratio
541 986 669 1059 constet,
694 984 776 1063 quod
795 988 826 1044 et
839 984 879 1045 ud
892 984 1006 1044 multas
1030 982 1105 1043 alias
1154 982 1233 1042 Nam
1247 981 1321 1042 nlius
1334 998 1399 1043 esse
1412 980 1481 1041 vult
1493 994 1563 1057 qun
1576 992 1683 1037 rerum
1697 969 1919 1033 substantium

332 1074 566 1136 iustitutinostri
572 1082 685 1155 partes,
694 1076 768 1137 etad
776 1082 960 1156 praesentem
970 1076 1105 1137 maxime
1155 1075 1320 1135 exstantias
1334 1073 1503 1138 continent,
1513 1076 1550 1131 ut
1559 1068 1680 1129 estidca
1691 1061 1841 1137 bominis,
1855 1062 1919 1141 equ

333 1168 723 1247 disputationemiuterest3
737 1168 972 1229 revocsudsllle
986 1167 1105 1228 suntin
1154 1184 1190 1227 uc
1203 1172 1387 1228 coeterorum
1399 1184 1469 1246 quse
1491 1162 1618 1245 nojeuo
1639 1160 1826 1220 uocantum.
1847 1153 1920 1215 Aliss

334 1261 518 1321 memorium
532 1275 602 1340 qum
615 1260 673 1321 sub
686 1260 782 1322 finem
793 1260 953 1320 librisexti
966 1258 1107 1341 dellepu·
1155 1276 1264 1321 eorum
1291 1278 1361 1340 ques
1389 1258 1525 1337 subjecto
1549 1253 1725 1336 perficiunt,
1755 1245 1920 1328 wusmodi

336 1351 412 1413 llice
427 1350 520 1432 poulo
544 1353 583 1413 de
595 1353 635 1412 lis
647 1354 782 1434 pressius
794 1353 848 1415 sed
871 1353 1000 1413 obscure
1015 1353 1107 1413 disse
1156 1357 1229 1412 sunt
1241 1352 1318 1412 idere
1327 1350 1413 1427 boui,
1429 1347 1560 1430 pulchri,
1568 1345 1657 1426 justi,
1672 1341 1920 1421 reliqumrumque

334 1446 408 1506 mit.
423 1445 469 1506 lbi
479 1462 551 1507 cum
562 1445 601 1506 de
612 1445 694 1506 bono
703 1446 872 1527 disputaret
887 1445 991 1528 (quem
999 1451 1107 1507 utrum
1155 1444 1316 1506 virtutum.
1346 1444 1390 1505 Ac
1415 1443 1555 1523 priorum
1567 1438 1743 1519 principem
1756 1435 1848 1496 docet
1864 1450 1920 1495 eme

335 1552 495 1600 summum
513 1540 613 1598 Deum
625 1536 778 1617 intelliget
791 1556 833 1598 nn
847 1554 883 1598 eo
897 1537 1015 1618 aliquid
1028 1537 1106 1598 iule-
1156 1547 1200 1615 clv
1232 1545 1326 1611 οοοίον,
1341 1536 1373 1598 id
1388 1541 1435 1597 est
1455 1531 1657 1606 substantium,
1672 1527 1854 1610 posterioris
1874 1544 1919 1606 ge·

337 1630 411 1706 rius,
423 1628 831 1712 Platoniciintersecertsut)
844 1630 1107 1711 comparutionem
1157 1630 1250 1707 norb,
1266 1636 1381 1710 τάγαθὸν,
1395 1627 1511 1688 bouum
1528 1624 1666 1703 Denique
1683 1620 1801 1701 triplex
1813 1618 1919 1680 ibidem

336 1722 504 1803 «mumdum
517 1722 600 1783 inter
618 1722 721 1782 visum
736 1722 899 1783 oculorum
912 1726 943 1783 ct
956 1727 1105 1799 mentem,
1156 1723 1261 1784 bouum
1276 1720 1400 1783 Procius
1426 1717 1599 1799 cognoscit:
1629 1736 1644 1773 ο
1658 1714 1767 1776 Unum
1781 1716 1813 1773 et
1822 1710 1920 1792 princi

336 1834 385 1877 res
399 1815 599 1896 upscubsscs
612 1819 643 1876 et
660 1815 869 1896 intolliglbllcs
882 1817 1025 1877 instituit.
1042 1816 1109 1877 Ete·
1157 1816 1226 1895 pule
1240 1816 1325 1895 quod
1345 1811 1520 1893 participari
1533 1808 1644 1889 nequit
1663 1810 1694 1867 et
1706 1810 1754 1867 est
1767 1802 1919 1885 strpersule

336 1910 403 1970 nim
426 1910 460 1970 in
482 1908 599 1970 risione
630 1912 764 1987 quatuor
781 1908 840 1969 ista
862 1909 1106 1982 considerentur,
1158 1908 1319 1969 stantisle:
1341 1905 1473 1967 alterum
1492 1902 1576 1983 qnod
1590 1904 1635 1962 est
1657 1898 1920 1959 substuntimmet

337 2003 443 2063 oculus
457 2016 512 2062 scu
534 2000 659 2061 ridendi
681 1999 820 2078 incultus,
835 1996 868 2061 id
885 2000 969 2080 <prod
986 2000 1110 2061 videtur
1158 1999 1334 2082 participari
1360 2000 1556 2078 nonpotest:
1571 1992 1699 2054 tertium
1721 1988 1809 2069 quod
1834 1992 1920 2068 potem

337 2100 369 2156 et
380 2096 436 2156 lux
458 2094 547 2174 oujm
560 2110 619 2174 ope
642 2092 748 2153 omnia
768 2099 948 2170 cernimur,
973 2097 1041 2153 tum
1064 2090 1110 2153 sol
1159 2092 1354 2174 participari:
1371 2088 1454 2171 quod
1471 2092 1665 2170 postremum
1677 2085 1711 2143 iu
1727 2081 1822 2143 uobis
1841 2082 1917 2143 inest

337 2187 414 2248 lucis
427 2191 704 2265 auctorecparcus.
716 2185 877 2263 Numquae
891 2184 925 2245 in
939 2184 1001 2245 alio
1015 2203 1110 2264 quam
1161 2186 1255 2247 Porro
1283 2183 1510 2246 substantiium
1536 2184 1582 2241 est
1607 2175 1707 2239 ideale
1719 2174 1774 2236 vel
1791 2174 1917 2241 toruus.

337 2278 423 2339 illius
449 2276 612 2357 splendore
639 2276 886 2356 conspiciuntur,
915 2295 952 2337 ea
973 2276 1111 2337 tenebris
1160 2274 1477 2359 supersubstantirum
1508 2271 1591 2353 quod
1612 2269 1695 2330 ultra
1728 2265 1920 2328 mbstsntism

338 2367 470 2432 admista
495 2387 560 2430 nou
582 2368 717 2430 dilucide
738 2368 893 2430 videntur.
906 2368 957 2429 Sic
969 2367 1004 2429 in
1016 2369 1112 2430 altera
1161 2369 1268 2431 esst.»
1295 2366 1390 2430 Addit
1409 2367 1536 2446 insuper
1549 2362 1633 2443 quod
1654 2360 1694 2422 nd
1708 2376 1781 2421 rem
1796 2364 1920 2420 uosbsm

338 2463 418 2525 serie
432 2467 590 2537 moreest,
614 2460 726 2522 deinde
742 2476 792 2522 res
805 2467 959 2541 perceptu,
974 2467 1044 2522 tum
1057 2478 1110 2523 rc·
1161 2460 1343 2541 cumprimis
1359 2463 1493 2541 spectat:
1514 2456 1647 2517 uideam
1669 2451 1747 2514 boui
1761 2448 1920 2532 nuncupni

339 2556 426 2631 ritas,
441 2553 619 2615 eudemum
636 2553 708 2614 idea
720 2552 807 2629 boni,
833 2566 927 2632 quam
951 2571 970 2613 s
983 2555 1111 2616 veritate
1160 2561 1226 2616 tum
1239 2555 1373 2615 formam
1387 2570 1457 2631 quse
1470 2547 1671 2631 participatur
1685 2549 1717 2606 et
1726 2550 1774 2605 est
1790 2542 1919 2622 intell'ni-

340 2645 557 2722 discernit‚utl
569 2644 626 2705 lux
642 2660 661 2706 a
679 2644 743 2706 sole
756 2645 860 2706 ‹listat
881 2644 924 2706 Ac
933 2644 1026 2726 paulo
1040 2653 1112 2708 aute
1161 2647 1232 2708 bilis
1259 2666 1295 2707 nc
1321 2650 1476 2726 separatu,
1505 2657 1601 2721 quum
1622 2637 1655 2698 id
1672 2636 1759 2717 quod
1783 2635 1921 2697 antecedit

341 2742 424 2802 inter
447 2745 553 2820 τάγαθὸν
575 2742 606 2798 et
632 2742 739 2818 τάγαθοῦ
754 2743 856 2818 ἔγγονον
870 2736 1038 2800 discrimen
1047 2757 1112 2801 esse
1161 2734 1918 2817 intelligibiliaomnia,ipsumquesepcratumest.»

341 2831 538 2914 significavit,
553 2829 587 2891 id
601 2834 647 2893 est
660 2828 743 2890 inter
765 2827 868 2890 meum
883 2835 914 2891 ct
927 2830 996 2892 leui
1007 2833 1110 2913 suum,
1163 2832 1250 2906 Quod
1265 2837 1296 2891 et
1309 2831 1453 2909 deinceps
1466 2827 1577 2906 smpius
1599 2823 1745 2884 inculcat.
1763 2822 1812 2882 Ex
1824 2821 1921 2900 quibus

342 2930 378 2986 ut
391 2927 538 3006 apparent
569 2927 674 3002 τάγαθὸν
689 2920 844 2982 ePlutuuc
858 2922 957 2983 Deum
966 2923 1111 3004 intelligi,
1163 2927 1298 3005 apparot,
1314 2920 1398 2982 ideas
1411 2938 1450 2981 er
1469 2923 1573 2979 mente
1592 2914 1727 2976 Plutonis
1746 2933 1815 2974 nnn
1833 2913 1921 2993 ipsum

342 3026 444 3080 uotum
458 3034 533 3078 vero
548 3032 585 3076 cx
598 3013 680 3091 loro,
697 3014 799 3076 ideam
814 3014 901 3076 boul.
918 3016 1033 3096 Exque
1044 3037 1114 3079 con·
1163 3019 1263 3078 Deum
1277 3030 1352 3093 esse,
1368 3030 1468 3092 neque
1492 3006 1728 3083 intellectorem,
1748 3005 1785 3067 id
1799 3011 1843 3067 est
1854 3010 1921 3074 rum

343 3109 540 3190 sequemur,
566 3107 663 3168 solem
678 3107 732 3187 qui
746 3106 955 3187 principatum
973 3114 1058 3171 tenet
1080 3112 1115 3172 in
1163 3111 1262 3190 ipsum
1290 3106 1355 3176 Del,
1381 3123 1476 3186 qurum
1502 3101 1587 3163 velut
1606 3096 1873 3161 immuncutcmin
1891 3112 1921 3153 co

343 3204 452 3265 ordine
466 3198 698 3282 aspectabilium
712 3219 777 3261 non
790 3201 976 3280 respondere
991 3220 1114 3265 summo
1164 3202 1317 3264 actionem
1344 3198 1499 3279 cogitarit,
1514 3194 1569 3256 scd
1590 3192 1709 3273 aliquid
1732 3191 1774 3253 ab
1798 3190 1851 3252 illu
1862 3204 1921 3270 pro·

267 3352 274 3367 ‚
344 3294 581 3372 bencelinus,
597 3293 985 3374 idestrtpoelp,scdbujus
1009 3303 1114 3379 ἐηόοῳ,
1165 3296 1293 3357 ductum
1309 3298 1339 3353 et
1351 3292 1418 3371 cJ‘us
1427 3288 1581 3363 ellectum,
1597 3302 1711 3365 nempe
1720 3284 1838 3346 formas
1850 3277 1923 3343 intel·

345 3408 415 3470 quoe
429 3393 475 3449 est
488 3386 558 3447 idea
569 3384 655 3445 boui.
1165 3381 1540 3467 ligibilcsctuuirersules
1556 3395 1689 3459 quarum
1703 3372 1922 3458 participatione

385 3480 464 3542 Vlll.
476 3480 547 3541 lam
555 3474 1004 3541 Proclusincommculariisad
1013 3481 1116 3543 locum
1165 3476 1484 3559 singissulormantur.
1976 3502 1977 3517 ο

347 3575 436 3636 illum
459 3572 537 3633 sexti
549 3570 622 3632 libri
644 3569 679 3630 cle
706 3568 870 3651 Repraeblico
897 3574 1116 3651 perobscurum
1207 3573 1312 3633 lX.llc
1326 3564 1490 3630 Platonicis
1498 3560 1647 3626 istisideis
1661 3564 1806 3624 accurate
1819 3555 1923 3621 dissent

347 3684 412 3728 csse
425 3662 903 3728 demonstratPlutonisillumdc
917 3665 1115 3747 bonodispu-
1168 3664 1350 3738 Eustrntius,
1364 3655 1623 3723 Nicomocluorum
1645 3653 1809 3716 ethicorum
1828 3648 1924 3715 briem

347 3752 799 3836 mbonem¹.Siquldemridcri
810 3756 1026 3838 stutimrdpabv
1039 3759 1117 3820 illud
1151 3754 1235 3820 ‘telis
1253 3754 1404 3836 interpres
1416 3753 1466 3829 ,dn
1484 3750 1609 3811 initium
1623 3746 1730 3828 capitis
1743 3744 1847 3826 quarti
1865 3736 1923 3803 limi

290 3846 296 3860 ’
348 3852 493 3914 cumsole
506 3866 694 3929 comparare,
712 3852 743 3908 ct
756 3838 839 3908 idem
848 3850 1033 3912 constituere
1047 3868 1118 3913 oum
1168 3850 1271 3932 primi,
1300 3847 1354 3908 ubi
1369 3846 1407 3906 dc
1421 3842 1480 3905 illis
1494 3842 1558 3922 agit
1579 3839 1794 3923 philosophus.
1824 3838 1859 3898 Et
1877 3832 1924 3895 crit

348 3946 426 4008 ideis
447 3961 524 4024 ques
549 3944 638 4002 vocat
662 3949 690 4002 τὸ
706 3946 852 4015 comeatu,
868 3950 897 4002 το
912 3948 1074 4025 altuspullus,
1090 3952 1119 4007 τὸ
1169 3961 1271 4026 oper-u
1284 3939 1419 4023 prelium
1432 3954 1503 4018 quau
1517 3933 1689 3997 Eustrutius
1699 3931 1740 3992 ud
1755 3928 1923 3992 enmloum

349 4042 515 4110 sororium,
530 4051 600 4115 quse
611 4038 683 4095 sunt
694 4029 886 4113 pulchritudo
902 4033 975 4114 ipso,
990 4034 1056 4116 ipso
1069 4036 1119 4098 lo-
1169 4033 1337 4110 adnotnrit,
1363 4029 1542 4092 summatim
1556 4042 1732 4106 excerpere.
1748 4024 1786 4084 ld
1805 4016 1922 4083 enimsi

271 4124 273 4129 ’
349 4132 438 4198 roilus,
449 4130 515 4210 ipso
524 4126 660 4209 justitio.
672 4127 789 4186 Verum
803 4125 951 4204 quonium
965 4128 1119 4192 codemin
1170 4127 1347 4191 limenorum
1366 4123 1587 4184 Palumitarum
1605 4119 1644 4180 dc
1664 4117 1779 4198 quibus
1794 4117 1826 4175 in
1839 4113 1923 4194 primo

348 4223 415 4284 loco
428 4222 512 4282 ideas
524 4219 593 4280 illus
605 4236 624 4278 u
638 4218 721 4278 bono
735 4216 907 4278 collustrari
921 4219 1003 4287 dicit,
1020 4221 1118 4282 videri
1165 4221 1245 4282 libro
1255 4214 1557 4295 dixiiuleliigendam
1568 4210 1749 4292 opinionem
1757 4221 1923 4289 nonpcmm

349 4332 443 4395 supra
460 4313 546 4373 ideas
567 4310 736 4371 consistens
763 4308 889 4388 aliquod
912 4328 1021 4372 curum
1031 4313 1121 4374 inim-
1167 4312 1326 4380 conducet,
1352 4326 1409 4370 uec
1431 4326 1496 4368 nou
1519 4302 1671 4385 Dionysii,
1689 4320 1787 4383 quam
1801 4293 1922 4379 sequffli

349 4407 458 4468 lesisse
498 4403 694 4484 principium,
719 4401 769 4462 cui
795 4402 918 4464 nullum
959 4406 1120 4483 augustius
1167 4382 1921 4488 eapiupropouemusurlatoncm,assummum,
1975 4432 1976 4477 j

351 4517 446 4579 quium
459 4496 530 4558 loni
549 4513 665 4557 nomen
679 4492 841 4573 imponere
855 4494 967 4574 potuit.
984 4494 1025 4558 Ut
1039 4498 1117 4559 bila-
1167 4514 1326 4560 summum
1363 4508 1471 4553 rerum
1506 4488 1698 4569 principium
1730 4486 1922 4564 indagantem,
1975 4482 1976 4493 ’

390 4743 411 4784 a
428 4725 556 4782 Pnoctns.
577 4726 671 4779 Διττῶν
686 4721 733 4796 γὰρ
746 4723 824 4778 ὄντων
839 4727 888 4778 τῶν
904 4722 974 4778 εἰδῶν
987 4727 1028 4779 rui
1044 4729 1124 4799 μόνως
1209 4742 1224 4783 c
1242 4722 1363 4780 Proetus
1377 4720 1450 4777 circu
1463 4717 1538 4775 med.
1563 4716 1628 4771 ‘leta
1641 4714 1689 4789 γὰρ
1703 4720 1749 4770 τοῦ
1763 4706 1924 4788 ἂγαθῶνιὶϊό

353 4817 403 4867 τῶν
421 4806 464 4883 μὶν
475 4808 520 4871 τὰς
534 4804 645 4879 inbellis
658 4812 708 4861 τῶν
724 4805 927 4880 εἶδοποῑουμένων
946 4809 1122 4882 ἂφοριζόντων,
1177 4808 1342 4883 μετεχόμενόν
1353 4804 1417 4860 ἔστιν
1433 4798 1506 4869 εἶδος,
1521 4803 1562 4855 κα1
1573 4800 1602 4855 τὸ
1616 4798 1716 4869 sortis,
1732 4802 1747 4854 d
1761 4796 1810 4853 ἔστι
1818 4793 1923 4871 pupule

354 4893 451 4958 τῶνδὲ,
463 4892 506 4954 τὰς
521 4891 665 4956 τελειώσεις,
682 4896 735 4946 ele.
1174 4893 1213 4945 ml
1228 4890 1257 4945 cl
1272 4891 1320 4963 πρὸ
1335 4894 1384 4943 τῶν
1399 4891 1504 4955 νοητῶν,
1516 4886 1530 4939 l
1541 4883 1592 4939 ἔστι
1605 4882 1739 4958 χωριστόν.

390 4978 469 5035 Mox:
493 4975 541 5028 [iu
559 4978 608 5027 τῶν
624 4972 667 5047 pic
681 4969 781 5041 ἥοῦοΐα
795 4972 893 5027 πάντων
910 4969 1014 5046 ἡγεῖται·
1033 4981 1082 5029 τῶν
1097 4976 1124 5030 δὲ
1208 4975 1378 5031 dEusran.
1396 4972 1425 5027 in
1454 4970 1475 5027 1.
1501 4967 1571 5025 Eric.
1596 4965 1686 5038 Ὀγὰρ
1704 4966 1808 5020 Πλάτων
1826 4960 1875 5033 περὶ
1891 4960 1924 5024 ‘ll

353 5062 382 5116 ‘l’
397 5060 496 5132 d'i⁶‘⁰⁶l·
1173 5057 1189 5111 oi
1204 5060 1251 5130 γῆς
1265 5060 1314 5111 τῶν
1333 5050 1410 5109 ὄντων
1425 5052 1548 5123 ζητήσας,
1567 5048 1597 5105 rb
1621 5050 1646 5103 lv
1667 5044 1769 5117 ἔκεῑνῃν,
1783 5046 1823 5099 καὶ
1836 5041 1924 5115 ippum

390 5142 467 5200 bld·
495 5142 529 5195 m
555 5139 598 5214 ple
626 5138 772 5213 ἂμέθεκτον,
801 5140 840 5195 nul
867 5136 1019 5214 batpalmas·
1045 5144 1074 5195 τὸ
1098 5140 1124 5196 δὲ
1174 5079 1246 5204 elva,
1257 5141 1298 5192 καὶ
1308 5135 1414 5210 τάγαθὸν
1426 5135 1576 5209 ἆπεφῄνατο·
1591 5135 1640 5187 πᾶν
1654 5127 1923 5198 δὲδνώτῆςῌᾳμῦ,

354 5226 469 5288 οὐσιῶδες
480 5224 621 5298 ἀμέθεκτον·
642 5223 711 5277 τὸδὲ
728 5225 852 5295 peleusii·
868 5229 978 5279 τοιοῦτον
993 5223 1040 5297 γὰρ
1056 5222 1123 5278 τόἔν
1173 5221 1206 5286 ὥς
1219 5220 1353 5295 ὒπεροΰσης
1375 5218 1429 5292 μὲν,
1452 5218 1493 5272 καὶ
1516 5216 1691 5290 inspuetur,
1714 5214 1791 5269 πάντα
1812 5211 1838 5264 tl
1858 5222 1924 5278 εἰμί·

353 5309 423 5380 ἡμῖν·
439 5307 596 5369 circuierit
612 5305 784 5374 τὸεῖδητνκόν·
800 5306 941 5379 inspolmor
958 5306 984 5362 δὲ
999 5308 1028 5362 τὸ
1042 5307 1125 5371 οὐσίας
1173 5307 1264 5380 polone
1284 5303 1308 5357 lv
1324 5302 1386 5376 αὐτῇ
1401 5303 1551 5369 ἀνεννοήτους
1569 5300 1610 5354 καὶ
1623 5297 1783 5371 inmusulus,
1804 5294 1844 5357 ss<
1859 5288 1923 5362 tell·

354 5389 462 5445 ἐπέκεινα
476 5389 556 5460 ῥηθέν.
1174 5391 1230 5451 δους
1244 5388 1426 5459 δὲποιουμὲνης
1434 5387 1494 5456 πρὸς
1504 5387 1601 5438 ἅπαντα
1610 5382 1785 5453 dempserim<
1794 5374 1882 5441 ἒωτῆς,
1891 5370 1923 5423 1⁹3

384 5556 392 5602 l
409 5554 506 5607 Procius,
518 5566 567 5610 pap.
581 5552 628 5598 lul.
