3942 6168
359 372 409 432 DE
430 372 504 432 DEO
525 371 669 446 DEIQUE
689 373 1040 445 Puoeutsrnrtuus
1064 375 1136 436 Lis.
1160 376 1206 445 ll,
1231 378 1313 438 CdP.
1338 378 1375 439 ll.
1607 383 1665 441 193

75 533 240 609 rationobs,
255 542 377 615 potens,
401 555 459 598 nec
478 538 609 599 accessio
631 544 677 598 est
701 538 746 599 illi
768 538 848 600 tacta
898 557 974 615 esse,
990 540 1074 619 quod
1087 539 1196 618 {solum
1218 549 1264 603 cst
1286 543 1437 621 eiusmodi
1458 551 1494 606 ut
1510 562 1612 625 neque
1630 546 1670 611 ad

77 626 205 707 perlecti.
220 627 356 708 Cyrillus
376 629 451 690 item
462 630 847 692 Alexandrinuseamdem
896 633 1048 711 scipsum,
1073 651 1175 712 neque
1206 635 1352 697 adalind
1385 635 1527 716 indigens
1551 638 1589 699 sit
1603 649 1625 700 0.
1651 662 1667 699 ο

77 719 156 780 illam
180 721 369 782 seutentiam
388 722 497 783 Hilarii
507 723 633 783 brevius
647 723 792 803 exprimit
810 723 846 784 in
896 724 1013 797 Quibus
1033 725 1144 786 Plotini
1164 726 1267 788 verbis
1285 728 1426 807 apprime
1446 729 1478 789 id
1498 730 1670 808 quoddixi·

78 811 190 891 dimogo
201 812 307 891 primo
318 812 354 873 de
363 810 520 875 Probitate.
539 815 640 890 «Nos,
656 815 767 895 inquit,
781 834 846 876 non
895 834 967 877 mats
979 817 1160 894 ostenditur,
1181 819 1277 880 talem
1297 820 1464 880 divinitatis
1483 839 1548 883 essa
1560 823 1667 884 condi·

77 921 176 964 sumus
187 910 301 965 natma
315 904 478 985 simplices,
498 908 578 968 Deus
595 912 701 968 autem
714 907 846 987 simplex
882 908 1023 991 udonem,
1050 914 1085 969 ut
1108 930 1172 971 non
1197 930 1214 971 e
1240 912 1380 991 pluribus
1408 911 1504 972 veluti
1529 914 1669 992 partibus

77 1014 170 1075 neque
183 998 374 1077 compositus
384 1004 430 1059 cst
441 999 570 1060 omnino
589 1005 620 1060 ct
632 1000 845 1060 omnimodam
894 1006 1038 1062 contexta
1056 1007 1087 1061 ct
1112 1008 1326 1081 coagmentata
1351 1003 1389 1063 sit
1406 1003 1489 1064 illius
1510 1004 1666 1084 perfectio,

79 1090 108 1150 in
120 1106 150 1150 se
166 1089 388 1169 perfectionem
413 1090 508 1151 babet
529 1090 645 1151 nullius
669 1109 775 1170 egens.
803 1093 846 1153 At
893 1094 946 1153 sed
967 1099 1002 1153 ut
1020 1093 1078 1153 sibi
1099 1094 1156 1173 ipsi
1175 1101 1287 1156 nattna
1310 1096 1365 1156 illa
1387 1096 1516 1157 omnino
1531 1101 1563 1157 et
1581 1116 1620 1158 ex
1636 1118 1669 1161 se

80 1198 217 1261 corporea
227 1181 332 1241 omnis
342 1188 501 1243 naturaex
511 1183 844 1263 partibusquibusdam
892 1189 958 1245 tota
982 1185 1121 1246 sufficiat.
1154 1187 1234 1246 Nam
1261 1188 1287 1247 si
1317 1188 1439 1248 bonitas
1466 1194 1521 1248 aut
1548 1188 1669 1267 justitia

81 1274 276 1352 componitur,
289 1292 361 1353 qnae
380 1276 419 1336 ad
431 1293 531 1337 unum
542 1275 667 1355 aliquod
685 1275 842 1355 integrum
892 1277 994 1356 reipsa
1005 1277 1171 1338 ‹biterreta
1182 1278 1342 1358 sapientia,
1367 1298 1432 1339 non
1451 1285 1530 1340 esset
1541 1281 1597 1341 sibi
1608 1282 1668 1361 ipsi

81 1365 289 1444 complendum
301 1372 490 1428 concurrtmt
501 1378 526 1427 ⁶.
543 1388 558 1424 ο
892 1370 1042 1449 sapientia
1062 1368 1217 1430 sufficiens
1231 1388 1332 1449 neque
1347 1371 1421 1446 Deo,
1442 1372 1496 1432 sed
1513 1372 1574 1432 alia
1584 1374 1668 1434 insu-

116 1457 163 1517 xl.
193 1457 281 1518 Hanc
313 1465 456 1540 atttpmao
490 1459 523 1519 id
540 1464 597 1534 est,
616 1458 840 1538 sufficientium,
891 1479 947 1540 per
961 1461 1089 1540 adjungi
1101 1461 1159 1521 sibi
1173 1467 1356 1522 ornamenta
1369 1462 1549 1541 postularet.

83 1548 200 1627 quesibi
218 1555 329 1611 seseet
339 1569 378 1611 ex
396 1556 459 1612 toto
472 1551 545 1611 satis
555 1557 601 1611 est
613 1553 693 1613 Deris
704 1552 841 1631 adeoque
930 1555 1068 1633 Denique
1088 1554 1258 1615 Richardns
1278 1554 1458 1615 Victorinus
1479 1574 1517 1615 ex
1541 1558 1665 1617 aeterni-

83 1640 231 1720 perlectus,
246 1641 386 1703 Plotinus
397 1642 624 1704 animadvertit.
642 1664 657 1700 «
669 1642 734 1703 Nisi
744 1643 839 1718 enim,
889 1651 952 1706 tate
976 1652 1007 1706 ct
1020 1646 1269 1707 immutabilitate
1288 1647 1344 1708 Dei
1362 1646 1588 1726 simplieitatem
1600 1648 1667 1727 ejus

84 1733 182 1812 inquit,
201 1734 335 1813 simplex
353 1735 421 1811 erit,
443 1734 483 1795 ab
501 1734 589 1795 omni
607 1752 733 1814 prorsus
750 1752 839 1814 coag-
890 1736 933 1798 ita
945 1738 1115 1799 concludit:
1133 1739 1248 1813 «Quod
1260 1737 1448 1818 expluribus
1462 1740 1666 1820 compositum

85 1826 259 1886 mentatione
272 1832 304 1887 et
315 1827 535 1906 compositione
546 1826 679 1888 liberum
688 1846 723 1887 ac
734 1845 842 1889 revera
890 1835 951 1906 est,
966 1829 1147 1890 naturaliter
1160 1830 1310 1891 divisibile
1323 1836 1385 1891 est:
1399 1837 1430 1891 et
1448 1832 1531 1910 quod
1544 1838 1666 1895 nanna-

85 1935 181 1993 nnum,
189 1937 253 1979 uon
260 1919 320 1980 erit
330 1919 527 1999 principium.
538 1920 598 1979 Sed
610 1925 640 1980 et
652 1918 842 1980 sufficientis
889 1921 1010 1982 litercst
1020 1923 1180 1997 cliv·isibile,
1191 1923 1370 1983 rvabualiter
1382 1928 1413 1983 et
1425 1923 1662 1987 commutabile:

84 2010 185 2070 amum
204 2028 241 2071 eo
258 2011 326 2090 ipso
348 2010 440 2071 debet
463 2029 528 2072 esse
547 2011 632 2090 quod
649 2011 688 2071 sit
710 2011 841 2090 simplex
890 2019 921 2074 et
945 2014 999 2073 ubi
1025 2020 1070 2074 est
1094 2014 1364 2090 commutabilitas,
1389 2033 1455 2075 non
1479 2021 1579 2094 potest
1597 2035 1663 2079 esse.

85 2103 263 2182 etprimum
298 2103 451 2163 omnium.
479 2103 559 2163 Nam
584 2102 667 2182 quod
699 2119 764 2164 non
796 2110 842 2164 est
890 2108 1062 2181 eternitas3
1077 2111 1107 2166 et
1115 2106 1157 2167 sic
1166 2125 1305 2167 necuere
1316 2105 1452 2167 felicitas.
1467 2107 1663 2170 Sedinbono

83 2194 216 2274 primurm
238 2194 405 2274 indigeteo
417 2195 501 2274 quod
510 2199 583 2255 ante
594 2213 627 2255 se
638 2200 694 2255 est.
709 2196 746 2255 llt
757 2197 841 2274 quod
889 2200 973 2278 qnod
985 2199 1198 2259 tranversaliter
1210 2197 1442 2278 perfeetumest,
1458 2199 1537 2259 nihil
1549 2200 1664 2261 borum

84 2293 191 2348 maest
207 2287 350 2367 simplex,
370 2287 488 2364 indiget
509 2287 547 2347 iis
565 2286 754 2366 simplicibus
770 2306 839 2366 qma
889 2290 994 2353 deesse
1006 2298 1107 2370 potest
1120 2289 1142 2352 ¹.
1158 2313 1173 2348 a
1191 2292 1310 2352 Verum
1328 2297 1440 2352 utnon
1452 2290 1553 2352 solum
1567 2310 1661 2369 gene-

83 2378 187 2459 inipso
210 2385 302 2453 sunt,
322 2383 359 2439 ut
376 2397 415 2440 ex
435 2379 496 2439 illis
513 2385 631 2440 constet
642 2377 664 2439 ὁ.
685 2401 700 2436 ο
724 2380 841 2440 Rursus
889 2384 981 2444 ratim
1002 2402 1066 2444 esse
1080 2383 1251 2463 simplicem
1276 2385 1375 2445 Deum
1401 2383 1556 2462 nullisque
1581 2403 1664 2445 com-

84 2468 155 2531 idcm
165 2472 304 2532 Plotinus
314 2471 388 2532 alibi
405 2471 559 2532 actionem
576 2476 739 2551 propterea
756 2472 840 2533 idem
889 2477 964 2555 poni
990 2475 1129 2555 partibus
1152 2476 1324 2551 ostendam,
1349 2493 1405 2554 per
1433 2475 1662 2555 compositionis

0 2589 15 2608 ν·
42 2574 53 2618 ’.
83 2580 139 2623 esse
159 2582 228 2624 cum
246 2563 417 2624 substantia
442 2567 473 2624 et
494 2570 626 2625 tassetan
665 2564 773 2624 asserit
805 2564 839 2624 iu
888 2567 1004 2645 species
1015 2569 1096 2647 ipsas
1107 2568 1248 2628 ducenda
1262 2573 1307 2627 est
1321 2566 1419 2627 oratio
1433 2586 1468 2627 ae
1482 2567 1661 2646 singillatim

83 2656 137 2716 Deo
157 2656 270 2735 equod
295 2655 412 2735 alioqui
433 2655 648 2735 imperfectum
675 2663 754 2716 esset
773 2675 841 2735 per-
888 2659 1166 2720 demonstrandum
1179 2665 1235 2731 est,
1245 2659 1331 2719 nullo
1344 2659 1377 2718 in
1385 2677 1499 2738 genere
1513 2660 1662 2738 composi-

83 2748 267 2809 iectissimum
307 2748 449 2808 omnium
496 2747 694 2826 principium.
733 2747 776 2807 Ao
813 2749 840 2808 si
888 2756 957 2811 tum
976 2751 1084 2811 haberi
1102 2769 1191 2831 posse
1210 2752 1320 2811 Deum.
1338 2751 1371 2811 Si
1385 2751 1461 2829 quid
1480 2750 1565 2811 enim
1579 2769 1661 2811 com-

83 2840 196 2919 adjungi
219 2844 309 2920 putat
331 2839 495 2915 actionem,
526 2857 590 2899 non
614 2838 747 2899 servabit
766 2840 837 2899 uni·
888 2843 1048 2925 positionis
1059 2844 1182 2919 inesset,
1198 2861 1235 2903 ea
1246 2848 1400 2904 constaret
1410 2843 1460 2903 vel
1472 2860 1511 2903 ex
1522 2843 1661 2921 personis

82 2935 178 2993 tatem
200 2934 301 3006 Quare
319 2932 346 2992 si
369 2931 447 2991 netto
471 2929 634 3010 perfectius
652 2930 769 3009 aliquid
793 2937 840 2992 est
887 2954 1056 3015 earumque
1083 2934 1332 3014 proprietatibus,
1360 2935 1469 2995 velex
1494 2952 1607 3013 genere
1625 2953 1661 2996 ac

83 3022 247 3101 ammana
260 3022 516 3104 perfectissimum
528 3026 574 3083 est
585 3028 689 3083 aarum
696 3024 781 3102 quod
793 3030 840 3084 est
887 3028 1071 3101 differentia,
1094 3027 1143 3086 vel
1158 3044 1196 3086 ex
1223 3025 1420 3105 qualitatibus
1445 3024 1660 3104 attributisque

84 3115 217 3192 primum
254 3116 392 3196 primum
426 3119 549 3194 oportet
585 3132 650 3175 esse
685 3114 839 3176 actionem
886 3127 951 3182 tam
977 3118 1173 3179 substantivis
1196 3136 1291 3196 quam
1318 3116 1535 3192 accidentibus,
1558 3117 1660 3179 velex

86 3205 362 3285 ipsnm‘aEtalibi:
377 3206 646 3286 ‹cluseipsoestita
655 3206 839 3286 utnihilipsi
887 3218 1017 3293 ἐνεργείαις
1051 3210 1083 3269 id
1115 3214 1161 3269 est
1188 3208 1351 3270 actionibus
1385 3209 1424 3269 ad
1457 3208 1660 3270 substantiam

85 3299 195 3362 occidet.
219 3299 511 3377 Porroexeoquod
528 3298 663 3378 sibiipsi
686 3298 839 3360 sufficiens
886 3302 1049 3382 adjunctis.
1075 3302 1154 3362 Nam
1165 3301 1204 3362 de
1231 3300 1291 3361 alio
1319 3300 1548 3381 compositionis
1566 3300 1660 3362 modo

85 3396 133 3465 ost,
155 3410 307 3453 summam
335 3392 393 3453 Dei
420 3392 572 3452 unitatem
602 3390 707 3451 animo
730 3409 838 3470 capere
887 3395 941 3475 qui
955 3410 1121 3474 corporum
1140 3398 1186 3453 est
1203 3392 1348 3473 proprius
1369 3398 1399 3453 ct
1416 3393 1450 3452 in
1468 3392 1659 3469 extensione,

86 3499 243 3560 possumus.
277 3486 406 3564 Oportet
440 3484 524 3544 evrim
550 3500 710 3544 summum
732 3502 838 3546 rerum
886 3488 936 3549 vel
948 3486 1079 3548 materia
1102 3491 1131 3546 et
1152 3485 1254 3546 torma
1279 3485 1426 3559 sarnitan,
1451 3484 1529 3544 nibil
1552 3483 1663 3546 attinet

86 3576 255 3657 principium
279 3576 369 3637 nullo
395 3575 488 3637 modo
514 3574 657 3653 indigum
683 3593 759 3651 esse,
785 3577 839 3637 sed
887 3579 1000 3640 dicere.
1034 3578 1113 3637 Satis
1142 3577 1226 3637 enim
1261 3576 1314 3638 illa
1340 3594 1404 3637 esse
1429 3581 1560 3655 posstmt
1590 3593 1660 3654 quae

85 3666 362 3729 sufficientissimum
373 3667 515 3728 omnium
521 3685 615 3746 seque
627 3667 692 3745 ipso
704 3667 838 3728 maxime
888 3670 986 3750 capite
1000 3668 1193 3730 antecedenti
1206 3668 1244 3728 de
1259 3685 1425 3748 corporum
1443 3686 1463 3728 a
1481 3668 1543 3727 Deo
1562 3684 1662 3745 segre·

85 3760 431 3839 mntenmm.deq11id
448 3764 554 3819 autem
568 3759 703 3819 multum
716 3764 761 3819 est
774 3778 838 3820 uon
887 3763 991 3842 ganda
1010 3761 1193 3839 contagione
1211 3761 1404 3821 tradidimus.
1428 3759 1557 3838 Reliqua
1577 3777 1662 3819 nune

84 3865 183 3927 unum,
205 3852 348 3932 indigens
362 3856 407 3914 est
425 3870 484 3913 nee
504 3869 604 3911 unum
622 3851 659 3911 fit
676 3869 715 3911 ex
734 3852 840 3912 multis
888 3853 1117 3934 compositionis
1128 3871 1243 3932 genera
1250 3851 1457 3932 particulatim
1469 3858 1609 3913 veterum
1623 3867 1661 3911 ex

85 3941 840 4024 contlabvmlnl'umwsteatcsiquidigitursuffi·
888 3952 993 4009 mente
1007 3944 1278 4026 perscrutabimur.

86 4032 289 4098 cientissimum
300 4042 421 4117 oportet
427 4055 503 4111 esse,
512 4036 596 4097 idem
608 4042 728 4117 oportet
738 4055 838 4098 tinum

115 4329 239 4384 actutu.
262 4326 350 4400 Ἦρεῖς
365 4325 408 4400 plu
429 4325 476 4400 γὰρ
497 4325 547 4399 οὐχ
566 4326 700 4394 ἇπλοῖτὴν
715 4325 794 4397 φύσιν·
810 4325 840 4379 τὸ
888 4324 1060 4392 lectitata,
1080 4330 1166 4379 πασῶν
1188 4323 1266 4377 ἔσται·
1282 4323 1324 4375 καὶ
1343 4320 1365 4374 εἰ
1384 4321 1499 4393 προσθείη
1522 4319 1659 4393 ἐνέργειαν,

86 4409 144 4482 δίῃ
155 4412 216 4466 δαῖον
238 4412 350 4483 ἁπλοῦν,
371 4413 413 4463 καὶ
433 4410 562 4464 ἀσύνθετον
576 4412 675 4483 κομιδῆ·
698 4406 840 4463 πλουτεῖδὶ
889 4407 939 4481 οὐχ
951 4411 977 4461 ἓν
992 4411 1070 4480 τηρεῖ·
1088 4407 1109 4461 εἰ
1123 4402 1166 4461 οὖν
1182 4407 1332 4478 τελειότερον
1345 4404 1362 4472 ὴ
1382 4403 1489 4477 ἐνέργεια
1503 4409 1546 4472 τῆς
1560 4403 1659 4477 obstac,

87 4491 138 4546 oto
149 4494 176 4547 τδ
194 4495 337 4549 mantio
359 4490 400 4563 ἐφ’
421 4491 502 4564 ἑαυτῷ
523 4491 604 4561 δεηδὲν
627 4491 733 4553 οὐδενός
756 4511 841 4564 σωμα-
889 4493 1044 4546 τελενότατον
1059 4489 1085 4544 δὲ
1100 4491 1130 4544 rb
1143 4491 1274 4563 πρότερον,
1289 4494 1388 4560 πρῶτον
1403 4489 1433 4541 ἂν
1449 4485 1555 4559 ἐνέργεια
1569 4485 1618 4555 εἴη.

87 4574 131 4642 tub
144 4575 168 4629 δὲ
181 4579 246 4630 πᾶσα
259 4576 381 4649 σύγκειται
401 4576 470 4647 φύσις
484 4573 511 4628 ἐκ
526 4575 618 4647 μορίων
640 4581 724 4646 τινῶν,
741 4573 774 4636 εἰς
788 4573 841 4639 ἑνός
924 4573 946 4629 d
965 4574 1051 4646 ldem,
1070 4573 1138 4629 libro
1156 4572 1202 4628 lll.
1226 4588 1251 4627 c.
1275 4586 1312 4626 tt.
1342 4567 1401 4641 ‘Ep‘
1421 4568 1509 4623 ἑαυτοῦ
1528 4571 1576 4642 γάρ
1597 4568 1661 4626 ἔστιν

87 4672 141 4719 τινος
153 4663 193 4712 τοῦ
205 4659 305 4720 τελείως
318 4658 421 4731 ἔχοντος
434 4657 582 4711 συνθεόντων
596 4657 732 4729 πλήρωσιν.
890 4656 989 4718 οὐδενὸς
1003 4656 1071 4728 αὐτῷ
1090 4655 1279 4728 σορδείηκότος·
1303 4657 1340 4724 τῷ
1361 4651 1473 4725 αὖτάρνει
1487 4650 1515 4704 δ’
1528 4651 1557 4705 ἄν
1572 4670 1608 4714 τις
1620 4655 1661 4706 καὶ

116 4738 220 4797 occe.
235 4745 312 4797 an.
334 4743 362 4797 5.
379 4740 428 4796 lib.
448 4741 494 4797 lV.
511 4755 536 4796 c.
553 4757 572 4794 r.
593 4739 623 4793 u
635 4739 683 4812 γὰρ
699 4740 731 4812 pt,
746 4739 840 4793 ἁπλοῦν
890 4739 919 4794 το
934 4738 958 4792 ἐν
974 4738 1060 4805 αὐτοῦ,
1075 4738 1100 4792 ἓν
1116 4738 1145 4791 ot
1163 4736 1194 4810 μὴ
1211 4737 1261 4803 teta
1282 4734 1498 4806 (mingendum
1513 4741 1579 4805 puto
1593 4733 1660 4789 tato·

53 4856 59 4865 ·
88 4818 297 4896 ἔσταισορδάσεως
313 4822 360 4885 ἔξω
373 4825 471 4895 πάσης,
486 4824 527 4876 καὶ
541 4824 621 4890 πάσης
636 4822 784 4890 σονθέσεως,
800 4822 841 4874 καὶ
892 4824 991 4896 ρηδείη)
1005 4823 1045 4875 δεῖ
1058 4820 1158 4893 μὲνγὰρ
1171 4820 1323 4872 ἱκανώτατον
1339 4818 1513 4872 ἁπάντωνκαὶ
1528 4818 1660 4891 αδταρκέσ·

88 4901 192 4977 taneta,
201 4907 244 4960 οδκ
258 4909 286 4961 ἂν
301 4905 366 4980 ἀρχὴ
381 4903 429 4974 εἴη·
447 4904 641 4978 αὔταρκέστατόν
656 4923 682 4957 τε
696 4908 732 4976 τῷ
747 4902 841 4957 ἁπλοῦν
889 4925 974 4976 τατον,
991 4907 1031 4958 καὶ
1051 4904 1237 4957 ἀνενδεέστατον
1252 4896 1324 4973 εἶναι,
1340 4900 1504 4973 πᾶνδὲπολδ,
1519 4902 1559 4952 καὶ
1575 4901 1607 4971 pi,
1622 4901 1659 4972 ἓν,

89 4981 149 5060 εἶναι,
162 4992 200 5042 καὶ
215 4997 315 5063 πρῶτον
330 4988 454 5043 ἁπάντων·
471 4989 500 5042 τδ
521 4988 568 5061 γὰρ
584 4988 616 5061 μὴ
631 4993 748 5059 πρῶτον,
765 4983 842 5047 ἐνδεὲς
891 4986 977 5055 ἐνδεὲς,
995 4987 1026 5058 μὴ
1042 4988 1067 5040 ἓν
1083 4984 1109 5039 ἔν
1122 4986 1224 5039 πολλῶν
1239 4985 1380 5058 γενόμενον.

89 5076 126 5123 αδ
136 5072 180 5144 πρδ
192 5072 275 5128 witot·
292 5075 323 5127 τό
344 5091 371 5126 τε
393 5072 425 5144 pl,
441 5070 535 5125 ἁπλοῦν
557 5078 607 5124 τῶν
630 5068 653 5122 ἐν
666 5069 734 5142 abidi
755 5068 841 5123 ἁπλῶν
927 5086 942 5126 e
960 5070 1047 5125 ldem.
1064 5067 1139 5139 Εἴπερ
1161 5062 1204 5121 oba
1219 5069 1261 5120 δεῖ
1278 5086 1302 5120 τε
1323 5064 1517 5139 αδταραέστατον
1536 5059 1615 5133 εἶναι,
1631 5065 1661 5119 cb

90 5150 200 5226 δεόμενον,
214 5157 252 5209 ἵν’
265 5153 281 5230 ᾖ
296 5154 320 5218 te
335 5153 443 5209 ἐκείνων.
890 5154 916 5208 ἓν
932 5148 993 5207 εἶναι
1009 5155 1065 5214 δεῖ,
1086 5159 1198 5205 τοιοῦτον
1218 5150 1247 5203 δν
1271 5151 1364 5221 μόνον,
1379 5142 1434 5202 οἷον
1451 5149 1511 5221 μήτε
1524 5147 1584 5220 πρὸς
1598 5148 1661 5204 abab

120 5252 133 5291 o
151 5238 233 5310 ldem,
248 5243 329 5295 Ean.
344 5238 371 5294 6.
389 5236 435 5293 lib.
453 5237 524 5293 lllll.
541 5253 566 5292 c.
582 5253 627 5293 xx.
648 5235 678 5289 Et
692 5235 718 5289 δὲ
733 5236 841 5290 ὓπόστα-
891 5235 980 5305 (forle
995 5233 1073 5299 αδτδ)
1090 5234 1149 5305 μήτε
1164 5232 1225 5305 πρδς
1238 5231 1302 5285 ἄλλο
1318 5229 1395 5292 ἐνδεὲς
1410 5224 1482 5283 εἶναι.

93 5334 123 5369 so
134 5320 184 5375 ἄνευ
198 5320 316 5396 ἐνεργείας
329 5321 366 5384 τὶς
379 5322 456 5389 θεῖτο,
474 5319 575 5387 ἐλλιπὴς
588 5319 604 5387 ὴ
619 5319 693 5392 ἀρχὴ,
702 5320 743 5373 καὶ
757 5318 844 5385 ἀτελὴς

117 5557 178 5602 cart.
188 5559 217 5611 ll,
228 5561 254 5606 dc
266 5562 346 5606 neat.
359 5572 407 5615 cap.
420 5572 473 5603 rvrr.
