<?xml version="1.0" encoding="UTF-8"?>
<!DOCTYPE html PUBLIC "-//W3C//DTD XHTML 1.0 Transitional//EN"
    "http://www.w3.org/TR/xhtml1/DTD/xhtml1-transitional.dtd">
<html xmlns="http://www.w3.org/1999/xhtml" xml:lang="en" lang="en">
 <head>
  <title>
</title>
<meta http-equiv="Content-Type" content="text/html;charset=utf-8" />
  <meta name='ocr-system' content='tesseract 3.04.00' />
  <meta name='ocr-capabilities' content='ocr_page ocr_carea ocr_par ocr_line ocrx_word'/>
</head>
<body>
  <div class='ocr_page' id='page_1' title='image "./dogmatatheologi01goog_0503.png"; bbox 0 0 3956 6168; ppageno 0'>
   <div class='ocr_carea' id='block_1_1' title="bbox 296 240 1371 305">
    <p class='ocr_par' dir='ltr' id='par_1_1' title="bbox 296 240 1371 305">
     <span class='ocr_line' id='line_1_1' title="bbox 296 240 1371 305; baseline -0.001 0"><span class='ocrx_word' id='word_1_1' title='bbox 296 244 355 305; x_wconf 77' lang='lat' dir='ltr'><strong>tul</strong></span> <span class='ocrx_word' id='word_1_2' title='bbox 807 240 1131 304; x_wconf 80' lang='lat' dir='ltr'>THEOLOGIGORUM</span> <span class='ocrx_word' id='word_1_3' title='bbox 1152 240 1371 304; x_wconf 82' lang='lat' dir='ltr'><strong>DOGMATUM</strong></span> 
     </span>
    </p>
   </div>
   <div class='ocr_carea' id='block_1_2' title="bbox 136 407 1971 4847">
    <p class='ocr_par' dir='ltr' id='par_1_2' title="bbox 136 407 1971 4847">
     <span class='ocr_line' id='line_1_2' title="bbox 297 407 1882 491; baseline -0.002 -21"><span class='ocrx_word' id='word_1_4' title='bbox 297 409 368 489; x_wconf 88' lang='lat' dir='ltr'><strong>plus</strong></span> <span class='ocrx_word' id='word_1_5' title='bbox 380 407 500 490; x_wconf 87' lang='lat' dir='ltr'><strong>ingenii</strong></span> <span class='ocrx_word' id='word_1_6' title='bbox 520 428 556 471; x_wconf 87' lang='lat' dir='ltr'><strong>ac</strong></span> <span class='ocrx_word' id='word_1_7' title='bbox 573 408 706 471; x_wconf 88' lang='lat' dir='ltr'><strong>solertiae</strong></span> <span class='ocrx_word' id='word_1_8' title='bbox 728 407 904 491; x_wconf 89' lang='lat' dir='ltr'><strong>requirunt.</strong></span> <span class='ocrx_word' id='word_1_9' title='bbox 921 411 966 471; x_wconf 89' lang='lat' dir='ltr'><strong>lta</strong></span> <span class='ocrx_word' id='word_1_10' title='bbox 986 408 1069 471; x_wconf 75' lang='lat' dir='ltr'><strong>ceci</strong></span> <span class='ocrx_word' id='word_1_11' title='bbox 1117 409 1212 490; x_wconf 81' lang='lat' dir='ltr'><strong>Atqui</strong></span> <span class='ocrx_word' id='word_1_12' title='bbox 1226 429 1265 472; x_wconf 87' lang='lat' dir='ltr'><strong>ex</strong></span> <span class='ocrx_word' id='word_1_13' title='bbox 1277 410 1337 472; x_wconf 90' lang='lat' dir='ltr'><strong>hoc</strong></span> <span class='ocrx_word' id='word_1_14' title='bbox 1351 411 1417 491; x_wconf 86' lang='lat' dir='ltr'><strong>ipso</strong></span> <span class='ocrx_word' id='word_1_15' title='bbox 1427 409 1807 491; x_wconf 86' lang='lat' dir='ltr'><strong>consequitur,utramque</strong></span> <span class='ocrx_word' id='word_1_16' title='bbox 1818 423 1882 486; x_wconf 86' lang='lat' dir='ltr'><strong>per·</strong></span> 
     </span>
     <span class='ocr_line' id='line_1_3' title="bbox 296 498 1881 583; baseline -0.001 -23"><span class='ocrx_word' id='word_1_17' title='bbox 296 520 384 582; x_wconf 83' lang='lat' dir='ltr'><strong>opero</strong></span> <span class='ocrx_word' id='word_1_18' title='bbox 401 498 565 583; x_wconf 80' lang='lat' dir='ltr'><strong>dipitorum</strong></span> <span class='ocrx_word' id='word_1_19' title='bbox 582 500 640 563; x_wconf 77' lang='lat' dir='ltr'><strong>bei</strong></span> <span class='ocrx_word' id='word_1_20' title='bbox 654 500 662 534; x_wconf 93' lang='lat'><strong>¹</strong></span> <span class='ocrx_word' id='word_1_21' title='bbox 678 501 831 581; x_wconf 76' lang='lat' dir='ltr'><strong>Propheta</strong></span> <span class='ocrx_word' id='word_1_22' title='bbox 849 502 1001 564; x_wconf 88' lang='lat' dir='ltr'><strong>nominat.</strong></span> <span class='ocrx_word' id='word_1_23' title='bbox 1019 502 1068 564; x_wconf 86' lang='lat' dir='ltr'><strong>Sic</strong></span> <span class='ocrx_word' id='word_1_24' title='bbox 1118 520 1228 564; x_wconf 89' lang='lat' dir='ltr'><strong>sonam</strong></span> <span class='ocrx_word' id='word_1_25' title='bbox 1242 503 1342 564; x_wconf 90' lang='lat' dir='ltr'><strong>Patris</strong></span> <span class='ocrx_word' id='word_1_26' title='bbox 1362 499 1553 583; x_wconf 78' lang='lat' dir='ltr'><strong>efficientiam</strong></span> <span class='ocrx_word' id='word_1_27' title='bbox 1567 508 1599 563; x_wconf 89' lang='lat' dir='ltr'><strong>et</strong></span> <span class='ocrx_word' id='word_1_28' title='bbox 1612 507 1730 582; x_wconf 67' lang='grc' dir='ltr'>ἐνέργειαν</span> <span class='ocrx_word' id='word_1_29' title='bbox 1739 499 1808 579; x_wconf 83' lang='lat' dir='ltr'><strong>jure</strong></span> <span class='ocrx_word' id='word_1_30' title='bbox 1829 517 1881 559; x_wconf 88' lang='lat' dir='ltr'><strong>suo</strong></span> 
     </span>
     <span class='ocr_line' id='line_1_4' title="bbox 297 593 1881 674; baseline 0.001 -19"><span class='ocrx_word' id='word_1_31' title='bbox 297 594 392 655; x_wconf 89' lang='lat' dir='ltr'><strong>etiam</strong></span> <span class='ocrx_word' id='word_1_32' title='bbox 405 594 444 655; x_wconf 92' lang='lat' dir='ltr'><strong>de</strong></span> <span class='ocrx_word' id='word_1_33' title='bbox 457 593 595 655; x_wconf 89' lang='lat' dir='ltr'><strong>hominis</strong></span> <span class='ocrx_word' id='word_1_34' title='bbox 605 593 759 656; x_wconf 88' lang='lat' dir='ltr'><strong>creatione</strong></span> <span class='ocrx_word' id='word_1_35' title='bbox 774 593 979 657; x_wconf 86' lang='lat' dir='ltr'><strong>Prudentius:</strong></span> <span class='ocrx_word' id='word_1_36' title='bbox 1119 613 1207 674; x_wconf 88' lang='lat' dir='ltr'><strong>posse</strong></span> <span class='ocrx_word' id='word_1_37' title='bbox 1227 594 1397 657; x_wconf 88' lang='lat' dir='ltr'><strong>nominari.</strong></span> <span class='ocrx_word' id='word_1_38' title='bbox 1423 594 1503 670; x_wconf 85' lang='lat' dir='ltr'><strong>Quid</strong></span> <span class='ocrx_word' id='word_1_39' title='bbox 1524 594 1577 656; x_wconf 88' lang='lat' dir='ltr'><strong>illa</strong></span> <span class='ocrx_word' id='word_1_40' title='bbox 1596 600 1662 655; x_wconf 81' lang='lat' dir='ltr'><strong>tem</strong></span> <span class='ocrx_word' id='word_1_41' title='bbox 1679 611 1759 672; x_wconf 86' lang='lat' dir='ltr'><strong>saepe</strong></span> <span class='ocrx_word' id='word_1_42' title='bbox 1771 593 1881 657; x_wconf 88' lang='lat' dir='ltr'><strong>cumin</strong></span> 
     </span>
     <span class='ocr_line' id='line_1_5' title="bbox 1119 684 1882 768; baseline 0.004 -21"><span class='ocrx_word' id='word_1_43' title='bbox 1119 687 1286 767; x_wconf 78' lang='lat' dir='ltr'><strong>seripturis</strong></span> <span class='ocrx_word' id='word_1_44' title='bbox 1311 692 1471 768; x_wconf 90' lang='lat' dir='ltr'><strong>usurpata,</strong></span> <span class='ocrx_word' id='word_1_45' title='bbox 1499 692 1569 749; x_wconf 92' lang='lat' dir='ltr'><strong>tum</strong></span> <span class='ocrx_word' id='word_1_46' title='bbox 1595 685 1635 747; x_wconf 88' lang='lat' dir='ltr'><strong>ab</strong></span> <span class='ocrx_word' id='word_1_47' title='bbox 1662 684 1798 747; x_wconf 70' lang='lat' dir='ltr'><strong>maeste</strong></span> <span class='ocrx_word' id='word_1_48' title='bbox 1823 707 1882 750; x_wconf 78' lang='lat' dir='ltr'><strong>ma</strong></span> 
     </span>
     <span class='ocr_line' id='line_1_6' title="bbox 765 778 1881 861; baseline 0.003 -21"><span class='ocrx_word' id='word_1_49' title='bbox 765 802 780 840; x_wconf 80' lang='lat' dir='ltr'><strong>a</strong></span> <span class='ocrx_word' id='word_1_50' title='bbox 795 779 916 843; x_wconf 86' lang='lat' dir='ltr'><strong>Greavit</strong></span> <span class='ocrx_word' id='word_1_51' title='bbox 1119 778 1240 858; x_wconf 76' lang='lat' dir='ltr'><strong>gistris?</strong></span> <span class='ocrx_word' id='word_1_52' title='bbox 1260 782 1337 842; x_wconf 83' lang='lat' dir='ltr'><strong>Cum</strong></span> <span class='ocrx_word' id='word_1_53' title='bbox 1352 780 1479 860; x_wconf 90' lang='lat' dir='ltr'><strong>quidem</strong></span> <span class='ocrx_word' id='word_1_54' title='bbox 1495 780 1526 841; x_wconf 83' lang='lat' dir='ltr'><strong>in</strong></span> <span class='ocrx_word' id='word_1_55' title='bbox 1547 778 1667 861; x_wconf 78' lang='lat' dir='ltr'><strong>Spiritu</strong></span> <span class='ocrx_word' id='word_1_56' title='bbox 1681 786 1777 840; x_wconf 73' lang='lat' dir='ltr'><strong>sancto</strong></span> <span class='ocrx_word' id='word_1_57' title='bbox 1788 778 1881 843; x_wconf 82' lang='lat' dir='ltr'><strong>iacere</strong></span> 
     </span>
     <span class='ocr_line' id='line_1_7' title="bbox 299 868 1882 954; baseline 0.001 -20"><span class='ocrx_word' id='word_1_58' title='bbox 299 868 416 954; x_wconf 80' lang='lat' dir='ltr'>Nempe</span> <span class='ocrx_word' id='word_1_59' title='bbox 439 888 551 935; x_wconf 86' lang='lat' dir='ltr'><strong>manus</strong></span> <span class='ocrx_word' id='word_1_60' title='bbox 575 873 701 936; x_wconf 87' lang='lat' dir='ltr'><strong>Domini</strong></span> <span class='ocrx_word' id='word_1_61' title='bbox 719 891 831 954; x_wconf 89' lang='lat' dir='ltr'><strong>corpus</strong></span> <span class='ocrx_word' id='word_1_62' title='bbox 854 872 1002 948; x_wconf 85' lang='lat' dir='ltr'><strong>mortale,</strong></span> <span class='ocrx_word' id='word_1_63' title='bbox 1024 871 1071 932; x_wconf 91' lang='lat' dir='ltr'><strong>ln·</strong></span> <span class='ocrx_word' id='word_1_64' title='bbox 1120 872 1201 933; x_wconf 88' lang='lat' dir='ltr'><strong>Deus</strong></span> <span class='ocrx_word' id='word_1_65' title='bbox 1213 872 1330 952; x_wconf 88' lang='lat' dir='ltr'><strong>aliquid</strong></span> <span class='ocrx_word' id='word_1_66' title='bbox 1352 873 1464 935; x_wconf 87' lang='lat' dir='ltr'><strong>dicitur</strong></span> <span class='ocrx_word' id='word_1_67' title='bbox 1484 873 1548 934; x_wconf 81' lang='lat' dir='ltr'><strong>sive</strong></span> <span class='ocrx_word' id='word_1_68' title='bbox 1571 870 1721 947; x_wconf 90' lang='lat' dir='ltr'><strong>absolute,</strong></span> <span class='ocrx_word' id='word_1_69' title='bbox 1743 870 1803 932; x_wconf 79' lang='lat' dir='ltr'><strong>sire</strong></span> <span class='ocrx_word' id='word_1_70' title='bbox 1824 892 1882 935; x_wconf 87' lang='lat' dir='ltr'><strong>um</strong></span> 
     </span>
     <span class='ocr_line' id='line_1_8' title="bbox 929 963 1880 1046; baseline 0 -20"><span class='ocrx_word' id='word_1_71' title='bbox 929 968 1070 1045; x_wconf 89' lang='lat' dir='ltr'><strong>[tumque</strong></span> <span class='ocrx_word' id='word_1_72' title='bbox 1120 967 1277 1046; x_wconf 75' lang='lat' dir='ltr'><strong>quaepiam</strong></span> <span class='ocrx_word' id='word_1_73' title='bbox 1289 983 1432 1046; x_wconf 89' lang='lat' dir='ltr'><strong>persona,</strong></span> <span class='ocrx_word' id='word_1_74' title='bbox 1451 966 1541 1026; x_wconf 91' lang='lat' dir='ltr'><strong>Pater</strong></span> <span class='ocrx_word' id='word_1_75' title='bbox 1554 969 1609 1026; x_wconf 88' lang='lat' dir='ltr'><strong>aut</strong></span> <span class='ocrx_word' id='word_1_76' title='bbox 1628 963 1744 1025; x_wconf 83' lang='lat' dir='ltr'><strong>Filius?</strong></span> <span class='ocrx_word' id='word_1_77' title='bbox 1757 965 1819 1038; x_wconf 85' lang='lat' dir='ltr'><strong>Quo</strong></span> <span class='ocrx_word' id='word_1_78' title='bbox 1831 985 1880 1046; x_wconf 86' lang='lat' dir='ltr'><strong>ge·</strong></span> 
     </span>
     <span class='ocr_line' id='line_1_9' title="bbox 299 1056 1881 1139; baseline 0 -18"><span class='ocrx_word' id='word_1_79' title='bbox 299 1058 477 1139; x_wconf 84' lang='lat' dir='ltr'><strong>Composuit</strong></span> <span class='ocrx_word' id='word_1_80' title='bbox 490 1058 635 1139; x_wconf 76' lang='lat' dir='ltr'><strong>digitis.»</strong></span> <span class='ocrx_word' id='word_1_81' title='bbox 1120 1074 1195 1119; x_wconf 90' lang='lat' dir='ltr'><strong>nere</strong></span> <span class='ocrx_word' id='word_1_82' title='bbox 1221 1058 1370 1137; x_wconf 90' lang='lat' dir='ltr'><strong>loquendi</strong></span> <span class='ocrx_word' id='word_1_83' title='bbox 1396 1058 1502 1120; x_wconf 79' lang='lat' dir='ltr'><strong>referti</strong></span> <span class='ocrx_word' id='word_1_84' title='bbox 1527 1061 1602 1119; x_wconf 87' lang='lat' dir='ltr'><strong>sunt</strong></span> <span class='ocrx_word' id='word_1_85' title='bbox 1630 1056 1713 1117; x_wconf 88' lang='lat' dir='ltr'><strong>libri.</strong></span> <span class='ocrx_word' id='word_1_86' title='bbox 1750 1058 1789 1118; x_wconf 84' lang='lat' dir='ltr'><strong>Ut</strong></span> <span class='ocrx_word' id='word_1_87' title='bbox 1815 1078 1881 1121; x_wconf 90' lang='lat' dir='ltr'><strong>cum</strong></span> 
     </span>
     <span class='ocr_line' id='line_1_10' title="bbox 1120 1147 1878 1232; baseline 0.004 -22"><span class='ocrx_word' id='word_1_88' title='bbox 1120 1147 1259 1210; x_wconf 82' lang='lat' dir='ltr'><strong>Christus</strong></span> <span class='ocrx_word' id='word_1_89' title='bbox 1277 1150 1321 1211; x_wconf 90' lang='lat' dir='ltr'><strong>ait</strong></span> <span class='ocrx_word' id='word_1_90' title='bbox 1344 1169 1377 1212; x_wconf 90' lang='lat' dir='ltr'><strong>se</strong></span> <span class='ocrx_word' id='word_1_91' title='bbox 1401 1151 1432 1211; x_wconf 81' lang='lat' dir='ltr'><strong>in</strong></span> <span class='ocrx_word' id='word_1_92' title='bbox 1449 1149 1574 1232; x_wconf 81' lang='lat' dir='ltr'><strong>Spiritu</strong></span> <span class='ocrx_word' id='word_1_93' title='bbox 1586 1148 1690 1232; x_wconf 87' lang='lat' dir='ltr'><strong>ejicere</strong></span> <span class='ocrx_word' id='word_1_94' title='bbox 1708 1147 1844 1212; x_wconf 71' lang='lat' dir='ltr'><strong>demomo</strong></span> <span class='ocrx_word' id='word_1_95' title='bbox 1857 1150 1878 1213; x_wconf 77' lang='lat'><strong>⁶.</strong></span> 
     </span>
     <span class='ocr_line' id='line_1_11' title="bbox 299 1239 1881 1328; baseline -0.001 -22"><span class='ocrx_word' id='word_1_96' title='bbox 299 1245 400 1325; x_wconf 81' lang='lat' dir='ltr'><strong>Atque</strong></span> <span class='ocrx_word' id='word_1_97' title='bbox 412 1244 480 1306; x_wconf 80' lang='lat' dir='ltr'><strong>haec</strong></span> <span class='ocrx_word' id='word_1_98' title='bbox 494 1245 583 1324; x_wconf 77' lang='lat' dir='ltr'><strong>digiti</strong></span> <span class='ocrx_word' id='word_1_99' title='bbox 601 1245 806 1328; x_wconf 78' lang='lat' dir='ltr'><strong>nuncupatio,</strong></span> <span class='ocrx_word' id='word_1_100' title='bbox 826 1249 980 1325; x_wconf 87' lang='lat' dir='ltr'><strong>quatenus</strong></span> <span class='ocrx_word' id='word_1_101' title='bbox 1000 1241 1068 1323; x_wconf 89' lang='lat' dir='ltr'><strong>Spi-</strong></span> <span class='ocrx_word' id='word_1_102' title='bbox 1120 1241 1159 1301; x_wconf 88' lang='lat' dir='ltr'><strong>Et</strong></span> <span class='ocrx_word' id='word_1_103' title='bbox 1170 1239 1259 1302; x_wconf 78' lang='lat' dir='ltr'><strong>Luce</strong></span> <span class='ocrx_word' id='word_1_104' title='bbox 1269 1258 1314 1319; x_wconf 74' lang='grc' dir='ltr'><strong>ιν,</strong></span> <span class='ocrx_word' id='word_1_105' title='bbox 1331 1244 1369 1303; x_wconf 75' lang='lat' dir='ltr'><strong>ll</strong></span> <span class='ocrx_word' id='word_1_106' title='bbox 1387 1263 1395 1305; x_wconf 74' lang='grc' dir='ltr'>ε</span> <span class='ocrx_word' id='word_1_107' title='bbox 1417 1242 1574 1325; x_wconf 69' lang='lat' dir='ltr'><strong>depressus</strong></span> <span class='ocrx_word' id='word_1_108' title='bbox 1586 1250 1627 1303; x_wconf 83' lang='lat' dir='ltr'><strong>eat</strong></span> <span class='ocrx_word' id='word_1_109' title='bbox 1638 1241 1723 1304; x_wconf 72' lang='lat' dir='ltr'><strong>lesia</strong></span> <span class='ocrx_word' id='word_1_110' title='bbox 1741 1242 1771 1303; x_wconf 82' lang='lat' dir='ltr'><strong>ia</strong></span> <span class='ocrx_word' id='word_1_111' title='bbox 1783 1244 1881 1305; x_wconf 77' lang='lat' dir='ltr'><strong>virtute</strong></span> 
     </span>
     <span class='ocr_line' id='line_1_12' title="bbox 299 1330 1880 1419; baseline 0 -20"><span class='ocrx_word' id='word_1_112' title='bbox 299 1337 374 1399; x_wconf 87' lang='lat' dir='ltr'><strong>ritui</strong></span> <span class='ocrx_word' id='word_1_113' title='bbox 397 1344 504 1399; x_wconf 89' lang='lat' dir='ltr'><strong>sancto</strong></span> <span class='ocrx_word' id='word_1_114' title='bbox 524 1337 680 1419; x_wconf 82' lang='lat' dir='ltr'><strong>praecipue</strong></span> <span class='ocrx_word' id='word_1_115' title='bbox 699 1330 860 1413; x_wconf 83' lang='lat' dir='ltr'><strong>tribuitur,</strong></span> <span class='ocrx_word' id='word_1_116' title='bbox 883 1336 968 1397; x_wconf 89' lang='lat' dir='ltr'><strong>aliud</strong></span> <span class='ocrx_word' id='word_1_117' title='bbox 981 1335 1071 1414; x_wconf 91' lang='lat' dir='ltr'><strong>quid-</strong></span> <span class='ocrx_word' id='word_1_118' title='bbox 1122 1331 1267 1414; x_wconf 84' lang='lat' dir='ltr'><strong>Spiritus,</strong></span> <span class='ocrx_word' id='word_1_119' title='bbox 1283 1339 1307 1395; x_wconf 77' lang='grc' dir='ltr'><strong>ἐν</strong></span> <span class='ocrx_word' id='word_1_120' title='bbox 1318 1342 1511 1416; x_wconf 53' lang='lat' dir='ltr'><strong>perspectos</strong></span> <span class='ocrx_word' id='word_1_121' title='bbox 1522 1342 1670 1414; x_wconf 73' lang='grc' dir='ltr'>πνεύματος.</span> <span class='ocrx_word' id='word_1_122' title='bbox 1685 1336 1731 1397; x_wconf 80' lang='lat' dir='ltr'><strong>Ac</strong></span> <span class='ocrx_word' id='word_1_123' title='bbox 1749 1354 1880 1399; x_wconf 82' lang='lat' dir='ltr'><strong>nonnuu</strong></span> 
     </span>
     <span class='ocr_line' id='line_1_13' title="bbox 298 1425 1879 1510; baseline 0.001 -20"><span class='ocrx_word' id='word_1_124' title='bbox 298 1429 373 1491; x_wconf 91' lang='lat' dir='ltr'><strong>dam</strong></span> <span class='ocrx_word' id='word_1_125' title='bbox 391 1430 558 1509; x_wconf 87' lang='lat' dir='ltr'><strong>mysticum</strong></span> <span class='ocrx_word' id='word_1_126' title='bbox 576 1429 702 1508; x_wconf 88' lang='lat' dir='ltr'><strong>indicat,</strong></span> <span class='ocrx_word' id='word_1_127' title='bbox 725 1430 878 1492; x_wconf 89' lang='lat' dir='ltr'><strong>nimirum</strong></span> <span class='ocrx_word' id='word_1_128' title='bbox 890 1428 937 1488; x_wconf 91' lang='lat' dir='ltr'><strong>uti</strong></span> <span class='ocrx_word' id='word_1_129' title='bbox 954 1427 1070 1506; x_wconf 79' lang='lat' dir='ltr'><strong>digitus</strong></span> <span class='ocrx_word' id='word_1_130' title='bbox 1120 1443 1215 1506; x_wconf 88' lang='lat' dir='ltr'><strong>quam</strong></span> <span class='ocrx_word' id='word_1_131' title='bbox 1237 1445 1256 1487; x_wconf 86' lang='lat' dir='ltr'><strong>a</strong></span> <span class='ocrx_word' id='word_1_132' title='bbox 1274 1426 1368 1488; x_wconf 85' lang='lat' dir='ltr'><strong>Putre</strong></span> <span class='ocrx_word' id='word_1_133' title='bbox 1383 1445 1442 1509; x_wconf 85' lang='lat' dir='ltr'><strong>per</strong></span> <span class='ocrx_word' id='word_1_134' title='bbox 1461 1425 1574 1490; x_wconf 79' lang='lat' dir='ltr'><strong>Filium</strong></span> <span class='ocrx_word' id='word_1_135' title='bbox 1602 1428 1633 1489; x_wconf 80' lang='lat' dir='ltr'><strong>io</strong></span> <span class='ocrx_word' id='word_1_136' title='bbox 1655 1427 1777 1510; x_wconf 85' lang='lat' dir='ltr'><strong>Spiritu</strong></span> <span class='ocrx_word' id='word_1_137' title='bbox 1794 1437 1879 1491; x_wconf 69' lang='lat' dir='ltr'><strong>wacta</strong></span> 
     </span>
     <span class='ocr_line' id='line_1_14' title="bbox 301 1518 1880 1604; baseline 0.001 -22"><span class='ocrx_word' id='word_1_138' title='bbox 301 1528 398 1602; x_wconf 70' lang='grc' dir='ltr'>ἀμίσως</span> <span class='ocrx_word' id='word_1_139' title='bbox 419 1524 528 1583; x_wconf 89' lang='lat' dir='ltr'><strong>manui</strong></span> <span class='ocrx_word' id='word_1_140' title='bbox 551 1523 751 1603; x_wconf 82' lang='lat' dir='ltr'><strong>conjungitur</strong></span> <span class='ocrx_word' id='word_1_141' title='bbox 772 1541 828 1604; x_wconf 91' lang='lat' dir='ltr'><strong>per</strong></span> <span class='ocrx_word' id='word_1_142' title='bbox 848 1538 978 1601; x_wconf 91' lang='lat' dir='ltr'><strong>eamque</strong></span> <span class='ocrx_word' id='word_1_143' title='bbox 1001 1539 1069 1581; x_wconf 88' lang='lat' dir='ltr'><strong>cor·</strong></span> <span class='ocrx_word' id='word_1_144' title='bbox 1120 1518 1188 1579; x_wconf 83' lang='lat' dir='ltr'><strong>lieri</strong></span> <span class='ocrx_word' id='word_1_145' title='bbox 1208 1519 1326 1598; x_wconf 89' lang='lat' dir='ltr'><strong>aliquid</strong></span> <span class='ocrx_word' id='word_1_146' title='bbox 1348 1518 1471 1581; x_wconf 89' lang='lat' dir='ltr'><strong>dicitur.</strong></span> <span class='ocrx_word' id='word_1_147' title='bbox 1494 1520 1583 1594; x_wconf 86' lang='lat' dir='ltr'><strong>Quod</strong></span> <span class='ocrx_word' id='word_1_148' title='bbox 1608 1521 1742 1602; x_wconf 73' lang='lat' dir='ltr'><strong>cyrillus</strong></span> <span class='ocrx_word' id='word_1_149' title='bbox 1764 1522 1880 1584; x_wconf 75' lang='lat' dir='ltr'><strong>Alexan</strong></span> 
     </span>
     <span class='ocr_line' id='line_1_15' title="bbox 300 1610 1879 1694; baseline 0.001 -20"><span class='ocrx_word' id='word_1_150' title='bbox 300 1613 380 1692; x_wconf 90' lang='lat' dir='ltr'><strong>pori,</strong></span> <span class='ocrx_word' id='word_1_151' title='bbox 404 1614 448 1674; x_wconf 87' lang='lat' dir='ltr'><strong>ita</strong></span> <span class='ocrx_word' id='word_1_152' title='bbox 471 1614 622 1694; x_wconf 87' lang='lat' dir='ltr'><strong>Spiritum</strong></span> <span class='ocrx_word' id='word_1_153' title='bbox 644 1621 785 1677; x_wconf 86' lang='lat' dir='ltr'><strong>sanetum</strong></span> <span class='ocrx_word' id='word_1_154' title='bbox 805 1627 944 1694; x_wconf 73' lang='grc' dir='ltr'><strong>προσιχῶς,</strong></span> <span class='ocrx_word' id='word_1_155' title='bbox 965 1611 1068 1689; x_wconf 90' lang='lat' dir='ltr'><strong>idest,</strong></span> <span class='ocrx_word' id='word_1_156' title='bbox 1120 1610 1231 1672; x_wconf 89' lang='lat' dir='ltr'><strong>drinus</strong></span> <span class='ocrx_word' id='word_1_157' title='bbox 1257 1611 1435 1692; x_wconf 88' lang='lat' dir='ltr'><strong>frequenter</strong></span> <span class='ocrx_word' id='word_1_158' title='bbox 1461 1618 1603 1693; x_wconf 80' lang='lat' dir='ltr'><strong>usurpat.</strong></span> <span class='ocrx_word' id='word_1_159' title='bbox 1632 1613 1674 1675; x_wconf 86' lang='lat' dir='ltr'><strong>Ut</strong></span> <span class='ocrx_word' id='word_1_160' title='bbox 1700 1614 1735 1674; x_wconf 91' lang='lat' dir='ltr'><strong>in</strong></span> <span class='ocrx_word' id='word_1_161' title='bbox 1761 1615 1834 1677; x_wconf 89' lang='lat' dir='ltr'><strong>libro</strong></span> <span class='ocrx_word' id='word_1_162' title='bbox 1856 1613 1879 1675; x_wconf 74' lang='lat' dir='ltr'><strong>a</strong></span> 
     </span>
     <span class='ocr_line' id='line_1_16' title="bbox 295 1701 1876 1787; baseline 0.003 -22"><span class='ocrx_word' id='word_1_163' title='bbox 295 1705 435 1785; x_wconf 77' lang='lat' dir='ltr'><strong>prosince</strong></span> <span class='ocrx_word' id='word_1_164' title='bbox 449 1712 480 1767; x_wconf 89' lang='lat' dir='ltr'><strong>et</strong></span> <span class='ocrx_word' id='word_1_165' title='bbox 493 1706 579 1767; x_wconf 91' lang='lat' dir='ltr'><strong>nullo</strong></span> <span class='ocrx_word' id='word_1_166' title='bbox 593 1707 653 1768; x_wconf 90' lang='lat' dir='ltr'><strong>alio</strong></span> <span class='ocrx_word' id='word_1_167' title='bbox 667 1707 829 1787; x_wconf 70' lang='lat' dir='ltr'><strong>interjecto</strong></span> <span class='ocrx_word' id='word_1_168' title='bbox 843 1706 883 1766; x_wconf 88' lang='lat' dir='ltr'><strong>ab</strong></span> <span class='ocrx_word' id='word_1_169' title='bbox 900 1704 977 1765; x_wconf 89' lang='lat' dir='ltr'><strong>Filio</strong></span> <span class='ocrx_word' id='word_1_170' title='bbox 998 1723 1070 1785; x_wconf 84' lang='lat' dir='ltr'><strong>pro-</strong></span> <span class='ocrx_word' id='word_1_171' title='bbox 1122 1701 1405 1766; x_wconf 76' lang='lat' dir='ltr'><strong>Commenturc&#39;otum</strong></span> <span class='ocrx_word' id='word_1_172' title='bbox 1428 1705 1461 1766; x_wconf 80' lang='lat' dir='ltr'><strong>ic</strong></span> <span class='ocrx_word' id='word_1_173' title='bbox 1481 1704 1622 1767; x_wconf 76' lang='lat' dir='ltr'><strong>loannem</strong></span> <span class='ocrx_word' id='word_1_174' title='bbox 1640 1725 1652 1769; x_wconf 88' lang='grc'><strong>.·</strong></span> <span class='ocrx_word' id='word_1_175' title='bbox 1677 1727 1692 1764; x_wconf 82' lang='lat' dir='ltr'><strong>a</strong></span> <span class='ocrx_word' id='word_1_176' title='bbox 1716 1707 1876 1783; x_wconf 75' lang='lat' dir='ltr'><strong>Credimus,</strong></span> 
     </span>
     <span class='ocr_line' id='line_1_17' title="bbox 300 1792 1877 1881; baseline 0.004 -24"><span class='ocrx_word' id='word_1_177' title='bbox 300 1797 420 1875; x_wconf 87' lang='lat' dir='ltr'><strong>cedere,</strong></span> <span class='ocrx_word' id='word_1_178' title='bbox 435 1818 455 1859; x_wconf 88' lang='lat' dir='ltr'><strong>a</strong></span> <span class='ocrx_word' id='word_1_179' title='bbox 469 1792 558 1860; x_wconf 86' lang='lat' dir='ltr'><strong>Patre</strong></span> <span class='ocrx_word' id='word_1_180' title='bbox 571 1818 645 1861; x_wconf 79' lang='lat' dir='ltr'><strong>vero</strong></span> <span class='ocrx_word' id='word_1_181' title='bbox 660 1806 782 1880; x_wconf 70' lang='grc' dir='ltr'><strong>ἐμμέσως,</strong></span> <span class='ocrx_word' id='word_1_182' title='bbox 797 1798 829 1859; x_wconf 95' lang='lat' dir='ltr'><strong>id</strong></span> <span class='ocrx_word' id='word_1_183' title='bbox 842 1803 888 1859; x_wconf 89' lang='lat' dir='ltr'><strong>est</strong></span> <span class='ocrx_word' id='word_1_184' title='bbox 901 1816 957 1877; x_wconf 91' lang='lat' dir='ltr'><strong>per</strong></span> <span class='ocrx_word' id='word_1_185' title='bbox 973 1798 1070 1859; x_wconf 90' lang='lat' dir='ltr'><strong>inter-</strong></span> <span class='ocrx_word' id='word_1_186' title='bbox 1120 1796 1233 1876; x_wconf 90' lang='lat' dir='ltr'><strong>inquit,</strong></span> <span class='ocrx_word' id='word_1_187' title='bbox 1249 1797 1354 1858; x_wconf 89' lang='lat' dir='ltr'><strong>omnia</strong></span> <span class='ocrx_word' id='word_1_188' title='bbox 1367 1816 1386 1858; x_wconf 87' lang='lat' dir='ltr'><strong>a</strong></span> <span class='ocrx_word' id='word_1_189' title='bbox 1399 1799 1488 1859; x_wconf 88' lang='lat' dir='ltr'><strong>Patre</strong></span> <span class='ocrx_word' id='word_1_190' title='bbox 1500 1817 1566 1860; x_wconf 91' lang='lat' dir='ltr'><strong>esse</strong></span> <span class='ocrx_word' id='word_1_191' title='bbox 1579 1817 1634 1879; x_wconf 89' lang='lat' dir='ltr'><strong>per</strong></span> <span class='ocrx_word' id='word_1_192' title='bbox 1649 1798 1762 1861; x_wconf 83' lang='lat' dir='ltr'><strong>Filium</strong></span> <span class='ocrx_word' id='word_1_193' title='bbox 1775 1800 1809 1863; x_wconf 89' lang='lat' dir='ltr'><strong>iu</strong></span> <span class='ocrx_word' id='word_1_194' title='bbox 1820 1801 1877 1881; x_wconf 86' lang='lat' dir='ltr'><strong>Spi-</strong></span> 
     </span>
     <span class='ocr_line' id='line_1_18' title="bbox 300 1887 1877 1973; baseline 0.003 -23"><span class='ocrx_word' id='word_1_195' title='bbox 300 1890 436 1968; x_wconf 79' lang='lat' dir='ltr'><strong>positrrm</strong></span> <span class='ocrx_word' id='word_1_196' title='bbox 460 1891 584 1970; x_wconf 91' lang='lat' dir='ltr'><strong>Filium,</strong></span> <span class='ocrx_word' id='word_1_197' title='bbox 605 1892 689 1972; x_wconf 91' lang='lat' dir='ltr'><strong>quod</strong></span> <span class='ocrx_word' id='word_1_198' title='bbox 712 1890 810 1953; x_wconf 79' lang='lat' dir='ltr'><strong>Graeci</strong></span> <span class='ocrx_word' id='word_1_199' title='bbox 832 1891 936 1951; x_wconf 85' lang='lat' dir='ltr'><strong>Patres</strong></span> <span class='ocrx_word' id='word_1_200' title='bbox 958 1889 1071 1970; x_wconf 89' lang='lat' dir='ltr'><strong>passim</strong></span> <span class='ocrx_word' id='word_1_201' title='bbox 1120 1888 1183 1950; x_wconf 90' lang='lat' dir='ltr'><strong>ritu</strong></span> <span class='ocrx_word' id='word_1_202' title='bbox 1204 1887 1342 1951; x_wconf 84' lang='lat' dir='ltr'><strong>sancto.⁷</strong></span> <span class='ocrx_word' id='word_1_203' title='bbox 1361 1912 1377 1949; x_wconf 82' lang='lat' dir='ltr'><strong>o</strong></span> <span class='ocrx_word' id='word_1_204' title='bbox 1399 1890 1438 1952; x_wconf 88' lang='lat' dir='ltr'><strong>Et</strong></span> <span class='ocrx_word' id='word_1_205' title='bbox 1454 1891 1549 1970; x_wconf 90' lang='lat' dir='ltr'><strong>paulo</strong></span> <span class='ocrx_word' id='word_1_206' title='bbox 1565 1896 1654 1971; x_wconf 86' lang='lat' dir='ltr'><strong>post:</strong></span> <span class='ocrx_word' id='word_1_207' title='bbox 1678 1893 1813 1955; x_wconf 73' lang='lat' dir='ltr'><strong>«Omnia</strong></span> <span class='ocrx_word' id='word_1_208' title='bbox 1832 1911 1877 1973; x_wconf 86' lang='lat' dir='ltr'><strong>per</strong></span> 
     </span>
     <span class='ocr_line' id='line_1_19' title="bbox 300 1982 1878 2065; baseline 0.003 -22"><span class='ocrx_word' id='word_1_209' title='bbox 300 1983 481 2061; x_wconf 83' lang='lat' dir='ltr'><strong>praedicant,</strong></span> <span class='ocrx_word' id='word_1_210' title='bbox 496 1990 603 2064; x_wconf 88' lang='lat' dir='ltr'><strong>estque</strong></span> <span class='ocrx_word' id='word_1_211' title='bbox 625 2003 645 2046; x_wconf 86' lang='lat' dir='ltr'><strong>a</strong></span> <span class='ocrx_word' id='word_1_212' title='bbox 664 1984 756 2045; x_wconf 89' lang='lat' dir='ltr'><strong>nobis</strong></span> <span class='ocrx_word' id='word_1_213' title='bbox 774 1983 868 2044; x_wconf 76' lang='lat' dir='ltr'><strong>latim</strong></span> <span class='ocrx_word' id='word_1_214' title='bbox 885 1982 1073 2063; x_wconf 83' lang='lat' dir='ltr'><strong>explicatum</strong></span> <span class='ocrx_word' id='word_1_215' title='bbox 1121 1982 1374 2057; x_wconf 88' lang='lat' dir='ltr'><strong>ambos,Patrem</strong></span> <span class='ocrx_word' id='word_1_216' title='bbox 1396 1988 1427 2044; x_wconf 90' lang='lat' dir='ltr'><strong>et</strong></span> <span class='ocrx_word' id='word_1_217' title='bbox 1451 1982 1574 2060; x_wconf 84' lang='lat' dir='ltr'><strong>Filium,</strong></span> <span class='ocrx_word' id='word_1_218' title='bbox 1587 1984 1622 2044; x_wconf 90' lang='lat' dir='ltr'><strong>in</strong></span> <span class='ocrx_word' id='word_1_219' title='bbox 1647 1985 1764 2065; x_wconf 82' lang='lat' dir='ltr'><strong>Spiritu</strong></span> <span class='ocrx_word' id='word_1_220' title='bbox 1787 1993 1878 2047; x_wconf 77' lang='lat' dir='ltr'><strong>sendo</strong></span> 
     </span>
     <span class='ocr_line' id='line_1_20' title="bbox 300 2072 1877 2156; baseline 0.005 -23"><span class='ocrx_word' id='word_1_221' title='bbox 300 2073 362 2134; x_wconf 86' lang='lat' dir='ltr'><strong>alio</strong></span> <span class='ocrx_word' id='word_1_222' title='bbox 382 2074 416 2136; x_wconf 93' lang='lat' dir='ltr'><strong>in</strong></span> <span class='ocrx_word' id='word_1_223' title='bbox 436 2076 504 2137; x_wconf 87' lang='lat' dir='ltr'><strong>loco</strong></span> <span class='ocrx_word' id='word_1_224' title='bbox 518 2077 542 2137; x_wconf 85' lang='lat'><strong>².</strong></span> <span class='ocrx_word' id='word_1_225' title='bbox 559 2077 616 2138; x_wconf 82' lang='lat' dir='ltr'><strong>Cui</strong></span> <span class='ocrx_word' id='word_1_226' title='bbox 636 2076 764 2156; x_wconf 90' lang='lat' dir='ltr'><strong>quidem</strong></span> <span class='ocrx_word' id='word_1_227' title='bbox 782 2075 877 2136; x_wconf 88' lang='lat' dir='ltr'><strong>etiam</strong></span> <span class='ocrx_word' id='word_1_228' title='bbox 896 2075 950 2135; x_wconf 90' lang='lat' dir='ltr'><strong>illu</strong></span> <span class='ocrx_word' id='word_1_229' title='bbox 963 2075 1071 2136; x_wconf 88' lang='lat' dir='ltr'><strong>simili-</strong></span> <span class='ocrx_word' id='word_1_230' title='bbox 1121 2074 1189 2136; x_wconf 89' lang='lat' dir='ltr'><strong>fieri</strong></span> <span class='ocrx_word' id='word_1_231' title='bbox 1207 2072 1231 2135; x_wconf 79' lang='lat'><strong>⁸.</strong></span> <span class='ocrx_word' id='word_1_232' title='bbox 1247 2096 1263 2133; x_wconf 74' lang='lat' dir='ltr'><strong>r&gt;</strong></span> <span class='ocrx_word' id='word_1_233' title='bbox 1282 2075 1341 2137; x_wconf 93' lang='lat' dir='ltr'><strong>Ubi</strong></span> <span class='ocrx_word' id='word_1_234' title='bbox 1354 2076 1506 2156; x_wconf 87' lang='lat' dir='ltr'><strong>particula</strong></span> <span class='ocrx_word' id='word_1_235' title='bbox 1519 2080 1543 2136; x_wconf 79' lang='lat' dir='ltr'><strong>tv</strong></span> <span class='ocrx_word' id='word_1_236' title='bbox 1558 2076 1755 2139; x_wconf 84' lang='lat' dir='ltr'><strong>efficientiam</strong></span> <span class='ocrx_word' id='word_1_237' title='bbox 1773 2079 1877 2141; x_wconf 77' lang='lat' dir='ltr'><strong>videtin</strong></span> 
     </span>
     <span class='ocr_line' id='line_1_21' title="bbox 300 2165 1876 2252; baseline 0.004 -26"><span class='ocrx_word' id='word_1_238' title='bbox 300 2166 377 2227; x_wconf 92' lang='lat' dir='ltr'><strong>tudo</strong></span> <span class='ocrx_word' id='word_1_239' title='bbox 405 2169 499 2229; x_wconf 86' lang='lat' dir='ltr'><strong>servit</strong></span> <span class='ocrx_word' id='word_1_240' title='bbox 522 2187 585 2248; x_wconf 88' lang='lat' dir='ltr'><strong>qua</strong></span> <span class='ocrx_word' id='word_1_241' title='bbox 612 2168 799 2229; x_wconf 77' lang='lat' dir='ltr'><strong>Athanasius</strong></span> <span class='ocrx_word' id='word_1_242' title='bbox 824 2167 859 2227; x_wconf 94' lang='lat' dir='ltr'><strong>in</strong></span> <span class='ocrx_word' id='word_1_243' title='bbox 882 2167 1011 2248; x_wconf 86' lang='lat' dir='ltr'><strong>epistola</strong></span> <span class='ocrx_word' id='word_1_244' title='bbox 1034 2165 1075 2228; x_wconf 81' lang='lat' dir='ltr'><strong>ud</strong></span> <span class='ocrx_word' id='word_1_245' title='bbox 1122 2166 1482 2248; x_wconf 81' lang='lat' dir='ltr'><strong>exprimereNcnenim</strong></span> <span class='ocrx_word' id='word_1_246' title='bbox 1491 2169 1876 2252; x_wconf 84' lang='lat' dir='ltr'><strong>instrumentumautejus</strong></span> 
     </span>
     <span class='ocr_line' id='line_1_22' title="bbox 301 2258 1875 2341; baseline 0.004 -20"><span class='ocrx_word' id='word_1_247' title='bbox 301 2258 492 2341; x_wconf 75' lang='lat' dir='ltr'><strong>Serapionem</strong></span> <span class='ocrx_word' id='word_1_248' title='bbox 522 2279 597 2322; x_wconf 90' lang='lat' dir='ltr'><strong>usus</strong></span> <span class='ocrx_word' id='word_1_249' title='bbox 619 2265 675 2337; x_wconf 90' lang='lat' dir='ltr'><strong>est,</strong></span> <span class='ocrx_word' id='word_1_250' title='bbox 700 2278 773 2323; x_wconf 91' lang='lat' dir='ltr'><strong>cum</strong></span> <span class='ocrx_word' id='word_1_251' title='bbox 802 2258 925 2321; x_wconf 88' lang='lat' dir='ltr'><strong>Patrem</strong></span> <span class='ocrx_word' id='word_1_252' title='bbox 945 2260 1070 2336; x_wconf 91' lang='lat' dir='ltr'><strong>lumini,</strong></span> <span class='ocrx_word' id='word_1_253' title='bbox 1122 2260 1208 2321; x_wconf 90' lang='lat' dir='ltr'><strong>modi</strong></span> <span class='ocrx_word' id='word_1_254' title='bbox 1219 2261 1335 2341; x_wconf 89' lang='lat' dir='ltr'><strong>aliquid</strong></span> <span class='ocrx_word' id='word_1_255' title='bbox 1348 2261 1511 2341; x_wconf 85' lang='lat' dir='ltr'><strong>signifieat,</strong></span> <span class='ocrx_word' id='word_1_256' title='bbox 1526 2263 1636 2324; x_wconf 89' lang='lat' dir='ltr'><strong>utalio</strong></span> <span class='ocrx_word' id='word_1_257' title='bbox 1650 2264 1720 2326; x_wconf 85' lang='lat' dir='ltr'><strong>loco</strong></span> <span class='ocrx_word' id='word_1_258' title='bbox 1734 2266 1846 2327; x_wconf 86' lang='lat' dir='ltr'><strong>dicetur</strong></span> <span class='ocrx_word' id='word_1_259' title='bbox 1855 2263 1875 2326; x_wconf 77' lang='lat'><strong>⁹.</strong></span> 
     </span>
     <span class='ocr_line' id='line_1_23' title="bbox 302 2350 1971 2444; baseline 0.004 -32"><span class='ocrx_word' id='word_1_260' title='bbox 302 2350 416 2412; x_wconf 88' lang='lat' dir='ltr'><strong>Filium</strong></span> <span class='ocrx_word' id='word_1_261' title='bbox 446 2353 622 2434; x_wconf 75' lang='lat' dir='ltr'><strong>splendori,</strong></span> <span class='ocrx_word' id='word_1_262' title='bbox 656 2353 808 2433; x_wconf 91' lang='lat' dir='ltr'><strong>Spiritum</strong></span> <span class='ocrx_word' id='word_1_263' title='bbox 839 2358 984 2413; x_wconf 87' lang='lat' dir='ltr'><strong>sanetum</strong></span> <span class='ocrx_word' id='word_1_264' title='bbox 1010 2352 1074 2414; x_wconf 88' lang='lat' dir='ltr'><strong>effi·</strong></span> <span class='ocrx_word' id='word_1_265' title='bbox 1162 2353 1201 2414; x_wconf 91' lang='lat' dir='ltr'><strong>V.</strong></span> <span class='ocrx_word' id='word_1_266' title='bbox 1213 2354 1258 2414; x_wconf 91' lang='lat' dir='ltr'><strong>Ne</strong></span> <span class='ocrx_word' id='word_1_267' title='bbox 1267 2355 1504 2435; x_wconf 89' lang='lat' dir='ltr'><strong>longiorsimin</strong></span> <span class='ocrx_word' id='word_1_268' title='bbox 1517 2359 1797 2420; x_wconf 82' lang='lat' dir='ltr'><strong>commemorandis</strong></span> <span class='ocrx_word' id='word_1_269' title='bbox 1809 2358 1876 2420; x_wconf 87' lang='lat' dir='ltr'><strong>auti·</strong></span> <span class='ocrx_word' id='word_1_270' title='bbox 1913 2368 1971 2444; x_wconf 49' lang='lat'><strong>1331,</strong></span> 
     </span>
     <span class='ocr_line' id='line_1_24' title="bbox 303 2442 1877 2534; baseline 0.005 -29"><span class='ocrx_word' id='word_1_271' title='bbox 303 2442 425 2505; x_wconf 78' lang='lat' dir='ltr'><strong>cientiae</strong></span> <span class='ocrx_word' id='word_1_272' title='bbox 454 2445 532 2506; x_wconf 79' lang='lat' dir='ltr'><strong>lucis</strong></span> <span class='ocrx_word' id='word_1_273' title='bbox 565 2452 596 2507; x_wconf 88' lang='lat' dir='ltr'><strong>et</strong></span> <span class='ocrx_word' id='word_1_274' title='bbox 626 2444 850 2506; x_wconf 84' lang='lat' dir='ltr'><strong>illuminationi</strong></span> <span class='ocrx_word' id='word_1_275' title='bbox 886 2444 1073 2524; x_wconf 91' lang='lat' dir='ltr'><strong>respondere</strong></span> <span class='ocrx_word' id='word_1_276' title='bbox 1123 2462 1259 2525; x_wconf 90' lang='lat' dir='ltr'><strong>quorum</strong></span> <span class='ocrx_word' id='word_1_277' title='bbox 1282 2447 1410 2527; x_wconf 90' lang='lat' dir='ltr'><strong>placitis,</strong></span> <span class='ocrx_word' id='word_1_278' title='bbox 1427 2453 1462 2534; x_wconf 81' lang='lat' dir='ltr'><strong>et</strong></span> <span class='ocrx_word' id='word_1_279' title='bbox 1483 2453 1520 2509; x_wconf 89' lang='lat' dir='ltr'><strong>ut</strong></span> <span class='ocrx_word' id='word_1_280' title='bbox 1539 2448 1598 2511; x_wconf 87' lang='lat' dir='ltr'><strong>ista</strong></span> <span class='ocrx_word' id='word_1_281' title='bbox 1621 2452 1752 2530; x_wconf 77' lang='lat' dir='ltr'><strong>questio</strong></span> <span class='ocrx_word' id='word_1_282' title='bbox 1774 2452 1877 2513; x_wconf 78' lang='lat' dir='ltr'><strong>eriam</strong></span> 
     </span>
     <span class='ocr_line' id='line_1_25' title="bbox 304 2536 1876 2622; baseline 0.005 -25"><span class='ocrx_word' id='word_1_283' title='bbox 304 2536 388 2598; x_wconf 86' lang='lat' dir='ltr'><strong>dicit.</strong></span> <span class='ocrx_word' id='word_1_284' title='bbox 407 2558 422 2594; x_wconf 74' lang='grc' dir='ltr'><strong>(ι</strong></span> <span class='ocrx_word' id='word_1_285' title='bbox 438 2537 508 2612; x_wconf 91' lang='lat' dir='ltr'><strong>Ubi,</strong></span> <span class='ocrx_word' id='word_1_286' title='bbox 523 2537 638 2617; x_wconf 91' lang='lat' dir='ltr'><strong>inquit,</strong></span> <span class='ocrx_word' id='word_1_287' title='bbox 658 2544 705 2599; x_wconf 91' lang='lat' dir='ltr'><strong>est</strong></span> <span class='ocrx_word' id='word_1_288' title='bbox 716 2538 836 2614; x_wconf 90' lang='lat' dir='ltr'><strong>lumen,</strong></span> <span class='ocrx_word' id='word_1_289' title='bbox 852 2536 897 2598; x_wconf 92' lang='lat' dir='ltr'><strong>ibi</strong></span> <span class='ocrx_word' id='word_1_290' title='bbox 910 2544 956 2598; x_wconf 89' lang='lat' dir='ltr'><strong>est</strong></span> <span class='ocrx_word' id='word_1_291' title='bbox 972 2556 1075 2601; x_wconf 89' lang='lat' dir='ltr'><strong>corus·</strong></span> <span class='ocrx_word' id='word_1_292' title='bbox 1123 2538 1251 2599; x_wconf 87' lang='lat' dir='ltr'><strong>tandem</strong></span> <span class='ocrx_word' id='word_1_293' title='bbox 1264 2539 1401 2619; x_wconf 88' lang='lat' dir='ltr'><strong>aliquem</strong></span> <span class='ocrx_word' id='word_1_294' title='bbox 1417 2539 1539 2617; x_wconf 87' lang='lat' dir='ltr'><strong>habeat,</strong></span> <span class='ocrx_word' id='word_1_295' title='bbox 1549 2541 1634 2603; x_wconf 91' lang='lat' dir='ltr'><strong>idem</strong></span> <span class='ocrx_word' id='word_1_296' title='bbox 1647 2543 1728 2604; x_wconf 83' lang='lat' dir='ltr'><strong>milri</strong></span> <span class='ocrx_word' id='word_1_297' title='bbox 1737 2543 1876 2622; x_wconf 85' lang='lat' dir='ltr'><strong>judicium</strong></span> 
     </span>
     <span class='ocr_line' id='line_1_26' title="bbox 305 2625 1876 2713; baseline 0.004 -24"><span class='ocrx_word' id='word_1_298' title='bbox 305 2629 395 2689; x_wconf 87' lang='lat' dir='ltr'><strong>catio.</strong></span> <span class='ocrx_word' id='word_1_299' title='bbox 422 2625 459 2690; x_wconf 81' lang='lat' dir='ltr'><strong>n</strong></span> <span class='ocrx_word' id='word_1_300' title='bbox 479 2629 534 2689; x_wconf 91' lang='lat' dir='ltr'><strong>ubi</strong></span> <span class='ocrx_word' id='word_1_301' title='bbox 557 2630 739 2707; x_wconf 77' lang='lat' dir='ltr'><strong>coruscatio,</strong></span> <span class='ocrx_word' id='word_1_302' title='bbox 763 2629 807 2690; x_wconf 90' lang='lat' dir='ltr'><strong>ibi</strong></span> <span class='ocrx_word' id='word_1_303' title='bbox 829 2629 924 2710; x_wconf 88' lang='lat' dir='ltr'><strong>hujus</strong></span> <span class='ocrx_word' id='word_1_304' title='bbox 945 2635 992 2692; x_wconf 85' lang='lat' dir='ltr'><strong>eet</strong></span> <span class='ocrx_word' id='word_1_305' title='bbox 1012 2630 1076 2692; x_wconf 86' lang='lat' dir='ltr'><strong>effi·</strong></span> <span class='ocrx_word' id='word_1_306' title='bbox 1124 2630 1163 2690; x_wconf 83' lang='lat' dir='ltr'><strong>de</strong></span> <span class='ocrx_word' id='word_1_307' title='bbox 1175 2630 1647 2713; x_wconf 86' lang='lat' dir='ltr'><strong>omnipotentia,efficientiaque</strong></span> <span class='ocrx_word' id='word_1_308' title='bbox 1662 2635 1876 2698; x_wconf 83' lang='lat' dir='ltr'><strong>faciendumvi·</strong></span> 
     </span>
     <span class='ocr_line' id='line_1_27' title="bbox 304 2717 1876 2805; baseline 0.005 -24"><span class='ocrx_word' id='word_1_309' title='bbox 304 2719 418 2782; x_wconf 88' lang='lat' dir='ltr'><strong>cientia</strong></span> <span class='ocrx_word' id='word_1_310' title='bbox 431 2717 598 2783; x_wconf 67' lang='lat' dir='ltr'><strong>et&#39;luoidus</strong></span> <span class='ocrx_word' id='word_1_311' title='bbox 610 2724 713 2784; x_wconf 81' lang='lat' dir='ltr'><strong>deror.</strong></span> <span class='ocrx_word' id='word_1_312' title='bbox 729 2731 773 2781; x_wconf 70' lang='lat' dir='ltr'><strong>“a</strong></span> <span class='ocrx_word' id='word_1_313' title='bbox 1123 2722 1226 2799; x_wconf 87' lang='lat' dir='ltr'><strong>detur,</strong></span> <span class='ocrx_word' id='word_1_314' title='bbox 1242 2725 1327 2804; x_wconf 88' lang='lat' dir='ltr'><strong>quod</strong></span> <span class='ocrx_word' id='word_1_315' title='bbox 1341 2724 1379 2786; x_wconf 89' lang='lat' dir='ltr'><strong>de</strong></span> <span class='ocrx_word' id='word_1_316' title='bbox 1399 2725 1558 2805; x_wconf 88' lang='lat' dir='ltr'><strong>sapientia,</strong></span> <span class='ocrx_word' id='word_1_317' title='bbox 1575 2726 1724 2789; x_wconf 85' lang='lat' dir='ltr'><strong>charitate</strong></span> <span class='ocrx_word' id='word_1_318' title='bbox 1740 2733 1770 2789; x_wconf 92' lang='lat' dir='ltr'><strong>et</strong></span> <span class='ocrx_word' id='word_1_319' title='bbox 1782 2728 1876 2789; x_wconf 76' lang='lat' dir='ltr'><strong>sancti</strong></span> 
     </span>
     <span class='ocr_line' id='line_1_28' title="bbox 345 2813 1876 2899; baseline 0.005 -25"><span class='ocrx_word' id='word_1_320' title='bbox 345 2814 397 2874; x_wconf 90' lang='lat' dir='ltr'><strong>lV.</strong></span> <span class='ocrx_word' id='word_1_321' title='bbox 420 2815 501 2876; x_wconf 85' lang='lat' dir='ltr'><strong>Sunt</strong></span> <span class='ocrx_word' id='word_1_322' title='bbox 517 2816 573 2894; x_wconf 91' lang='lat' dir='ltr'><strong>qui</strong></span> <span class='ocrx_word' id='word_1_323' title='bbox 591 2815 700 2876; x_wconf 89' lang='lat' dir='ltr'><strong>ambos</strong></span> <span class='ocrx_word' id='word_1_324' title='bbox 719 2814 799 2891; x_wconf 89' lang='lat' dir='ltr'><strong>illos,</strong></span> <span class='ocrx_word' id='word_1_325' title='bbox 824 2813 938 2876; x_wconf 89' lang='lat' dir='ltr'><strong>Filium</strong></span> <span class='ocrx_word' id='word_1_326' title='bbox 957 2822 988 2876; x_wconf 89' lang='lat' dir='ltr'><strong>et</strong></span> <span class='ocrx_word' id='word_1_327' title='bbox 1008 2815 1076 2895; x_wconf 90' lang='lat' dir='ltr'><strong>Spi·</strong></span> <span class='ocrx_word' id='word_1_328' title='bbox 1123 2820 1197 2892; x_wconf 84' lang='lat' dir='ltr'><strong>tate,</strong></span> <span class='ocrx_word' id='word_1_329' title='bbox 1218 2835 1353 2895; x_wconf 87' lang='lat' dir='ltr'><strong>quorum</strong></span> <span class='ocrx_word' id='word_1_330' title='bbox 1375 2817 1512 2897; x_wconf 89' lang='lat' dir='ltr'><strong>primum</strong></span> <span class='ocrx_word' id='word_1_331' title='bbox 1529 2817 1617 2894; x_wconf 84' lang='lat' dir='ltr'><strong>Filio,</strong></span> <span class='ocrx_word' id='word_1_332' title='bbox 1641 2820 1807 2899; x_wconf 86' lang='lat' dir='ltr'><strong>posteriora</strong></span> <span class='ocrx_word' id='word_1_333' title='bbox 1825 2821 1876 2882; x_wconf 92' lang='lat' dir='ltr'><strong>duo</strong></span> 
     </span>
     <span class='ocr_line' id='line_1_29' title="bbox 153 2905 1878 2990; baseline 0.007 -27"><span class='ocrx_word' id='word_1_334' title='bbox 153 2915 262 2982; x_wconf 65' lang='lat' dir='ltr'><strong>ulpiani</strong></span> <span class='ocrx_word' id='word_1_335' title='bbox 304 2905 402 2967; x_wconf 91' lang='lat' dir='ltr'><strong>ritum</strong></span> <span class='ocrx_word' id='word_1_336' title='bbox 435 2912 578 2968; x_wconf 83' lang='lat' dir='ltr'><strong>sanetum</strong></span> <span class='ocrx_word' id='word_1_337' title='bbox 610 2908 645 2968; x_wconf 93' lang='lat' dir='ltr'><strong>in</strong></span> <span class='ocrx_word' id='word_1_338' title='bbox 679 2907 933 2968; x_wconf 82' lang='lat' dir='ltr'><strong>communionem</strong></span> <span class='ocrx_word' id='word_1_339' title='bbox 964 2912 1076 2969; x_wconf 82' lang='lat' dir='ltr'><strong>vocent</strong></span> <span class='ocrx_word' id='word_1_340' title='bbox 1125 2908 1255 2989; x_wconf 91' lang='lat' dir='ltr'><strong>Spiritui</strong></span> <span class='ocrx_word' id='word_1_341' title='bbox 1263 2915 1369 2971; x_wconf 90' lang='lat' dir='ltr'><strong>sancto</strong></span> <span class='ocrx_word' id='word_1_342' title='bbox 1382 2915 1532 2990; x_wconf 88' lang='lat' dir='ltr'><strong>tanquam</strong></span> <span class='ocrx_word' id='word_1_343' title='bbox 1543 2911 1671 2990; x_wconf 84' lang='lat' dir='ltr'><strong>propria</strong></span> <span class='ocrx_word' id='word_1_344' title='bbox 1686 2931 1752 2974; x_wconf 91' lang='lat' dir='ltr'><strong>non</strong></span> <span class='ocrx_word' id='word_1_345' title='bbox 1764 2914 1878 2975; x_wconf 66' lang='lat' dir='ltr'><strong>raros-&#39;r</strong></span> 
     </span>
     <span class='ocr_line' id='line_1_30' title="bbox 160 2971 1878 3088; baseline 0.006 -30"><span class='ocrx_word' id='word_1_346' title='bbox 160 2971 258 3088; x_wconf 51' lang='lat' dir='ltr'><strong>giiii,</strong></span> <span class='ocrx_word' id='word_1_347' title='bbox 306 2998 420 3059; x_wconf 73' lang='lat' dir='ltr'><strong>fflvinae</strong></span> <span class='ocrx_word' id='word_1_348' title='bbox 445 2998 529 3060; x_wconf 92' lang='lat' dir='ltr'><strong>illius</strong></span> <span class='ocrx_word' id='word_1_349' title='bbox 556 2999 739 3077; x_wconf 87' lang='lat' dir='ltr'><strong>efficientiae,</strong></span> <span class='ocrx_word' id='word_1_350' title='bbox 765 3019 801 3060; x_wconf 92' lang='lat' dir='ltr'><strong>ac</strong></span> <span class='ocrx_word' id='word_1_351' title='bbox 825 3018 881 3079; x_wconf 88' lang='lat' dir='ltr'><strong>per</strong></span> <span class='ocrx_word' id='word_1_352' title='bbox 907 3005 1075 3081; x_wconf 85' lang='lat' dir='ltr'><strong>utrumque</strong></span> <span class='ocrx_word' id='word_1_353' title='bbox 1124 3001 1602 3065; x_wconf 77' lang='lat' dir='ltr'><strong>buuntur.dasimillimaestillu</strong></span> <span class='ocrx_word' id='word_1_354' title='bbox 1615 3006 1878 3083; x_wconf 65' lang='lat' dir='ltr'><strong>questioanlilius</strong></span> 
     </span>
     <span class='ocr_line' id='line_1_31' title="bbox 156 3078 1877 3176; baseline 0.006 -26"><span class='ocrx_word' id='word_1_355' title='bbox 156 3078 265 3176; x_wconf 58' lang='lat' dir='ltr'><strong>{ffi‘ffi</strong></span> <span class='ocrx_word' id='word_1_356' title='bbox 307 3091 406 3151; x_wconf 88' lang='lat' dir='ltr'><strong>Deum</strong></span> <span class='ocrx_word' id='word_1_357' title='bbox 433 3091 555 3153; x_wconf 87' lang='lat' dir='ltr'><strong>Patrem</strong></span> <span class='ocrx_word' id='word_1_358' title='bbox 582 3092 682 3154; x_wconf 87' lang='lat' dir='ltr'><strong>iacere</strong></span> <span class='ocrx_word' id='word_1_359' title='bbox 714 3092 822 3153; x_wconf 85' lang='lat' dir='ltr'><strong>omnia</strong></span> <span class='ocrx_word' id='word_1_360' title='bbox 852 3093 992 3155; x_wconf 85' lang='lat' dir='ltr'><strong>doceant.</strong></span> <span class='ocrx_word' id='word_1_361' title='bbox 1027 3094 1077 3156; x_wconf 91' lang='lat' dir='ltr'><strong>Sic</strong></span> <span class='ocrx_word' id='word_1_362' title='bbox 1126 3099 1181 3155; x_wconf 87' lang='lat' dir='ltr'><strong>aut</strong></span> <span class='ocrx_word' id='word_1_363' title='bbox 1194 3095 1327 3174; x_wconf 88' lang='lat' dir='ltr'><strong>Spiritus</strong></span> <span class='ocrx_word' id='word_1_364' title='bbox 1349 3094 1388 3156; x_wconf 89' lang='lat' dir='ltr'><strong>sit</strong></span> <span class='ocrx_word' id='word_1_365' title='bbox 1406 3093 1751 3175; x_wconf 78' lang='lat' dir='ltr'><strong>omnipotentiavelvis</strong></span> <span class='ocrx_word' id='word_1_366' title='bbox 1760 3098 1877 3160; x_wconf 75' lang='lat' dir='ltr'><strong>effectis</strong></span> 
     </span>
     <span class='ocr_line' id='line_1_32' title="bbox 136 3183 1877 3293; baseline 0.006 -51"><span class='ocrx_word' id='word_1_367' title='bbox 136 3184 285 3293; x_wconf 45' lang='lat' dir='ltr'><strong>&amp;affl</strong></span> <span class='ocrx_word' id='word_1_368' title='bbox 306 3184 461 3245; x_wconf 78' lang='lat' dir='ltr'><strong>ireneus:</strong></span> <span class='ocrx_word' id='word_1_369' title='bbox 490 3205 506 3242; x_wconf 81' lang='lat' dir='ltr'><strong>a</strong></span> <span class='ocrx_word' id='word_1_370' title='bbox 528 3184 622 3261; x_wconf 79' lang='lat' dir='ltr'><strong>Nihil,</strong></span> <span class='ocrx_word' id='word_1_371' title='bbox 649 3184 767 3264; x_wconf 89' lang='lat' dir='ltr'><strong>inquit,</strong></span> <span class='ocrx_word' id='word_1_372' title='bbox 791 3183 910 3264; x_wconf 85' lang='lat' dir='ltr'><strong>indiget</strong></span> <span class='ocrx_word' id='word_1_373' title='bbox 932 3185 1076 3247; x_wconf 90' lang='lat' dir='ltr'><strong>omnium</strong></span> <span class='ocrx_word' id='word_1_374' title='bbox 1126 3187 1241 3264; x_wconf 88' lang='lat' dir='ltr'><strong>Patris,</strong></span> <span class='ocrx_word' id='word_1_375' title='bbox 1265 3187 1354 3248; x_wconf 85' lang='lat' dir='ltr'><strong>alteri</strong></span> <span class='ocrx_word' id='word_1_376' title='bbox 1371 3187 1495 3248; x_wconf 80' lang='lat' dir='ltr'><strong>amdam</strong></span> <span class='ocrx_word' id='word_1_377' title='bbox 1516 3206 1612 3268; x_wconf 89' lang='lat' dir='ltr'><strong>quam</strong></span> <span class='ocrx_word' id='word_1_378' title='bbox 1632 3188 1820 3269; x_wconf 77' lang='lat' dir='ltr'><strong>Augustinus</strong></span> <span class='ocrx_word' id='word_1_379' title='bbox 1837 3210 1877 3253; x_wconf 85' lang='lat' dir='ltr'><strong>ex-</strong></span> 
     </span>
     <span class='ocr_line' id='line_1_33' title="bbox 147 3276 1878 3364; baseline 0.005 -28"><span class='ocrx_word' id='word_1_380' title='bbox 147 3291 274 3337; x_wconf 72' lang='lat' dir='ltr'><strong>nomtnan.</strong></span> <span class='ocrx_word' id='word_1_381' title='bbox 307 3277 399 3352; x_wconf 87' lang='lat' dir='ltr'><strong>Deus,</strong></span> <span class='ocrx_word' id='word_1_382' title='bbox 426 3276 481 3338; x_wconf 89' lang='lat' dir='ltr'><strong>sed</strong></span> <span class='ocrx_word' id='word_1_383' title='bbox 503 3295 558 3356; x_wconf 89' lang='lat' dir='ltr'><strong>per</strong></span> <span class='ocrx_word' id='word_1_384' title='bbox 586 3277 725 3339; x_wconf 86' lang='lat' dir='ltr'><strong>Verbum</strong></span> <span class='ocrx_word' id='word_1_385' title='bbox 749 3283 781 3338; x_wconf 89' lang='lat' dir='ltr'><strong>et</strong></span> <span class='ocrx_word' id='word_1_386' title='bbox 807 3277 958 3360; x_wconf 88' lang='lat' dir='ltr'><strong>Spiritum</strong></span> <span class='ocrx_word' id='word_1_387' title='bbox 983 3296 1077 3341; x_wconf 89' lang='lat' dir='ltr'><strong>suum</strong></span> <span class='ocrx_word' id='word_1_388' title='bbox 1126 3278 1257 3359; x_wconf 88' lang='lat' dir='ltr'><strong>plicat¹⁰,</strong></span> <span class='ocrx_word' id='word_1_389' title='bbox 1268 3287 1368 3341; x_wconf 89' lang='lat' dir='ltr'><strong>etnos</strong></span> <span class='ocrx_word' id='word_1_390' title='bbox 1384 3279 1418 3340; x_wconf 91' lang='lat' dir='ltr'><strong>in</strong></span> <span class='ocrx_word' id='word_1_391' title='bbox 1432 3284 1517 3341; x_wconf 83' lang='lat' dir='ltr'><strong>sexto</strong></span> <span class='ocrx_word' id='word_1_392' title='bbox 1536 3281 1616 3342; x_wconf 90' lang='lat' dir='ltr'><strong>libro</strong></span> <span class='ocrx_word' id='word_1_393' title='bbox 1634 3281 1671 3343; x_wconf 81' lang='lat' dir='ltr'><strong>de</strong></span> <span class='ocrx_word' id='word_1_394' title='bbox 1687 3282 1878 3364; x_wconf 76' lang='lat' dir='ltr'><strong>Trinitatepc</strong></span> 
     </span>
     <span class='ocr_line' id='line_1_34' title="bbox 307 3368 1878 3452; baseline 0.006 -24"><span class='ocrx_word' id='word_1_395' title='bbox 307 3368 415 3429; x_wconf 86' lang='lat' dir='ltr'><strong>omnia</strong></span> <span class='ocrx_word' id='word_1_396' title='bbox 433 3368 551 3430; x_wconf 82' lang='lat' dir='ltr'><strong>iaciens</strong></span> <span class='ocrx_word' id='word_1_397' title='bbox 569 3374 600 3430; x_wconf 87' lang='lat' dir='ltr'><strong>et</strong></span> <span class='ocrx_word' id='word_1_398' title='bbox 620 3370 786 3450; x_wconf 89' lang='lat' dir='ltr'><strong>disponens</strong></span> <span class='ocrx_word' id='word_1_399' title='bbox 806 3375 837 3431; x_wconf 89' lang='lat' dir='ltr'><strong>et</strong></span> <span class='ocrx_word' id='word_1_400' title='bbox 854 3370 1078 3451; x_wconf 75' lang='lat' dir='ltr'><strong>gubernasset</strong></span> <span class='ocrx_word' id='word_1_401' title='bbox 1126 3370 1283 3449; x_wconf 88' lang='lat' dir='ltr'><strong>suimus¹¹,</strong></span> <span class='ocrx_word' id='word_1_402' title='bbox 1310 3373 1344 3433; x_wconf 90' lang='lat' dir='ltr'><strong>in</strong></span> <span class='ocrx_word' id='word_1_403' title='bbox 1371 3391 1435 3452; x_wconf 90' lang='lat' dir='ltr'><strong>qua</strong></span> <span class='ocrx_word' id='word_1_404' title='bbox 1456 3374 1608 3452; x_wconf 88' lang='lat' dir='ltr'><strong>quaeritur</strong></span> <span class='ocrx_word' id='word_1_405' title='bbox 1634 3375 1716 3437; x_wconf 89' lang='lat' dir='ltr'><strong>sitne</strong></span> <span class='ocrx_word' id='word_1_406' title='bbox 1744 3377 1831 3438; x_wconf 81' lang='lat' dir='ltr'><strong>lilius</strong></span> <span class='ocrx_word' id='word_1_407' title='bbox 1849 3395 1878 3438; x_wconf 83' lang='lat' dir='ltr'><strong>ea</strong></span> 
     </span>
     <span class='ocr_line' id='line_1_35' title="bbox 308 3460 1878 3549; baseline 0.006 -28"><span class='ocrx_word' id='word_1_408' title='bbox 308 3460 454 3521; x_wconf 91' lang='lat' dir='ltr'><strong>omnibus</strong></span> <span class='ocrx_word' id='word_1_409' title='bbox 473 3479 539 3522; x_wconf 89' lang='lat' dir='ltr'><strong>esse</strong></span> <span class='ocrx_word' id='word_1_410' title='bbox 558 3466 707 3541; x_wconf 87' lang='lat' dir='ltr'><strong>praestans</strong></span> <span class='ocrx_word' id='word_1_411' title='bbox 725 3460 749 3523; x_wconf 81' lang='lat'><strong>⁸.</strong></span> <span class='ocrx_word' id='word_1_412' title='bbox 772 3485 787 3520; x_wconf 79' lang='lat' dir='ltr'><strong>u</strong></span> <span class='ocrx_word' id='word_1_413' title='bbox 811 3463 855 3523; x_wconf 76' lang='lat' dir='ltr'><strong>Ac</strong></span> <span class='ocrx_word' id='word_1_414' title='bbox 876 3463 999 3543; x_wconf 84' lang='lat' dir='ltr'><strong>plenius</strong></span> <span class='ocrx_word' id='word_1_415' title='bbox 1015 3464 1078 3526; x_wconf 81' lang='lat' dir='ltr'><strong>Au·</strong></span> <span class='ocrx_word' id='word_1_416' title='bbox 1128 3464 1226 3526; x_wconf 87' lang='lat' dir='ltr'><strong>Patris</strong></span> <span class='ocrx_word' id='word_1_417' title='bbox 1233 3464 1384 3544; x_wconf 90' lang='lat' dir='ltr'><strong>sapientia</strong></span> <span class='ocrx_word' id='word_1_418' title='bbox 1391 3483 1455 3544; x_wconf 89' lang='lat' dir='ltr'><strong>qua</strong></span> <span class='ocrx_word' id='word_1_419' title='bbox 1464 3467 1587 3545; x_wconf 90' lang='lat' dir='ltr'><strong>sapiens</strong></span> <span class='ocrx_word' id='word_1_420' title='bbox 1596 3466 1757 3545; x_wconf 88' lang='lat' dir='ltr'><strong>dicitur,et</strong></span> <span class='ocrx_word' id='word_1_421' title='bbox 1766 3468 1878 3549; x_wconf 81' lang='lat' dir='ltr'><strong>Spiritus</strong></span> 
     </span>
     <span class='ocr_line' id='line_1_36' title="bbox 307 3552 1878 3641; baseline 0.007 -29"><span class='ocrx_word' id='word_1_422' title='bbox 307 3553 450 3631; x_wconf 84' lang='lat' dir='ltr'><strong>guatinas</strong></span> <span class='ocrx_word' id='word_1_423' title='bbox 473 3552 507 3614; x_wconf 91' lang='lat' dir='ltr'><strong>in</strong></span> <span class='ocrx_word' id='word_1_424' title='bbox 530 3553 631 3633; x_wconf 89' lang='lat' dir='ltr'><strong>primo</strong></span> <span class='ocrx_word' id='word_1_425' title='bbox 654 3552 689 3614; x_wconf 82' lang='lat' dir='ltr'><strong>de</strong></span> <span class='ocrx_word' id='word_1_426' title='bbox 715 3552 818 3616; x_wconf 79' lang='lat' dir='ltr'><strong>Getreai</strong></span> <span class='ocrx_word' id='word_1_427' title='bbox 837 3553 878 3615; x_wconf 78' lang='lat' dir='ltr'><strong>cd</strong></span> <span class='ocrx_word' id='word_1_428' title='bbox 897 3554 1029 3618; x_wconf 75' lang='lat' dir='ltr'><strong>litteram</strong></span> <span class='ocrx_word' id='word_1_429' title='bbox 1046 3555 1074 3619; x_wconf 69' lang='lat'><strong>⁵:</strong></span> <span class='ocrx_word' id='word_1_430' title='bbox 1126 3563 1250 3619; x_wconf 88' lang='lat' dir='ltr'><strong>sanctus</strong></span> <span class='ocrx_word' id='word_1_431' title='bbox 1259 3576 1297 3619; x_wconf 89' lang='lat' dir='ltr'><strong>ea</strong></span> <span class='ocrx_word' id='word_1_432' title='bbox 1311 3557 1444 3619; x_wconf 86' lang='lat' dir='ltr'><strong>charitas</strong></span> <span class='ocrx_word' id='word_1_433' title='bbox 1458 3560 1670 3622; x_wconf 69' lang='lat' dir='ltr'><strong>anteuenias</strong></span> <span class='ocrx_word' id='word_1_434' title='bbox 1684 3580 1748 3641; x_wconf 90' lang='lat' dir='ltr'><strong>qua</strong></span> <span class='ocrx_word' id='word_1_435' title='bbox 1760 3563 1841 3623; x_wconf 88' lang='lat' dir='ltr'><strong>Pater</strong></span> <span class='ocrx_word' id='word_1_436' title='bbox 1854 3568 1878 3623; x_wconf 90' lang='lat' dir='ltr'><strong>et</strong></span> 
     </span>
     <span class='ocr_line' id='line_1_37' title="bbox 311 3644 1877 3725; baseline 0.008 -22"><span class='ocrx_word' id='word_1_437' title='bbox 311 3666 327 3703; x_wconf 81' lang='lat' dir='ltr'><strong>a</strong></span> <span class='ocrx_word' id='word_1_438' title='bbox 342 3645 402 3707; x_wconf 87' lang='lat' dir='ltr'><strong>Sed</strong></span> <span class='ocrx_word' id='word_1_439' title='bbox 424 3648 496 3707; x_wconf 91' lang='lat' dir='ltr'><strong>antc</strong></span> <span class='ocrx_word' id='word_1_440' title='bbox 520 3644 625 3706; x_wconf 89' lang='lat' dir='ltr'><strong>omnia</strong></span> <span class='ocrx_word' id='word_1_441' title='bbox 646 3646 897 3725; x_wconf 86' lang='lat' dir='ltr'><strong>meminerimus,</strong></span> <span class='ocrx_word' id='word_1_442' title='bbox 916 3648 972 3725; x_wconf 87' lang='lat' dir='ltr'><strong>ait,</strong></span> <span class='ocrx_word' id='word_1_443' title='bbox 993 3651 1077 3711; x_wconf 90' lang='lat' dir='ltr'><strong>unde</strong></span> <span class='ocrx_word' id='word_1_444' title='bbox 1127 3651 1222 3712; x_wconf 84' lang='lat' dir='ltr'><strong>Filius</strong></span> <span class='ocrx_word' id='word_1_445' title='bbox 1239 3656 1379 3713; x_wconf 89' lang='lat' dir='ltr'><strong>amantes</strong></span> <span class='ocrx_word' id='word_1_446' title='bbox 1401 3655 1456 3711; x_wconf 89' lang='lat' dir='ltr'><strong>aut</strong></span> <span class='ocrx_word' id='word_1_447' title='bbox 1472 3652 1571 3716; x_wconf 87' lang='lat' dir='ltr'><strong>sancti</strong></span> <span class='ocrx_word' id='word_1_448' title='bbox 1593 3659 1755 3715; x_wconf 84' lang='lat' dir='ltr'><strong>vocantur.</strong></span> <span class='ocrx_word' id='word_1_449' title='bbox 1771 3656 1805 3715; x_wconf 83' lang='lat' dir='ltr'><strong>Et</strong></span> <span class='ocrx_word' id='word_1_450' title='bbox 1823 3655 1877 3714; x_wconf 83' lang='lat' dir='ltr'><strong>baa</strong></span> 
     </span>
     <span class='ocr_line' id='line_1_38' title="bbox 302 3736 1877 3827; baseline 0.006 -30"><span class='ocrx_word' id='word_1_451' title='bbox 302 3736 371 3816; x_wconf 82' lang='lat' dir='ltr'><strong>jam</strong></span> <span class='ocrx_word' id='word_1_452' title='bbox 384 3737 483 3799; x_wconf 87' lang='lat' dir='ltr'><strong>multa</strong></span> <span class='ocrx_word' id='word_1_453' title='bbox 501 3738 647 3814; x_wconf 83' lang='lat' dir='ltr'><strong>diximus,</strong></span> <span class='ocrx_word' id='word_1_454' title='bbox 666 3757 731 3799; x_wconf 91' lang='lat' dir='ltr'><strong>non</strong></span> <span class='ocrx_word' id='word_1_455' title='bbox 754 3740 976 3820; x_wconf 87' lang='lat' dir='ltr'><strong>temporalibus</strong></span> <span class='ocrx_word' id='word_1_456' title='bbox 989 3741 1078 3822; x_wconf 87' lang='lat' dir='ltr'><strong>quasi</strong></span> <span class='ocrx_word' id='word_1_457' title='bbox 1127 3743 1254 3824; x_wconf 87' lang='lat' dir='ltr'><strong>quidem</strong></span> <span class='ocrx_word' id='word_1_458' title='bbox 1267 3743 1418 3824; x_wconf 83' lang='lat' dir='ltr'><strong>posterior</strong></span> <span class='ocrx_word' id='word_1_459' title='bbox 1431 3744 1578 3806; x_wconf 88' lang='lat' dir='ltr'><strong>attentius</strong></span> <span class='ocrx_word' id='word_1_460' title='bbox 1590 3762 1649 3806; x_wconf 92' lang='lat' dir='ltr'><strong>suo</strong></span> <span class='ocrx_word' id='word_1_461' title='bbox 1665 3746 1735 3809; x_wconf 89' lang='lat' dir='ltr'><strong>loeo</strong></span> <span class='ocrx_word' id='word_1_462' title='bbox 1752 3747 1877 3827; x_wconf 70' lang='lat' dir='ltr'><strong>dissepta</strong></span> 
     </span>
     <span class='ocr_line' id='line_1_39' title="bbox 307 3829 1916 3919; baseline 0.007 -30"><span class='ocrx_word' id='word_1_463' title='bbox 307 3829 405 3891; x_wconf 87' lang='lat' dir='ltr'><strong>animi</strong></span> <span class='ocrx_word' id='word_1_464' title='bbox 417 3829 466 3891; x_wconf 90' lang='lat' dir='ltr'><strong>sui</strong></span> <span class='ocrx_word' id='word_1_465' title='bbox 479 3834 533 3891; x_wconf 87' lang='lat' dir='ltr'><strong>aut</strong></span> <span class='ocrx_word' id='word_1_466' title='bbox 546 3830 1075 3913; x_wconf 73' lang='lat' dir='ltr'><strong>eorporismotibusoperaribeum</strong></span> <span class='ocrx_word' id='word_1_467' title='bbox 1126 3836 1223 3898; x_wconf 89' lang='lat' dir='ltr'><strong>bitur.</strong></span> <span class='ocrx_word' id='word_1_468' title='bbox 1246 3838 1289 3898; x_wconf 87' lang='lat' dir='ltr'><strong>De</strong></span> <span class='ocrx_word' id='word_1_469' title='bbox 1311 3836 1424 3918; x_wconf 87' lang='lat' dir='ltr'><strong>priori,</strong></span> <span class='ocrx_word' id='word_1_470' title='bbox 1454 3837 1539 3916; x_wconf 87' lang='lat' dir='ltr'><strong>quod</strong></span> <span class='ocrx_word' id='word_1_471' title='bbox 1558 3856 1643 3900; x_wconf 87' lang='lat' dir='ltr'><strong>nune</strong></span> <span class='ocrx_word' id='word_1_472' title='bbox 1661 3840 1774 3919; x_wconf 88' lang='lat' dir='ltr'><strong>agitur,</strong></span> <span class='ocrx_word' id='word_1_473' title='bbox 1796 3840 1825 3903; x_wconf 88' lang='lat' dir='ltr'><strong>id</strong></span> <span class='ocrx_word' id='word_1_474' title='bbox 1839 3857 1876 3900; x_wconf 78' lang='lat' dir='ltr'><strong>re</strong></span> <span class='ocrx_word' id='word_1_475' title='bbox 1901 3845 1959 3899; x_wconf 67' lang='grc' dir='ltr'><strong>1Ψ</strong></span> 
     </span>
     <span class='ocr_line' id='line_1_40' title="bbox 308 3922 1966 4013; baseline 0.007 -29"><span class='ocrx_word' id='word_1_476' title='bbox 308 3922 387 3984; x_wconf 73' lang='lat' dir='ltr'><strong>deut</strong></span> <span class='ocrx_word' id='word_1_477' title='bbox 399 3929 546 4004; x_wconf 90' lang='lat' dir='ltr'><strong>operatur</strong></span> <span class='ocrx_word' id='word_1_478' title='bbox 558 3924 654 3985; x_wconf 92' lang='lat' dir='ltr'><strong>homo</strong></span> <span class='ocrx_word' id='word_1_479' title='bbox 667 3923 718 3984; x_wconf 84' lang='lat' dir='ltr'><strong>vel</strong></span> <span class='ocrx_word' id='word_1_480' title='bbox 729 3925 867 4004; x_wconf 89' lang='lat' dir='ltr'><strong>angelus,</strong></span> <span class='ocrx_word' id='word_1_481' title='bbox 887 3926 941 3988; x_wconf 88' lang='lat' dir='ltr'><strong>sod</strong></span> <span class='ocrx_word' id='word_1_482' title='bbox 955 3928 1078 3990; x_wconf 80' lang='lat' dir='ltr'><strong>aeternis</strong></span> <span class='ocrx_word' id='word_1_483' title='bbox 1126 3929 1349 4009; x_wconf 86' lang='lat' dir='ltr'><strong>spondebimus</strong></span> <span class='ocrx_word' id='word_1_484' title='bbox 1358 3930 1441 4009; x_wconf 88' lang='lat' dir='ltr'><strong>quod</strong></span> <span class='ocrx_word' id='word_1_485' title='bbox 1464 3930 1505 3992; x_wconf 90' lang='lat' dir='ltr'><strong>ad</strong></span> <span class='ocrx_word' id='word_1_486' title='bbox 1530 3930 1657 3993; x_wconf 75' lang='lat' dir='ltr'><strong>altemm</strong></span> <span class='ocrx_word' id='word_1_487' title='bbox 1680 3932 1876 4013; x_wconf 73' lang='lat' dir='ltr'><strong>prejudicium</strong></span> <span class='ocrx_word' id='word_1_488' title='bbox 1965 3969 1966 3973; x_wconf 63' lang='lat'><em>=</em></span> 
     </span>
     <span class='ocr_line' id='line_1_41' title="bbox 308 4016 1878 4105; baseline 0.007 -30"><span class='ocrx_word' id='word_1_489' title='bbox 308 4020 401 4095; x_wconf 88' lang='lat' dir='ltr'><strong>atque</strong></span> <span class='ocrx_word' id='word_1_490' title='bbox 421 4016 727 4078; x_wconf 84' lang='lat' dir='ltr'><strong>incommutabilibus</strong></span> <span class='ocrx_word' id='word_1_491' title='bbox 749 4022 781 4078; x_wconf 86' lang='lat' dir='ltr'><strong>et</strong></span> <span class='ocrx_word' id='word_1_492' title='bbox 802 4016 963 4079; x_wconf 85' lang='lat' dir='ltr'><strong>stabilibus</strong></span> <span class='ocrx_word' id='word_1_493' title='bbox 985 4020 1079 4083; x_wconf 89' lang='lat' dir='ltr'><strong>ratio·</strong></span> <span class='ocrx_word' id='word_1_494' title='bbox 1127 4022 1256 4100; x_wconf 81' lang='lat' dir='ltr'><strong>valebit,</strong></span> <span class='ocrx_word' id='word_1_495' title='bbox 1280 4022 1540 4103; x_wconf 88' lang='lat' dir='ltr'><strong>omnipotentiam</strong></span> <span class='ocrx_word' id='word_1_496' title='bbox 1556 4024 1732 4105; x_wconf 88' lang='lat' dir='ltr'><strong>agendique</strong></span> <span class='ocrx_word' id='word_1_497' title='bbox 1753 4026 1811 4087; x_wconf 85' lang='lat' dir='ltr'><strong>vim</strong></span> <span class='ocrx_word' id='word_1_498' title='bbox 1833 4028 1878 4086; x_wconf 86' lang='lat' dir='ltr'><strong>aut</strong></span> 
     </span>
     <span class='ocr_line' id='line_1_42' title="bbox 308 4107 1948 4199; baseline 0.008 -31"><span class='ocrx_word' id='word_1_499' title='bbox 308 4107 402 4169; x_wconf 89' lang='lat' dir='ltr'><strong>nibus</strong></span> <span class='ocrx_word' id='word_1_500' title='bbox 414 4107 560 4170; x_wconf 75' lang='lat' dir='ltr'><strong>coeterni</strong></span> <span class='ocrx_word' id='word_1_501' title='bbox 574 4108 633 4169; x_wconf 89' lang='lat' dir='ltr'><strong>sibi</strong></span> <span class='ocrx_word' id='word_1_502' title='bbox 647 4108 742 4170; x_wconf 89' lang='lat' dir='ltr'><strong>Verbi</strong></span> <span class='ocrx_word' id='word_1_503' title='bbox 755 4109 816 4186; x_wconf 91' lang='lat' dir='ltr'><strong>sui,</strong></span> <span class='ocrx_word' id='word_1_504' title='bbox 831 4113 863 4172; x_wconf 91' lang='lat' dir='ltr'><strong>et</strong></span> <span class='ocrx_word' id='word_1_505' title='bbox 876 4110 1023 4190; x_wconf 92' lang='lat' dir='ltr'><strong>quodam,</strong></span> <span class='ocrx_word' id='word_1_506' title='bbox 1042 4117 1079 4174; x_wconf 89' lang='lat' dir='ltr'><strong>ut</strong></span> <span class='ocrx_word' id='word_1_507' title='bbox 1127 4115 1265 4178; x_wconf 88' lang='lat' dir='ltr'><strong>absolute</strong></span> <span class='ocrx_word' id='word_1_508' title='bbox 1271 4121 1327 4177; x_wconf 86' lang='lat' dir='ltr'><strong>aut</strong></span> <span class='ocrx_word' id='word_1_509' title='bbox 1335 4116 1506 4177; x_wconf 90' lang='lat' dir='ltr'><strong>secundum</strong></span> <span class='ocrx_word' id='word_1_510' title='bbox 1514 4116 1878 4199; x_wconf 74' lang='lat' dir='ltr'><strong>notionemaceipi.Priore</strong></span> <span class='ocrx_word' id='word_1_511' title='bbox 1906 4133 1919 4142; x_wconf 79' lang='lat'><strong>&#39;¹</strong></span> <span class='ocrx_word' id='word_1_512' title='bbox 1938 4175 1948 4192; x_wconf 89' lang='grc'><strong>,,</strong></span> 
     </span>
     <span class='ocr_line' id='line_1_43' title="bbox 308 4199 1971 4291; baseline 0.01 -31"><span class='ocrx_word' id='word_1_513' title='bbox 308 4199 351 4261; x_wconf 84' lang='lat' dir='ltr'><strong>ita</strong></span> <span class='ocrx_word' id='word_1_514' title='bbox 377 4201 528 4276; x_wconf 77' lang='lat' dir='ltr'><strong>dixemus,</strong></span> <span class='ocrx_word' id='word_1_515' title='bbox 558 4200 635 4263; x_wconf 88' lang='lat' dir='ltr'><strong>tlatu</strong></span> <span class='ocrx_word' id='word_1_516' title='bbox 666 4201 781 4281; x_wconf 87' lang='lat' dir='ltr'><strong>puriter</strong></span> <span class='ocrx_word' id='word_1_517' title='bbox 807 4203 952 4265; x_wconf 85' lang='lat' dir='ltr'><strong>eoaetemi</strong></span> <span class='ocrx_word' id='word_1_518' title='bbox 980 4206 1079 4267; x_wconf 89' lang='lat' dir='ltr'><strong>sancti</strong></span> <span class='ocrx_word' id='word_1_519' title='bbox 1128 4209 1221 4270; x_wconf 91' lang='lat' dir='ltr'><strong>modo</strong></span> <span class='ocrx_word' id='word_1_520' title='bbox 1238 4227 1340 4289; x_wconf 86' lang='lat' dir='ltr'><strong>neque</strong></span> <span class='ocrx_word' id='word_1_521' title='bbox 1363 4208 1467 4279; x_wconf 85' lang='lat' dir='ltr'><strong>Filius,</strong></span> <span class='ocrx_word' id='word_1_522' title='bbox 1488 4226 1590 4288; x_wconf 90' lang='lat' dir='ltr'><strong>neque</strong></span> <span class='ocrx_word' id='word_1_523' title='bbox 1613 4210 1747 4291; x_wconf 85' lang='lat' dir='ltr'><strong>Spiritus</strong></span> <span class='ocrx_word' id='word_1_524' title='bbox 1762 4216 1876 4286; x_wconf 76' lang='lat' dir='ltr'><strong>mactas,</strong></span> <span class='ocrx_word' id='word_1_525' title='bbox 1954 4221 1971 4238; x_wconf 79' lang='lat'><em>²</em></span> 
     </span>
     <span class='ocr_line' id='line_1_44' title="bbox 309 4293 1878 4383; baseline 0.007 -29"><span class='ocrx_word' id='word_1_526' title='bbox 309 4293 441 4372; x_wconf 88' lang='lat' dir='ltr'><strong>Spiritus</strong></span> <span class='ocrx_word' id='word_1_527' title='bbox 450 4294 509 4355; x_wconf 88' lang='lat' dir='ltr'><strong>sui.</strong></span> <span class='ocrx_word' id='word_1_528' title='bbox 524 4315 540 4351; x_wconf 86' lang='lat'>»</span> <span class='ocrx_word' id='word_1_529' title='bbox 553 4293 868 4356; x_wconf 88' lang='lat' dir='ltr'><strong>Hucillareferuntur</strong></span> <span class='ocrx_word' id='word_1_530' title='bbox 877 4297 1079 4376; x_wconf 90' lang='lat' dir='ltr'><strong>antiquorum</strong></span> <span class='ocrx_word' id='word_1_531' title='bbox 1128 4321 1229 4383; x_wconf 86' lang='lat' dir='ltr'><strong>neque</strong></span> <span class='ocrx_word' id='word_1_532' title='bbox 1251 4301 1344 4363; x_wconf 91' lang='lat' dir='ltr'><strong>ambo</strong></span> <span class='ocrx_word' id='word_1_533' title='bbox 1367 4301 1462 4363; x_wconf 89' lang='lat' dir='ltr'><strong>simul</strong></span> <span class='ocrx_word' id='word_1_534' title='bbox 1484 4301 1648 4363; x_wconf 86' lang='lat' dir='ltr'><strong>efficientia</strong></span> <span class='ocrx_word' id='word_1_535' title='bbox 1672 4309 1746 4365; x_wconf 89' lang='lat' dir='ltr'><strong>sunt</strong></span> <span class='ocrx_word' id='word_1_536' title='bbox 1765 4302 1878 4375; x_wconf 67' lang='lat' dir='ltr'><strong>betas</strong></span> 
     </span>
     <span class='ocr_line' id='line_1_45' title="bbox 308 4386 1879 4475; baseline 0.006 -29"><span class='ocrx_word' id='word_1_537' title='bbox 308 4386 482 4447; x_wconf 83' lang='lat' dir='ltr'><strong>testimonia</strong></span> <span class='ocrx_word' id='word_1_538' title='bbox 506 4405 575 4465; x_wconf 87' lang='lat' dir='ltr'><strong>quae</strong></span> <span class='ocrx_word' id='word_1_539' title='bbox 599 4386 749 4466; x_wconf 87' lang='lat' dir='ltr'><strong>Spiritum</strong></span> <span class='ocrx_word' id='word_1_540' title='bbox 769 4393 912 4450; x_wconf 88' lang='lat' dir='ltr'><strong>sanctum</strong></span> <span class='ocrx_word' id='word_1_541' title='bbox 930 4390 1079 4453; x_wconf 76' lang='lat' dir='ltr'><strong>virtutem</strong></span> <span class='ocrx_word' id='word_1_542' title='bbox 1129 4396 1213 4457; x_wconf 91' lang='lat' dir='ltr'><strong>enim</strong></span> <span class='ocrx_word' id='word_1_543' title='bbox 1235 4393 1333 4455; x_wconf 86' lang='lat' dir='ltr'><strong>virtus</strong></span> <span class='ocrx_word' id='word_1_544' title='bbox 1353 4399 1386 4455; x_wconf 86' lang='lat' dir='ltr'><strong>et</strong></span> <span class='ocrx_word' id='word_1_545' title='bbox 1407 4394 1633 4474; x_wconf 89' lang='lat' dir='ltr'><strong>omnipotentia</strong></span> <span class='ocrx_word' id='word_1_546' title='bbox 1656 4396 1724 4474; x_wconf 88' lang='lat' dir='ltr'><strong>Dei,</strong></span> <span class='ocrx_word' id='word_1_547' title='bbox 1745 4396 1807 4475; x_wconf 85' lang='lat' dir='ltr'><strong>ejus</strong></span> <span class='ocrx_word' id='word_1_548' title='bbox 1824 4395 1879 4475; x_wconf 77' lang='lat' dir='ltr'><strong>ipsa</strong></span> 
     </span>
     <span class='ocr_line' id='line_1_46' title="bbox 308 4475 1878 4570; baseline 0.01 -33"><span class='ocrx_word' id='word_1_549' title='bbox 308 4481 339 4537; x_wconf 88' lang='lat' dir='ltr'><strong>et</strong></span> <span class='ocrx_word' id='word_1_550' title='bbox 352 4475 471 4556; x_wconf 65' lang='grc' dir='ltr'>ἐνέργειαν</span> <span class='ocrx_word' id='word_1_551' title='bbox 486 4496 551 4539; x_wconf 87' lang='lat' dir='ltr'><strong>esse</strong></span> <span class='ocrx_word' id='word_1_552' title='bbox 565 4478 634 4539; x_wconf 88' lang='lat' dir='ltr'><strong>Filii</strong></span> <span class='ocrx_word' id='word_1_553' title='bbox 654 4479 876 4558; x_wconf 88' lang='lat' dir='ltr'><strong>demonstrant,</strong></span> <span class='ocrx_word' id='word_1_554' title='bbox 894 4482 1020 4562; x_wconf 90' lang='lat' dir='ltr'><strong>perinde</strong></span> <span class='ocrx_word' id='word_1_555' title='bbox 1044 4489 1080 4546; x_wconf 88' lang='lat' dir='ltr'><strong>ut</strong></span> <span class='ocrx_word' id='word_1_556' title='bbox 1128 4487 1299 4550; x_wconf 81' lang='lat' dir='ltr'><strong>substantia</strong></span> <span class='ocrx_word' id='word_1_557' title='bbox 1311 4486 1375 4547; x_wconf 77' lang='lat' dir='ltr'><strong>sire</strong></span> <span class='ocrx_word' id='word_1_558' title='bbox 1397 4487 1528 4549; x_wconf 84' lang='lat' dir='ltr'><strong>essentia</strong></span> <span class='ocrx_word' id='word_1_559' title='bbox 1548 4487 1649 4549; x_wconf 89' lang='lat' dir='ltr'><strong>tribus</strong></span> <span class='ocrx_word' id='word_1_560' title='bbox 1671 4507 1711 4551; x_wconf 80' lang='lat' dir='ltr'><strong>ex</strong></span> <span class='ocrx_word' id='word_1_561' title='bbox 1724 4504 1878 4570; x_wconf 80' lang='lat' dir='ltr'><strong>aequopes·</strong></span> 
     </span>
     <span class='ocr_line' id='line_1_47' title="bbox 307 4567 1878 4660; baseline 0.01 -31"><span class='ocrx_word' id='word_1_562' title='bbox 307 4567 359 4629; x_wconf 92' lang='lat' dir='ltr'><strong>hic</strong></span> <span class='ocrx_word' id='word_1_563' title='bbox 382 4569 479 4630; x_wconf 90' lang='lat' dir='ltr'><strong>Patris</strong></span> <span class='ocrx_word' id='word_1_564' title='bbox 508 4589 573 4632; x_wconf 88' lang='lat' dir='ltr'><strong>esse</strong></span> <span class='ocrx_word' id='word_1_565' title='bbox 595 4570 729 4647; x_wconf 89' lang='lat' dir='ltr'><strong>dicitur,</strong></span> <span class='ocrx_word' id='word_1_566' title='bbox 754 4572 867 4652; x_wconf 91' lang='lat' dir='ltr'><strong>quibus</strong></span> <span class='ocrx_word' id='word_1_567' title='bbox 889 4574 924 4635; x_wconf 90' lang='lat' dir='ltr'><strong>in</strong></span> <span class='ocrx_word' id='word_1_568' title='bbox 947 4576 1079 4657; x_wconf 90' lang='lat' dir='ltr'><strong>septimo</strong></span> <span class='ocrx_word' id='word_1_569' title='bbox 1129 4580 1213 4643; x_wconf 89' lang='lat' dir='ltr'><strong>sonis</strong></span> <span class='ocrx_word' id='word_1_570' title='bbox 1226 4598 1412 4660; x_wconf 86' lang='lat' dir='ltr'><strong>congruens.</strong></span> <span class='ocrx_word' id='word_1_571' title='bbox 1432 4601 1447 4637; x_wconf 83' lang='lat' dir='ltr'><strong>a</strong></span> <span class='ocrx_word' id='word_1_572' title='bbox 1460 4578 1540 4641; x_wconf 89' lang='lat' dir='ltr'><strong>Nam</strong></span> <span class='ocrx_word' id='word_1_573' title='bbox 1554 4598 1627 4642; x_wconf 89' lang='lat' dir='ltr'><strong>cum</strong></span> <span class='ocrx_word' id='word_1_574' title='bbox 1642 4586 1750 4644; x_wconf 84' lang='lat' dir='ltr'><strong>sancta</strong></span> <span class='ocrx_word' id='word_1_575' title='bbox 1766 4580 1878 4643; x_wconf 72' lang='lat' dir='ltr'><strong>trinta</strong></span> 
     </span>
     <span class='ocr_line' id='line_1_48' title="bbox 307 4659 1878 4752; baseline 0.006 -31"><span class='ocrx_word' id='word_1_576' title='bbox 307 4660 388 4721; x_wconf 83' lang='lat' dir='ltr'><strong>libro</strong></span> <span class='ocrx_word' id='word_1_577' title='bbox 408 4659 444 4722; x_wconf 85' lang='lat' dir='ltr'><strong>de</strong></span> <span class='ocrx_word' id='word_1_578' title='bbox 469 4661 616 4724; x_wconf 83' lang='lat' dir='ltr'><strong>Trinitcte</strong></span> <span class='ocrx_word' id='word_1_579' title='bbox 628 4663 714 4726; x_wconf 92' lang='lat' dir='ltr'><strong>locus</strong></span> <span class='ocrx_word' id='word_1_580' title='bbox 731 4664 791 4725; x_wconf 87' lang='lat' dir='ltr'><strong>erit</strong></span> <span class='ocrx_word' id='word_1_581' title='bbox 809 4685 881 4727; x_wconf 90' lang='lat' dir='ltr'><strong>cum</strong></span> <span class='ocrx_word' id='word_1_582' title='bbox 895 4667 933 4728; x_wconf 92' lang='lat' dir='ltr'><strong>de</strong></span> <span class='ocrx_word' id='word_1_583' title='bbox 948 4669 1080 4749; x_wconf 89' lang='lat' dir='ltr'><strong>Spiritus</strong></span> <span class='ocrx_word' id='word_1_584' title='bbox 1128 4673 1249 4736; x_wconf 86' lang='lat' dir='ltr'><strong>ratione</strong></span> <span class='ocrx_word' id='word_1_585' title='bbox 1262 4671 1584 4735; x_wconf 87' lang='lat' dir='ltr'><strong>consubstantialitatis</strong></span> <span class='ocrx_word' id='word_1_586' title='bbox 1596 4691 1662 4735; x_wconf 86' lang='lat' dir='ltr'><strong>uns</strong></span> <span class='ocrx_word' id='word_1_587' title='bbox 1674 4673 1725 4751; x_wconf 90' lang='lat' dir='ltr'><strong>sit,</strong></span> <span class='ocrx_word' id='word_1_588' title='bbox 1742 4692 1803 4735; x_wconf 86' lang='lat' dir='ltr'><strong>una</strong></span> <span class='ocrx_word' id='word_1_589' title='bbox 1814 4688 1878 4752; x_wconf 80' lang='lat' dir='ltr'><strong>que</strong></span> 
     </span>
     <span class='ocr_line' id='line_1_49' title="bbox 308 4753 1876 4847; baseline 0.006 -32"><span class='ocrx_word' id='word_1_590' title='bbox 308 4753 406 4815; x_wconf 85' lang='lat' dir='ltr'><strong>saneti</strong></span> <span class='ocrx_word' id='word_1_591' title='bbox 418 4772 458 4815; x_wconf 84' lang='lat' dir='ltr'><strong>ex</strong></span> <span class='ocrx_word' id='word_1_592' title='bbox 474 4759 607 4836; x_wconf 83' lang='lat' dir='ltr'><strong>utruque</strong></span> <span class='ocrx_word' id='word_1_593' title='bbox 624 4757 821 4836; x_wconf 86' lang='lat' dir='ltr'><strong>processione</strong></span> <span class='ocrx_word' id='word_1_594' title='bbox 835 4759 1045 4839; x_wconf 90' lang='lat' dir='ltr'><strong>disputabitur</strong></span> <span class='ocrx_word' id='word_1_595' title='bbox 1054 4761 1078 4826; x_wconf 82' lang='lat'><strong>⁸.</strong></span> <span class='ocrx_word' id='word_1_596' title='bbox 1129 4784 1191 4847; x_wconf 89' lang='lat' dir='ltr'><strong>que</strong></span> <span class='ocrx_word' id='word_1_597' title='bbox 1213 4765 1248 4826; x_wconf 91' lang='lat' dir='ltr'><strong>in</strong></span> <span class='ocrx_word' id='word_1_598' title='bbox 1271 4764 1416 4826; x_wconf 90' lang='lat' dir='ltr'><strong>omnibus</strong></span> <span class='ocrx_word' id='word_1_599' title='bbox 1437 4763 1536 4827; x_wconf 75' lang='lat' dir='ltr'><strong>vnum</strong></span> <span class='ocrx_word' id='word_1_600' title='bbox 1556 4764 1615 4826; x_wconf 91' lang='lat' dir='ltr'><strong>erit</strong></span> <span class='ocrx_word' id='word_1_601' title='bbox 1627 4764 1670 4824; x_wconf 76' lang='lat' dir='ltr'><strong>a,</strong></span> <span class='ocrx_word' id='word_1_602' title='bbox 1691 4766 1736 4827; x_wconf 88' lang='lat' dir='ltr'><strong>ait</strong></span> <span class='ocrx_word' id='word_1_603' title='bbox 1755 4763 1876 4847; x_wconf 71' lang='lat' dir='ltr'><strong>(tyrillus</strong></span> 
     </span>
    </p>
   </div>
   <div class='ocr_carea' id='block_1_3' title="bbox 310 5001 1877 5313">
    <p class='ocr_par' dir='ltr' id='par_1_3' title="bbox 310 5001 1877 5254">
     <span class='ocr_line' id='line_1_50' title="bbox 346 5001 1875 5086; baseline 0.01 -25"><span class='ocrx_word' id='word_1_604' title='bbox 346 5019 367 5061; x_wconf 88' lang='lat' dir='ltr'><strong>a</strong></span> <span class='ocrx_word' id='word_1_605' title='bbox 385 5004 490 5061; x_wconf 76' lang='lat' dir='ltr'><strong>Arnas.</strong></span> <span class='ocrx_word' id='word_1_606' title='bbox 504 5001 547 5060; x_wconf 84' lang='lat' dir='ltr'><strong>od</strong></span> <span class='ocrx_word' id='word_1_607' title='bbox 568 5004 675 5078; x_wconf 71' lang='lat' dir='ltr'><strong>Serap.</strong></span> <span class='ocrx_word' id='word_1_608' title='bbox 694 5005 780 5061; x_wconf 71' lang='lat' dir='ltr'><strong>”saa</strong></span> <span class='ocrx_word' id='word_1_609' title='bbox 794 5006 842 5081; x_wconf 74' lang='grc' dir='ltr'><strong>γὰρ</strong></span> <span class='ocrx_word' id='word_1_610' title='bbox 861 5008 890 5063; x_wconf 74' lang='lat' dir='ltr'><strong>rt</strong></span> <span class='ocrx_word' id='word_1_611' title='bbox 906 5015 971 5082; x_wconf 77' lang='grc' dir='ltr'>φῶς,</span> <span class='ocrx_word' id='word_1_612' title='bbox 987 5007 1039 5064; x_wconf 67' lang='lat' dir='ltr'><strong>luet</strong></span> <span class='ocrx_word' id='word_1_613' title='bbox 1051 5011 1081 5066; x_wconf 75' lang='lat' dir='ltr'><strong>rt</strong></span> <span class='ocrx_word' id='word_1_614' title='bbox 1164 5010 1182 5069; x_wconf 84' lang='lat' dir='ltr'><strong>b</strong></span> <span class='ocrx_word' id='word_1_615' title='bbox 1200 5012 1295 5069; x_wconf 78' lang='lat' dir='ltr'><strong>Crura.</strong></span> <span class='ocrx_word' id='word_1_616' title='bbox 1318 5011 1365 5069; x_wconf 90' lang='lat' dir='ltr'><strong>lib.</strong></span> <span class='ocrx_word' id='word_1_617' title='bbox 1389 5012 1426 5071; x_wconf 84' lang='lat' dir='ltr'><strong>lv</strong></span> <span class='ocrx_word' id='word_1_618' title='bbox 1457 5012 1489 5069; x_wconf 91' lang='lat' dir='ltr'><strong>in</strong></span> <span class='ocrx_word' id='word_1_619' title='bbox 1511 5016 1611 5086; x_wconf 64' lang='lat' dir='ltr'><strong>toan,</strong></span> <span class='ocrx_word' id='word_1_620' title='bbox 1631 5028 1694 5085; x_wconf 85' lang='lat' dir='ltr'><strong>cap.</strong></span> <span class='ocrx_word' id='word_1_621' title='bbox 1713 5027 1754 5071; x_wconf 82' lang='lat' dir='ltr'><strong>us.</strong></span> <span class='ocrx_word' id='word_1_622' title='bbox 1772 5005 1875 5081; x_wconf 62' lang='lat' dir='ltr'><strong>lituris</strong></span> 
     </span>
     <span class='ocr_line' id='line_1_51' title="bbox 310 5086 1877 5171; baseline 0.005 -28"><span class='ocrx_word' id='word_1_623' title='bbox 310 5086 466 5161; x_wconf 69' lang='grc' dir='ltr'>ἀπαύγασμα·</span> <span class='ocrx_word' id='word_1_624' title='bbox 482 5087 523 5141; x_wconf 73' lang='grc' dir='ltr'><strong>καὶ</strong></span> <span class='ocrx_word' id='word_1_625' title='bbox 536 5087 594 5142; x_wconf 77' lang='grc' dir='ltr'><strong>ἔνθα</strong></span> <span class='ocrx_word' id='word_1_626' title='bbox 607 5089 637 5143; x_wconf 72' lang='grc' dir='ltr'><strong>τὸ</strong></span> <span class='ocrx_word' id='word_1_627' title='bbox 652 5087 809 5164; x_wconf 58' lang='lat' dir='ltr'><strong>deutrum,</strong></span> <span class='ocrx_word' id='word_1_628' title='bbox 825 5089 898 5160; x_wconf 65' lang='lat' dir='ltr'><strong>tisri</strong></span> <span class='ocrx_word' id='word_1_629' title='bbox 909 5093 996 5149; x_wconf 73' lang='grc' dir='ltr'>τούτου</span> <span class='ocrx_word' id='word_1_630' title='bbox 1012 5091 1078 5168; x_wconf 71' lang='lat' dir='ltr'><strong>boip-</strong></span> <span class='ocrx_word' id='word_1_631' title='bbox 1128 5093 1203 5165; x_wconf 78' lang='grc' dir='ltr'>οὔσης</span> <span class='ocrx_word' id='word_1_632' title='bbox 1214 5100 1257 5163; x_wconf 79' lang='grc' dir='ltr'><strong>τῇς</strong></span> <span class='ocrx_word' id='word_1_633' title='bbox 1269 5095 1342 5169; x_wconf 57' lang='lat' dir='ltr'><strong>tipice</strong></span> <span class='ocrx_word' id='word_1_634' title='bbox 1353 5096 1452 5170; x_wconf 77' lang='grc' dir='ltr'>τριάδος</span> <span class='ocrx_word' id='word_1_635' title='bbox 1463 5098 1527 5151; x_wconf 74' lang='grc' dir='ltr'>κατά</span> <span class='ocrx_word' id='word_1_636' title='bbox 1542 5116 1571 5169; x_wconf 81' lang='grc' dir='ltr'><strong>γε</strong></span> <span class='ocrx_word' id='word_1_637' title='bbox 1586 5097 1629 5152; x_wconf 71' lang='lat' dir='ltr'><strong>tbi</strong></span> <span class='ocrx_word' id='word_1_638' title='bbox 1648 5102 1693 5166; x_wconf 76' lang='grc' dir='ltr'><strong>τῆς</strong></span> <span class='ocrx_word' id='word_1_639' title='bbox 1711 5098 1877 5171; x_wconf 53' lang='lat' dir='ltr'><strong>amatum</strong></span> 
     </span>
     <span class='ocr_line' id='line_1_52' title="bbox 310 5171 1875 5254; baseline 0.007 -29"><span class='ocrx_word' id='word_1_640' title='bbox 310 5191 373 5243; x_wconf 76' lang='grc' dir='ltr'><strong>γεια,</strong></span> <span class='ocrx_word' id='word_1_641' title='bbox 385 5172 426 5225; x_wconf 75' lang='lat' dir='ltr'><strong>sal</strong></span> <span class='ocrx_word' id='word_1_642' title='bbox 441 5171 568 5244; x_wconf 73' lang='grc' dir='ltr'>αὖγοειδὴς</span> <span class='ocrx_word' id='word_1_643' title='bbox 578 5173 659 5245; x_wconf 75' lang='grc' dir='ltr'><strong>χάρις.</strong></span> <span class='ocrx_word' id='word_1_644' title='bbox 801 5193 811 5223; x_wconf 68' lang='lat' dir='ltr'><strong>a</strong></span> <span class='ocrx_word' id='word_1_645' title='bbox 1127 5179 1214 5252; x_wconf 70' lang='grc' dir='ltr'>λόγον,</span> <span class='ocrx_word' id='word_1_646' title='bbox 1229 5178 1274 5250; x_wconf 76' lang='lat' dir='ltr'><strong>pla</strong></span> <span class='ocrx_word' id='word_1_647' title='bbox 1283 5180 1360 5247; x_wconf 78' lang='grc' dir='ltr'>δήπου</span> <span class='ocrx_word' id='word_1_648' title='bbox 1373 5180 1471 5243; x_wconf 78' lang='grc' dir='ltr'>πάντως</span> <span class='ocrx_word' id='word_1_649' title='bbox 1484 5180 1525 5234; x_wconf 78' lang='grc' dir='ltr'><strong>καὶ</strong></span> <span class='ocrx_word' id='word_1_650' title='bbox 1538 5179 1554 5249; x_wconf 76' lang='grc' dir='ltr'>ἡ</span> <span class='ocrx_word' id='word_1_651' title='bbox 1566 5179 1603 5254; x_wconf 71' lang='grc' dir='ltr'><strong>ἐφ’</strong></span> <span class='ocrx_word' id='word_1_652' title='bbox 1613 5181 1704 5237; x_wconf 70' lang='grc' dir='ltr'>ἅπασιν</span> <span class='ocrx_word' id='word_1_653' title='bbox 1713 5182 1780 5237; x_wconf 74' lang='grc' dir='ltr'>ἔσται</span> <span class='ocrx_word' id='word_1_654' title='bbox 1787 5180 1875 5249; x_wconf 60' lang='lat' dir='ltr'><strong>bicipit-</strong></span> 
     </span>
    </p>

    <p class='ocr_par' dir='ltr' id='par_1_4' title="bbox 810 5270 1136 5313">
     <span class='ocr_line' id='line_1_53' title="bbox 810 5270 1136 5313; baseline 0.009 -6"><span class='ocrx_word' id='word_1_655' title='bbox 810 5280 830 5313; x_wconf 59' lang='grc'><strong>,1</strong></span> <span class='ocrx_word' id='word_1_656' title='bbox 915 5282 917 5285; x_wconf 94' lang='lat'>¹</span> <span class='ocrx_word' id='word_1_657' title='bbox 1128 5270 1136 5297; x_wconf 65' lang='lat'><em>³</em></span> 
     </span>
    </p>
   </div>
   <div class='ocr_carea' id='block_1_4' title="bbox 311 5376 1877 5507">
    <p class='ocr_par' dir='ltr' id='par_1_5' title="bbox 311 5376 1877 5507">
     <span class='ocr_line' id='line_1_54' title="bbox 339 5376 1877 5444; baseline 0.008 -23"><span class='ocrx_word' id='word_1_658' title='bbox 339 5377 350 5421; x_wconf 87' lang='lat' dir='ltr'><strong>l</strong></span> <span class='ocrx_word' id='word_1_659' title='bbox 362 5378 422 5423; x_wconf 75' lang='lat' dir='ltr'><strong>Prot.</strong></span> <span class='ocrx_word' id='word_1_660' title='bbox 436 5388 486 5429; x_wconf 78' lang='lat' dir='ltr'><strong>vrri,</strong></span> <span class='ocrx_word' id='word_1_661' title='bbox 497 5376 518 5422; x_wconf 83' lang='grc'>1.</span> <span class='ocrx_word' id='word_1_662' title='bbox 530 5378 577 5421; x_wconf 72' lang='lat' dir='ltr'><strong>-i</strong></span> <span class='ocrx_word' id='word_1_663' title='bbox 587 5378 633 5423; x_wconf 82' lang='lat' dir='ltr'><strong>lib.</strong></span> <span class='ocrx_word' id='word_1_664' title='bbox 647 5378 685 5423; x_wconf 80' lang='grc'><strong>111</strong></span> <span class='ocrx_word' id='word_1_665' title='bbox 704 5378 731 5425; x_wconf 78' lang='lat' dir='ltr'><strong>de</strong></span> <span class='ocrx_word' id='word_1_666' title='bbox 743 5381 831 5434; x_wconf 62' lang='lat' dir='ltr'><strong>retem,</strong></span> <span class='ocrx_word' id='word_1_667' title='bbox 844 5392 892 5439; x_wconf 84' lang='lat' dir='ltr'><strong>cap.</strong></span> <span class='ocrx_word' id='word_1_668' title='bbox 905 5393 935 5427; x_wconf 78' lang='lat' dir='ltr'><strong>rr.</strong></span> <span class='ocrx_word' id='word_1_669' title='bbox 943 5384 989 5428; x_wconf 87' lang='lat' dir='ltr'><strong>-a</strong></span> <span class='ocrx_word' id='word_1_670' title='bbox 1001 5382 1049 5429; x_wconf 81' lang='lat' dir='ltr'><strong>lib.</strong></span> <span class='ocrx_word' id='word_1_671' title='bbox 1061 5376 1084 5439; x_wconf 86' lang='lat'><strong>1,</strong></span> <span class='ocrx_word' id='word_1_672' title='bbox 1096 5397 1145 5442; x_wconf 86' lang='lat' dir='ltr'><strong>cap.</strong></span> <span class='ocrx_word' id='word_1_673' title='bbox 1157 5396 1202 5430; x_wconf 81' lang='lat' dir='ltr'><strong>ux.</strong></span> <span class='ocrx_word' id='word_1_674' title='bbox 1214 5407 1242 5418; x_wconf 97' lang='lat'><em>-</em></span> <span class='ocrx_word' id='word_1_675' title='bbox 1253 5385 1267 5430; x_wconf 81' lang='lat' dir='ltr'><strong>t</strong></span> <span class='ocrx_word' id='word_1_676' title='bbox 1277 5385 1329 5442; x_wconf 76' lang='lat' dir='ltr'><strong>cap.</strong></span> <span class='ocrx_word' id='word_1_677' title='bbox 1341 5397 1385 5431; x_wconf 73' lang='grc' dir='ltr'><strong>ιιι.</strong></span> <span class='ocrx_word' id='word_1_678' title='bbox 1396 5408 1425 5421; x_wconf 93' lang='grc'><strong>-</strong></span> <span class='ocrx_word' id='word_1_679' title='bbox 1434 5387 1449 5432; x_wconf 80' lang='grc'>5</span> <span class='ocrx_word' id='word_1_680' title='bbox 1459 5385 1554 5433; x_wconf 69' lang='lat' dir='ltr'><strong>lamma</strong></span> <span class='ocrx_word' id='word_1_681' title='bbox 1565 5398 1613 5444; x_wconf 81' lang='lat' dir='ltr'><strong>cap.</strong></span> <span class='ocrx_word' id='word_1_682' title='bbox 1626 5398 1647 5431; x_wconf 81' lang='lat' dir='ltr'><strong>r.</strong></span> <span class='ocrx_word' id='word_1_683' title='bbox 1659 5409 1689 5423; x_wconf 91' lang='lat'><em>-</em></span> <span class='ocrx_word' id='word_1_684' title='bbox 1700 5388 1716 5434; x_wconf 87' lang='lat' dir='ltr'><strong>o</strong></span> <span class='ocrx_word' id='word_1_685' title='bbox 1727 5386 1797 5435; x_wconf 69' lang='grc' dir='ltr'><strong>Μ.</strong></span> <span class='ocrx_word' id='word_1_686' title='bbox 1806 5380 1877 5435; x_wconf 62' lang='grc' dir='ltr'><strong>Μ,</strong></span> 
     </span>
     <span class='ocr_line' id='line_1_55' title="bbox 311 5438 1620 5507; baseline 0.009 -23"><span class='ocrx_word' id='word_1_687' title='bbox 311 5462 340 5475; x_wconf 90' lang='grc'><strong>-</strong></span> <span class='ocrx_word' id='word_1_688' title='bbox 350 5442 362 5485; x_wconf 90' lang='grc'><strong>7</strong></span> <span class='ocrx_word' id='word_1_689' title='bbox 374 5441 422 5496; x_wconf 70' lang='lat' dir='ltr'><strong>Cpr.</strong></span> <span class='ocrx_word' id='word_1_690' title='bbox 431 5438 466 5483; x_wconf 80' lang='grc'>1111</span> <span class='ocrx_word' id='word_1_691' title='bbox 478 5439 502 5484; x_wconf 86' lang='lat' dir='ltr'><strong>in</strong></span> <span class='ocrx_word' id='word_1_692' title='bbox 513 5443 577 5486; x_wconf 67' lang='lat' dir='ltr'><strong>dotti.</strong></span> <span class='ocrx_word' id='word_1_693' title='bbox 591 5441 705 5487; x_wconf 80' lang='grc'>-81111,</span> <span class='ocrx_word' id='word_1_694' title='bbox 715 5444 766 5488; x_wconf 78' lang='lat' dir='ltr'><strong>-s</strong></span> <span class='ocrx_word' id='word_1_695' title='bbox 777 5443 824 5490; x_wconf 79' lang='lat' dir='ltr'><strong>lib.</strong></span> <span class='ocrx_word' id='word_1_696' title='bbox 835 5446 862 5491; x_wconf 68' lang='lat' dir='ltr'><strong>de</strong></span> <span class='ocrx_word' id='word_1_697' title='bbox 872 5446 961 5501; x_wconf 63' lang='lat' dir='ltr'><strong>ittae,</strong></span> <span class='ocrx_word' id='word_1_698' title='bbox 973 5458 1023 5504; x_wconf 76' lang='lat' dir='ltr'><strong>cap.</strong></span> <span class='ocrx_word' id='word_1_699' title='bbox 1034 5459 1104 5493; x_wconf 77' lang='lat' dir='ltr'><strong>v1.-</strong></span> <span class='ocrx_word' id='word_1_700' title='bbox 1119 5449 1145 5493; x_wconf 82' lang='grc'>10</span> <span class='ocrx_word' id='word_1_701' title='bbox 1155 5447 1204 5494; x_wconf 77' lang='lat' dir='ltr'><strong>lib.</strong></span> <span class='ocrx_word' id='word_1_702' title='bbox 1216 5449 1244 5494; x_wconf 78' lang='lat' dir='ltr'><strong>tl</strong></span> <span class='ocrx_word' id='word_1_703' title='bbox 1256 5456 1280 5495; x_wconf 78' lang='lat' dir='ltr'><strong>et</strong></span> <span class='ocrx_word' id='word_1_704' title='bbox 1289 5449 1328 5495; x_wconf 78' lang='lat' dir='ltr'><strong>tlt</strong></span> <span class='ocrx_word' id='word_1_705' title='bbox 1339 5450 1367 5495; x_wconf 69' lang='lat' dir='ltr'><strong>dc</strong></span> <span class='ocrx_word' id='word_1_706' title='bbox 1378 5451 1441 5497; x_wconf 69' lang='lat' dir='ltr'><strong>Mt.</strong></span> <span class='ocrx_word' id='word_1_707' title='bbox 1449 5471 1478 5486; x_wconf 88' lang='lat'>-</span> <span class='ocrx_word' id='word_1_708' title='bbox 1490 5451 1515 5496; x_wconf 78' lang='lat'><strong>¹1</strong></span> <span class='ocrx_word' id='word_1_709' title='bbox 1526 5451 1580 5507; x_wconf 68' lang='lat' dir='ltr'><strong>Cep.</strong></span> <span class='ocrx_word' id='word_1_710' title='bbox 1589 5462 1620 5496; x_wconf 77' lang='lat'><strong>11.</strong></span> 
     </span>
    </p>
   </div>
   <div class='ocr_carea' id='block_1_5' title="bbox 0 0 1982 6164">
    <p class='ocr_par' dir='ltr' id='par_1_6' title="bbox 0 0 1982 6164">
     <span class='ocr_line' id='line_1_56' title="bbox 0 0 1982 6164; baseline 0 0"><span class='ocrx_word' id='word_1_711' title='bbox 0 0 1982 6164; x_wconf 95' lang='lat' dir='ltr'><strong> </strong></span> 
     </span>
    </p>
   </div>
  </div>
 </body>
</html>
