4096 6190
399 437 544 499 nunno
565 436 1076 515 percussuspercussus,
1097 437 1169 500 nn.
1196 437 1277 515 νιιι,
1299 437 1382 500 ιιι.
1404 437 1457 498 νι.
1659 438 1719 499 coe

128 603 304 665 necessario
316 602 358 665 sit
380 620 506 678 nomen,
523 609 554 665 et
571 603 612 664 nb
633 622 682 681 eo,
699 602 751 665 cui
768 604 827 667 boc
845 604 901 665 im·
950 604 1043 684 quod·
1058 608 1197 679 vocatur,
1220 604 1275 665 Dei
1294 618 1373 683 opus
1388 608 1434 665 est
1456 608 1520 664 tem
1542 603 1664 681 ingens,
1690 608 1721 664 et

127 696 274 774 ponium,
302 694 389 759 nullo
412 696 506 757 modo
525 696 676 776 discrepet
690 706 747 760 α.»
783 696 902 771 Quibus
950 696 1115 770 eximium
1131 700 1163 755 et
1176 704 1293 756 nomen
1310 696 1423 775 ipsum,
1440 712 1504 773 quo
1517 693 1718 772 significetur,

128 794 262 866 uterque
280 787 313 848 in
331 787 417 861 locis,
434 788 519 848 Flete
537 807 573 849 ec
597 789 683 849 Philo
696 788 900 867 questionem
949 787 989 849 eb
1009 787 1061 847 illo
1079 788 1237 849 diversum
1259 793 1315 851 est.
1340 787 1459 866 Quippe
1479 787 1592 849 coelum
1612 804 1662 847 res
1675 791 1722 847 est

127 877 217 939 illum
234 878 362 957 attigere
383 898 484 958 neque
505 898 629 955 novum,
654 899 757 960 neque
778 881 900 959 ignobi·
950 879 1141 958 aspectabilis
1157 899 1167 939 .·
1181 897 1298 940 nomen
1316 898 1401 956 vero,
1421 879 1506 959 quod
1519 877 1720 958 significando

128 969 194 1031 lem
209 989 219 1029 .·
234 976 341 1035 uuum
356 972 483 1035 nomine
495 990 601 1033 rerum
615 978 753 1047 netues,
768 991 809 1033 en
822 973 901 1034 soles
949 971 1052 1032 illicet
1073 972 1265 1050 impositum,
1281 989 1346 1033 nou
1366 971 1462 1032 oculis
1480 971 1651 1049 subjicibrr,
1666 971 1721 1031 sed

129 1079 239 1123 eurum
253 1063 455 1142 proprietates
471 1063 646 1143 significent
661 1083 668 1124 :
684 1064 769 1144 quod
782 1064 820 1124 de
837 1064 901 1145 pri-
950 1062 1014 1123 solo
1042 1062 1151 1123 auditu
1173 1064 1352 1142 percipitur.
1373 1063 1474 1136 Qnure
1499 1080 1563 1123 non
1594 1061 1717 1136 idcireo,

129 1152 201 1226 mis,
229 1155 425 1234 meximeque
450 1155 582 1235 propriis
601 1157 772 1236 presertim
790 1155 903 1217 intelli·
950 1154 1025 1234 quie
1050 1153 1145 1215 Filius
1174 1154 1286 1215 dicitur
1313 1154 1461 1226 Verbum,
1496 1154 1631 1233 idipsum
1661 1159 1717 1220 est,

10 1262 19 1304 ι
46 1273 59 1303 ι
129 1246 226 1324 gitur,
243 1251 279 1308 ιιι
294 1264 332 1307 en
345 1247 476 1325 (lyr-illus
493 1253 582 1308 vorot
594 1248 831 1319 Alexandrinus,
847 1248 902 1327 qui
950 1246 1034 1326 quod
1054 1246 1198 1307 nonnulli
1211 1246 1366 1326 cogitent3
1382 1247 1436 1307 sed
1449 1246 1493 1306 ite
1509 1244 1648 1307 Verbum
1666 1262 1721 1305 no·

10 1328 61 1411 ¹¹„
131 1338 165 1399 in
187 1336 268 1398 libro
297 1336 439 1399 Thesauri
463 1339 704 1413 decimonono,
738 1340 898 1414 «nomine,
950 1338 1098 1414 minetur,
1124 1343 1159 1399 ut
1181 1338 1267 1399 eliud
1294 1338 1454 1418 quippiam
1477 1342 1588 1398 uenire
1613 1341 1720 1415 suapte

10 1434 90 1517 ἔξω,
131 1428 305 1509 Pfflteffim
322 1428 386 1504 fflfl,
402 1449 473 1509 (111ae
487 1431 588 1509 prima
606 1437 690 1499 sunt,
706 1435 901 1511 maximeque
950 1428 1043 1490 sitq,
1063 1431 1162 1503 Quem
1173 1430 1349 1510 egenam
1360 1430 1509 1510 ineptiam
1523 1428 1623 1490 exillo
1636 1427 1721 1489 fonte

131 1521 268 1601 propris,
298 1521 483 1583 substantias
507 1540 614 1584 rerum
633 1522 824 1601 significandi
837 1523 902 1584 vim
950 1522 1129 1601 sophistices
1142 1528 1292 1597 exortem,
1310 1540 1404 1602 quem
1421 1522 1562 1599 designet
1574 1520 1720 1583 Aristote-

130 1611 288 1673 hnberels
304 1613 419 1673 scribit.
432 1613 608 1674 deridetur
622 1615 655 1675 id
664 1632 728 1676 esse
740 1621 901 1677 conscnta-
951 1612 1006 1688 les,
1018 1615 1151 1696 cyrillus
1164 1615 1282 1691 irridet,
1297 1633 1333 1675 ec
1343 1614 1455 1677 refellit
1468 1631 1617 1688 asserens,
1638 1634 1653 1670 ι
1662 1613 1722 1674 Νο-

131 1723 229 1766 ιιοιιιιι
242 1705 408 1765 nominum
433 1705 617 1767 institutioni
629 1712 660 1767 et
682 1706 806 1785 origini.
823 1707 902 1767 Nem
951 1707 1037 1770 mine
1049 1708 1175 1787 proprie
1193 1707 1285 1768 rebus
1303 1708 1401 1768 indite
1421 1725 1528 1769 eurum
1548 1705 1722 1785 significare

129 1797 261 1859 vocibus
281 1803 431 1876 unquam
450 1815 556 1861 rerum
573 1798 692 1859 vicariis
705 1798 753 1861 uti
774 1816 832 1861 uos
845 1818 901 1860 ns·
951 1798 1149 1873 substantioe,
1173 1799 1244 1859 licet
1264 1799 1303 1860 ab
1324 1800 1373 1860 his
1396 1799 1516 1860 diverse
1536 1798 1607 1859 sint.
1638 1799 1723 1859 Sicut

130 1896 204 1951 tura
217 1890 332 1951 docuit.
354 1890 514 1962 «Etenim,
531 1890 603 1968 quia
616 1891 684 1951 fieri
707 1909 771 1951 non
790 1896 900 1969 potest,
951 1908 1022 1965 vox,
1039 1890 1144 1964 homo,
1162 1896 1306 1952 netnrsm
1317 1890 1624 1969 homiuissignilicet,
1638 1895 1723 1951 etest

132 1988 169 2041 ut
192 1983 274 2042 inter
293 1981 507 2042 disserendum
525 1999 574 2042 res
591 1981 624 2041 in
638 1982 778 2042 medium
792 1981 916 2063 effere-⁵
951 1986 1057 2045 temen
1081 1982 1228 2062 quiddam
1255 1983 1295 2044 eb
1321 2001 1358 2045 eo
1379 1984 1567 2044 diversum&
1579 2003 1595 2039 ι
1621 1982 1722 2055 Quare

131 2091 215 2146 mus,
235 2092 271 2134 ac
292 2072 472 2135 nominibus
490 2074 555 2134 vice
572 2090 679 2134 rerum
701 2073 820 2135 utimur
832 2080 902 2137 ten·
952 2073 1050 2134 solam
1063 2075 1199 2135 nominis
1212 2074 1431 2137 attendendam
1445 2092 1510 2135 esse
1524 2072 1721 2152 significatio-

131 2183 230 2244 qusm
242 2164 357 2243 signis;
373 2165 444 2225 ideo
452 2166 537 2244 quod
545 2167 578 2232 iu
587 2165 768 2227 nominibus
781 2165 901 2238 accidit,
952 2183 1036 2245 nem,
1052 2184 1117 2226 uon
1134 2166 1237 2246 ipsum
1257 2185 1314 2246 per
1336 2185 1368 2227 se
1391 2184 1507 2227 nomeu
1520 2165 1565 2226 sit
1577 2165 1720 2243 cyrillus.

131 2257 165 2316 id
192 2257 287 2317 etiem
314 2256 387 2335 ipsis
412 2256 446 2315 in
472 2255 564 2316 rebus
587 2262 732 2334 putemus
754 2258 900 2332 accidere,
993 2258 1042 2319 Sic
1057 2258 1150 2318 etiem
1168 2258 1254 2318 Titus
1275 2259 1445 2319 Bostreusis
1461 2258 1496 2319 in
1519 2256 1620 2336 primo
1643 2256 1723 2317 libro

131 2348 399 2427 quemadmodum
422 2348 461 2408 iis
482 2348 637 2423 usuvenit,
661 2349 715 2427 qui
738 2348 772 2408 in
789 2367 904 2429 suppu-
951 2355 1053 2409 οοοινα
1066 2347 1244 2410 Manichacus
1255 2348 1342 2411 illem
1358 2349 1523 2413 nominum
1539 2352 1723 2427 potestatem

131 2439 235 2503 tendis
260 2439 432 2501 rationibus
463 2438 595 2500 cunnos
627 2439 830 2515 adnnente»
861 2442 905 2503 eit
952 2441 1159 2510 commendet,
1188 2442 1362 2517 «Quorum,
1387 2441 1499 2521 inquit,
1521 2440 1629 2501 eedem
1650 2445 1724 2500 sunt

133 2531 323 2595 Aristoteles.
350 2532 410 2606 Qui
434 2531 518 2609 quod
543 2536 659 2603 mouet,
690 2530 854 2610 sophistes'
871 2532 904 2593 in
953 2533 1092 2609 nomine,
1106 2538 1137 2593 et
1148 2533 1257 2594 eedem
1270 2533 1444 2613 descriptio,
1460 2534 1575 2593 borum
1585 2530 1725 2593 substen-

132 2623 314 2685 nominibus
337 2622 464 2685 insidies
485 2622 595 2699 beers,
620 2622 696 2683 dum
718 2623 803 2701 quod
824 2623 905 2684 inest
951 2624 997 2685 tie
1010 2626 1167 2704 quomedo
1181 2625 1348 2700 conberia,
1364 2630 1420 2685 eut
1428 2642 1571 2704 pugnans
1584 2640 1650 2683 esse
1668 2641 1723 2702 po-

133 2716 272 2792 vocibus,
287 2715 319 2775 id
332 2715 372 2775 ed
390 2733 441 2775 rcs
452 2714 533 2794 ipses
546 2713 752 2789 transferunt3
768 2714 902 2776 declara-
952 2715 1030 2779 test?
1044 2716 1206 2795 Siquidem
1215 2717 1402 2781 nominares
1411 2716 1597 2795 significent.
1609 2715 1725 2777 Dicitur

132 2813 209 2868 runt
228 2807 324 2881 Actu,
356 2812 388 2865 et
407 2806 552 2869 Eunomii
579 2805 762 2885 multiplices
788 2806 903 2867 callidi·
953 2807 1038 2871 euim
1046 2807 1085 2867 de
1097 2826 1299 2888 unoquoque,
1314 2809 1399 2887 quod
1412 2807 1657 2886 unumquodque
1666 2812 1722 2881 est,

132 2905 223 2981 tetes,
244 2905 275 2959 et
294 2898 425 2973 usualius,
446 2916 580 2977 querum
602 2897 649 2959 ris
670 2898 771 2958 omnis
788 2905 854 2963 erut
871 2900 904 2963 iu
953 2904 988 2959 ut
1008 2916 1073 2959 esse
1093 2904 1204 2978 potest.
1224 2900 1328 2978 ltaque
1342 2899 1567 2977 cognoscimus,
1587 2898 1653 2959 vim
1666 2915 1723 2963 uo-

133 2990 303 3053 uocebulis.
324 2989 475 3070 Equibus
492 3008 589 3050 unum
607 2989 658 3050 bic
676 2989 819 3066 referam,
835 3008 903 3071 qum
952 2990 1074 3049 minum
1087 3008 1153 3050 csse
1165 3009 1215 3050 res
1229 2989 1279 3051 ’.ι

133 3084 174 3145 sd
188 3101 323 3162 presens
335 3083 495 3160 negotium
508 3081 580 3143 lacit
588 3101 597 3157 ;
620 3098 693 3142 unm
707 3087 830 3143 caeteres
847 3101 904 3143 suo
993 3082 1045 3143 lv.
1068 3081 1147 3154 Quid
1161 3081 1278 3160 igitur?
1292 3088 1399 3145 utrum
1411 3083 1602 3145 nominares
1614 3087 1726 3142 ιιοιιιιο

133 3172 444 3241 locotrsctabimus¹.
953 3173 1020 3252 ipsa
1033 3173 1205 3253 siguificare
1225 3174 1428 3239 concedemus
1446 3172 1725 3235 Pletoni‘luutboo

176 3268 229 3328 Ill.
252 3268 330 3328 Cum
351 3268 458 3346 igitur,
474 3271 511 3326 ut
531 3264 663 3343 Cyrillns
681 3263 907 3329 Alexandrinus
954 3262 1075 3343 Aetio⁸,
1091 3270 1123 3325 et
1136 3265 1287 3327 Eunomio
1299 3265 1452 3338 dabimus,
1465 3283 1548 3339 eum,
1564 3265 1630 3343 qui,
1642 3264 1725 3344 quod

134 3360 273 3439 exponit,
290 3359 403 3421 Filium
423 3356 478 3417 Dei
490 3364 576 3437 λόγον,
600 3356 632 3417 id
650 3360 697 3419 est
715 3355 837 3417 Verbum
851 3375 905 3440 sp·
955 3357 1075 3423 nomini
1084 3356 1177 3419 ubcui
1191 3358 1237 3418 rei
1250 3357 1375 3438 proprio
1386 3356 1547 3434 subdicitur
1560 3356 1722 3435 intelliget,

133 3452 244 3533 pelleri
256 3451 384 3523 rideret,
403 3468 442 3513 cx
457 3466 555 3529 eoque
567 3447 731 3509 catholicos
744 3465 908 3527 argumen-
954 3448 1000 3509 rei
1011 3453 1167 3525 naturam,
1180 3453 1212 3511 et
1223 3450 1387 3513 essentium
1403 3466 1493 3511 nosse
1506 3447 1660 3529 perfecte?
1672 3452 1726 3511 sut

133 3544 205 3619 teri,
224 3542 356 3605 similem
378 3542 412 3603 in
434 3540 590 3612 omuibus,
607 3544 638 3601 et
651 3539 802 3620 equalem
817 3540 906 3603 illum
955 3540 1044 3617 illud,
1060 3559 1195 3621 quorum
1212 3540 1341 3605 diverse
1355 3546 1428 3604 sunt
1445 3540 1674 3621 appellationes,
1689 3557 1726 3603 ee

134 3653 201 3697 esse
230 3635 320 3702 Petri,
345 3638 452 3715 utpote
480 3632 574 3710 hujus
593 3630 763 3709 imaginem
786 3649 906 3711 expres
955 3638 1146 3699 saturasse
1159 3632 1475 3697 diversetueuuum
1488 3633 1625 3712 quidem,
1640 3633 1666 3695 si
1677 3650 1724 3695 sa-

135 3745 214 3802 sem,
230 3744 266 3791 ec
279 3730 400 3796 cesteru
424 3742 494 3803 quae
516 3742 556 3785 ex
573 3722 669 3809 Verbi
686 3723 813 3784 notione
832 3742 905 3802 cori·⁸
955 3724 1070 3807 pimus.
1086 3724 1206 3787 Etenim
1221 3725 1264 3785 sic
1283 3726 1412 3787 nomine
1430 3742 1536 3787 rerum
1554 3723 1725 3803 significare

134 3818 265 3879 secteris
277 3822 365 3892 sunu
380 3816 486 3881 uthoc
499 3815 856 3892 declinaretEunomius,
867 3815 907 3875 ed
956 3815 1160 3879 substantium
1179 3815 1354 3893 asserimus,
1369 3821 1406 3876 ut
1426 3833 1484 3879 neo
1496 3833 1567 3877 cem
1581 3814 1723 3895 per-tecte,

135 3910 240 3973 solitos
251 3909 389 3989 confugit
398 3913 490 3971 artes.
508 3906 665 3971 «Nomine
677 3907 756 3969 dixit
763 3907 907 3987 imposita
956 3912 987 3969 et
1000 3912 1037 3967 ut
1058 3908 1091 3967 in
1105 3925 1137 3967 sc
1155 3913 1211 3983 est,
1227 3908 1418 3988 exprimens
1443 3925 1545 3987 neque
1567 3924 1640 3969 cum
1660 3912 1726 3968 tote

135 4001 230 4065 rebus
246 4001 285 4061 ub
300 4000 350 4065 bis
370 4017 435 4063 esse
455 3999 585 4065 diverso.
601 4000 676 4063 Ecce
690 3999 775 4060 euim
792 3999 906 4064 coetum
956 3998 1161 4080 amplitudine
1181 3998 1263 4061 illius
1280 3999 1495 4079 adequenur.
1519 3998 1725 4063 donaturam

173 4242 194 4282 a
212 4225 450 4297 Pn1m‚peg.ll7
471 4222 802 4281 edit.Petr.Graeoo·l.at.
818 4222 848 4275 '0
863 4223 906 4295 ptr
991 4222 1137 4279 dEnnou.
1160 4222 1233 4293 apud
1256 4222 1340 4293 cyril.
1362 4221 1409 4279 lib.
1432 4223 1494 4278 xlx
1519 4221 1599 4279 Τάον.
1619 4223 1666 4276 Καὶ
1688 4225 1726 4287 τις

134 4311 213 4372 mor
225 4309 288 4370 άπαε
302 4307 435 4380 ἀνθρώπων
450 4308 536 4379 ὅμιλος
549 4306 660 4378 θνάματα
672 4305 763 4361 τίθεται
780 4306 906 4377 πράγμασι
955 4304 1037 4369 ere,
1058 4307 1141 4377 φησιν,
1165 4303 1260 4377 άμάθης
1279 4305 1314 4366 e<
1333 4305 1456 4377 τολμῆσαι
1477 4306 1557 4379 liquo
1569 4305 1602 4360 τὰ
1616 4305 1726 4379 dadum

135 4394 284 4465 &epipam
297 4395 346 4449 τῶν
361 4391 522 4462 πράγματων,
538 4391 573 4452 ως
587 4388 659 4460 repa
672 4387 716 4460 pta
728 4382 791 4445 εἶναι
804 4387 836 4443 τά
849 4407 908 4460 τυγ-
955 4389 1016 4443 sard
1029 4389 1180 4461 πραηιάτων
1193 4389 1310 4461 ιιιμινα,
1335 4388 1369 4461 μὴ
1391 4389 1463 4460 lupe
1485 4383 1547 4445 eluci
1566 4389 1625 4461 παρ’
1647 4388 1725 4460 αθτάρ

136 4477 258 4550 γάνυνται,
274 4473 357 4546 θτὲραι
369 4471 396 4527 it
407 4473 503 4541 ιλθαιις
520 4472 564 4541 τάς
583 4470 622 4525 ἐπ’
634 4470 727 4535 αθτοΐς·
742 4470 809 4542 παρὰ
820 4471 912 4529 Murri
957 4469 1009 4524 ἰθοθ
1023 4471 1107 4544 qipd
1122 4470 1165 4543 μιν
1180 4468 1292 4544 superbe,
1308 4470 1379 4543 ἔργον
1393 4471 1459 4527 otte
1472 4472 1535 4543 μάγα
1549 4472 1590 4524 rui
1603 4469 1726 4543 θξαθμσταν

136 4560 164 4617 δὲ
182 4558 207 4612 αἱ
228 4563 278 4611 τῶν
298 4555 427 4631 ὀνομάτων
448 4556 523 4618 θέσεις
544 4553 659 4629 ἐνέργειαι
677 4555 827 4633 πραγμάτων
846 4553 906 4609 εἰσιν
956 4555 1020 4611 θεοῦ·
1035 4555 1065 4613 rb
1079 4554 1106 4611 st
1120 4554 1215 4626 ὄνομα,
1236 4554 1269 4609 δι’
1290 4547 1319 4609 od
1330 4555 1490 4627 σημαίνεται,
1505 4554 1587 4627 ἔτερόν
1603 4552 1654 4611 ἔστι
1667 4555 1726 4628 παρ’

137 4641 366 4719 spectauere,
388 4640 422 4707 ὡς
437 4637 497 4697 edri
511 4639 541 4693 τθ
554 4642 656 4711 πρᾶγμα
678 4635 701 4701 ἔξ
720 4637 826 4713 ἀνάγκης
843 4631 906 4695 εἶναι
956 4636 1039 4691 αὐτόν·
1056 4636 1126 4709 dulc
1140 4636 1187 4710 γὰρ
1201 4634 1304 4710 οθρανθς
1324 4638 1425 4715 πρᾶγμά
1446 4635 1509 4691 ἔστιν
1534 4637 1634 4709 sparta·
1650 4639 1680 4692 ιθ
1698 4637 1725 4695 sl

135 4720 256 4796 τοῦνομα.
271 4724 312 4775 καὶ
325 4722 379 4774 καθ’
394 4714 423 4776 οὗ
434 4721 524 4775 τίθεται
538 4720 658 4791 διαφέρειν
674 4719 757 4791 μηδὲν.
956 4718 995 4773 ἔπ’
1009 4719 1077 4792 αθτῷ
1088 4720 1198 4792 κείμενον
1213 4719 1293 4791 θνομα
1307 4717 1336 4772 οὗ
1349 4723 1402 4781 ταῖς
1416 4719 1498 4793 ὄψεσιν
1514 4719 1655 4783 θποπθπτιι,
1668 4720 1725 4773 ἀλλ’

174 4806 304 4862 bCrutn.
323 4802 465 4876 Σημαντικθι
494 4803 536 4875 μὲν
557 4801 588 4856 τὰ
608 4801 719 4874 ὀνόματα
742 4807 791 4855 τῶν
815 4800 905 4856 steros
956 4803 1008 4857 ἔστι
1022 4804 1098 4874 μόνον
1113 4802 1242 4857 άιουστθν·
1265 4801 1310 4854 οὖν
1333 4797 1376 4856 οὖν
1398 4801 1439 4856 διὰ
1457 4804 1487 4856 τθ
1500 4802 1612 4875 λέγεσθαι
1625 4803 1726 4875 λόγοςθ

137 4890 200 4953 ἔστι,
213 4888 245 4942 τὰ
258 4894 345 4960 πρῶτα
358 4887 388 4956 δὴ
404 4887 521 4958 μάλιστα,
537 4886 577 4939 καὶ
592 4884 623 4939 τὰ
633 4885 780 4957 κυριώτατα.
955 4885 1017 4949 υἱὸς,
1029 4886 1070 4939 καὶ
1083 4887 1181 4947 πάντως
1192 4883 1243 4940 luel
1256 4889 1339 4950 τοῦτο,
1348 4888 1363 4938 θ
1371 4887 1454 4939 νοοῦσι
1462 4904 1533 4950 τινες,
1542 4884 1607 4939 ἀλλὰ
1614 4886 1726 4940 καλεῖται

175 4987 190 5027 o
209 4973 297 5027 duls‘r.
314 4969 350 5026 de
360 4967 479 5027 Eleuolr.
496 4983 557 5038 cup.
574 4983 593 5022 ι.
606 4966 708 5034 Ἐπειδὴ
724 4966 771 5040 γὰρ
783 4965 827 5027 otu
840 4966 906 5025 ἔστιν
957 4967 1000 5045 μὶν
1014 4968 1096 5040 λόγος,
1110 4968 1162 5022 ἔστι
1177 4967 1203 5025 δὲ
1218 4968 1302 5042 ἔτερον
1318 4987 1340 5022 τι
1355 4967 1418 5023 κατὰ
1431 4968 1511 5040 φύσιν.

136 5055 201 5119 αὐτὰ
211 5054 264 5108 καθ’
280 5052 342 5107 αθτθι
355 5051 386 5107 td
399 5053 532 5125 πράγματα
541 5050 693 5123 διαλέγεσθαι
704 5050 829 5123 φέροντας,
842 5048 906 5103 ἀλλὰ
991 5066 1006 5106 e
1024 5050 1117 5107 crull..
1132 5051 1200 5107 ibid.
1212 5050 1242 5104 El
1257 5050 1289 5125 μὴ
1304 5051 1336 5105 τά
1349 5050 1461 5127 θνθματα
1475 5051 1563 5125 κυρίως
1574 5050 1637 5105 κατὰ
1647 5071 1725 5125 τραγ·

135 5142 189 5201 τοῖς
200 5138 317 5209 ὀνόμασιν
333 5135 387 5190 duri
400 5140 448 5189 τῶν
463 5135 612 5208 πραγμάτων
630 5134 748 5206 χρώμεθα
762 5133 904 5204 cupidiore,
957 5133 1040 5205 μάτων
1061 5133 1160 5205 κειμενα
1179 5132 1222 5195 τάς
1243 5133 1325 5196 edelar
1347 5134 1429 5187 αὐτῶν
1453 5134 1573 5207 σημαίνει,
1595 5137 1639 5187 κᾶν
1654 5135 1726 5209 ἕτερα

135 5220 311 5294 τθσομάαῖνον
327 5216 366 5272 ἐπὶ
377 5225 426 5271 τῶν
441 5217 579 5290 ὀνομάτων,
594 5217 634 5268 ναὶ
647 5214 685 5268 eu
695 5220 744 5268 τῶν
754 5217 905 5287 πραγμάτων
954 5215 1021 5287 παρὰ
1044 5219 1120 5270 ταῦτα
1140 5217 1260 5291 τυγχάνῃ.
1286 5219 1327 5269 καὶ
1351 5221 1409 5290 γοῦν
1437 5218 1467 5271 rb
1495 5216 1620 5289 ἅνθρωπος
1645 5218 1725 5290 ὄνομα

135 5304 260 5377 ἡγούμεθα
272 5301 421 5379 συμθαίνειν,
436 5300 542 5372 καθάπερ
557 5298 596 5353 eu
614 5305 664 5353 τῶν
675 5299 761 5371 pleros
776 5301 827 5360 τοῖς
837 5298 906 5371 λογι-
955 5299 1067 5370 σημαθνει
1082 5299 1124 5371 μὲν
1139 5302 1183 5357 τοῦ
1195 5299 1322 5373 άνθρώπου
1341 5298 1384 5373 τὴν
1399 5300 1479 5371 ρθσιν,
1497 5299 1579 5372 ἕτερον
1594 5301 1620 5354 st
1635 5320 1658 5354 τι
1673 5298 1724 5355 ἔστι

135 5387 258 5460 (optante.
954 5379 1013 5452 παρ’
1026 5381 1110 5436 acccc.

163 5540 236 5587 tblb.
249 5537 388 5643 Vagus„
400 5548 420 5580 c.
433 5547 441 5579 ι
456 5542 479 5578 et
493 5544 538 5597 seq.
552 5554 580 5568 -
595 5530 611 5576 2
624 5532 686 5577 lom.
706 5531 734 5575 lv
754 5531 856 5578 nuncu.
872 5532 971 5577 Mrem.
993 5554 1020 5569 ι·
1035 5532 1116 5576 suus
1138 5532 1178 5578 llb.
1195 5533 1212 5576 V
1229 5532 1256 5578 άα
1272 5533 1334 5580 ma.
1353 5546 1372 5579 ο.
1391 5544 1425 5579 ιιι.
1442 5557 1469 5572 -
1485 5535 1499 5579 ά
1517 5534 1571 5579 Vide
1592 5535 1643 5581 libr.
1658 5535 1679 5581 ll
1697 5537 1725 5582 de

135 5606 198 5652 m.
212 5614 232 5646 ο.
244 5610 267 5651 ι,
278 5612 301 5645 u.
340 5631 346 5644 .
