3952 6170
316 344 367 404 DE
382 344 456 404 um
477 340 621 417 DEIQUE
640 340 986 417 assentantium,
1010 343 1081 404 Llli.
1106 346 1160 417 lli,
1185 346 1267 406 CAP.
1292 346 1327 404 11.
1559 346 1615 406 ill

61 519 132 576 esset.
146 511 431 572 Sedtamenetcum
443 509 587 585 iterasset,
599 504 794 585 ltadebebat‚
848 507 932 569 vclut
952 527 1078 570 omnem
1102 511 1201 571 Deum
1224 528 1289 571 esse
1313 509 1442 585 bouum,
1468 528 1532 571 esse
1552 529 1619 591 pas

61 598 354 680 ctenmitsessejum
368 620 432 662 non
446 602 570 677 sinitur,
583 602 650 681 jam
663 618 728 663 non
742 602 795 662 cle·
845 601 942 662 sionis
969 608 1142 682 expertem,
1173 621 1238 663 esse
1270 602 1509 663 immutabilem.
1540 604 1618 664 Nam

61 700 100 759 bct
118 698 156 758 its
171 710 241 771 esse,
258 699 406 775 perpetuo
425 694 561 774 quodam
579 702 611 756 et
626 694 795 775 tranquillo
846 712 939 754 omne
959 695 1043 773 quod
1067 701 1207 756 mutatur
1230 699 1284 755 aut
1306 696 1341 756 iu
1365 695 1487 759 melius,
1507 700 1561 754 unt
1583 695 1619 756 iu

61 788 188 870 equitatis
196 786 322 867 judicio,
337 805 400 867 quo
415 788 496 848 Deus
509 792 621 849 cunata
634 787 796 849 mutabilia
845 787 934 866 pejus
948 792 1099 847 mutatur.
1117 787 1150 848 Si
1164 787 1198 847 in
1208 787 1307 866 pejus,
1323 788 1359 847 fit
1372 787 1518 847 deterius.
1536 786 1569 847 Si
1583 787 1617 846 in

61 880 273 943 incommutabili
283 879 442 941 voluntate
453 879 650 961 disponit¹.n
846 878 968 953 melius,
989 879 1144 959 principio
1167 880 1286 940 malum
1308 879 1399 939 luit0.
1425 901 1440 935 n
1467 880 1548 938 Tum
1565 880 1618 939 lu·

90 974 179 1035 1111111.
198 973 275 1034 ilino
291 977 373 1034 reete
392 988 500 1052 sapere
518 991 554 1033 aa
571 973 629 1034 lari
648 974 796 1054 profanus
845 972 931 1032 deeris
958 972 1052 1033 bomo
1081 968 1351 1033 sceleratissimum
1377 972 1522 1032 eumdem
1549 989 1619 1050 pro·

60 1064 287 1137 auctionum,
304 1082 360 1125 nce
372 1082 487 1126 nonen
502 1065 653 1126 Eucherio
667 1066 749 1128 libro
760 1066 797 1128 de
845 1062 1005 1124 nuntiabit
1019 1064 1179 1125 Vorstiam
1193 1065 1282 1125 Plrilo
1300 1065 1334 1124 in
1347 1064 1428 1125 libro
1443 1082 1505 1143 quo
1519 1064 1618 1124 11111111

62 1157 183 1219 tunnulis
190 1156 355 1240 spiritualis
368 1156 587 1238 iatellc‘pentice,
602 1159 657 1239 qul
672 1158 797 1239 apoeni·
846 1156 1076 1217 immutabilem
1086 1174 1150 1217 esse
1165 1157 1366 1218 demonstrat.
1382 1156 1444 1217 Ubi
1453 1156 1615 1231 interulis,

61 1250 163 1311 lentium
176 1250 227 1312 Dei
239 1266 303 1311 esse
316 1250 370 1325 ait,
384 1253 499 1310 statuto
517 1257 650 1328 mutare,
667 1257 698 1312 et
711 1252 796 1331 qaod
845 1249 1094 1310 sceleratissimos
1107 1268 1159 1309 eos
1167 1250 1303 1329 appellat
1315 1249 1370 1329 qui
1379 1250 1464 1329 qarod
1478 1249 1512 1309 in
1525 1250 1619 1311 sacris

61 1343 127 1423 prius
137 1343 217 1403 aliter
237 1342 419 1403 inchoatum
437 1341 549 1417 inierat,
566 1343 600 1402 in
624 1342 710 1405 aliud
729 1360 797 1406 mu·
846 1341 945 1403 Libris
959 1343 1113 1403 dicentem
1135 1343 1269 1422 legerint
1286 1344 1397 1418 Deum,
1413 1341 1563 1421 paenitere
1586 1362 1618 1404 se

61 1440 119 1495 ture.
133 1456 146 1491 1
161 1435 250 1514 Aquo
263 1452 329 1494 uon
345 1433 466 1494 abludit
478 1440 586 1495 auctor
597 1435 796 1511 (limationem
845 1435 929 1514 qaod
938 1436 1101 1497 hominem
1114 1442 1255 1509 creasset,
1267 1437 1365 1496 Deum
1379 1434 1543 1515 pristinam
1552 1452 1620 1496 mu·

62 1524 93 1586 cui
102 1525 199 1588 cabod.
214 1526 270 1587 sub
280 1525 397 1587 lustini
407 1526 572 1586 nomine«.
588 1527 646 1601 Qui
657 1530 756 1590 Deum
766 1535 797 1591 et
844 1532 924 1587 tasse
943 1528 1131 1588 sententiam
1150 1527 1302 1605 judicant.
1324 1528 1387 1588 llos
1409 1544 1483 1587 vcro
1502 1527 1557 1605 qui
1575 1528 1619 1588 sie

62 1619 234 1680 existentiaet
251 1618 470 1696 actioneque
491 1619 619 1697 quidem
637 1621 796 1700 majestate
845 1620 986 1680 sentiunt
1004 1620 1179 1700 priscorum
1193 1619 1320 1680 illorum
1338 1619 1470 1680 crimina
1484 1634 1619 1698 quomm

61 1712 244 1792 malignasit
259 1726 386 1792 prorsus
396 1710 625 1773 immutabilem
634 1731 698 1775 esse
707 1714 794 1792 dicit,
846 1728 937 1773 eausa
965 1710 1148 1792 poenituisse
1174 1714 1273 1773 Deam
1300 1711 1424 1784 dieitur,
1449 1711 1620 1791 impietatis

62 1821 99 1863 res
113 1810 200 1866 entem
214 1822 268 1884 pro
287 1820 326 1865 eo
345 1803 540 1864 reconvenit
554 1804 594 1865 ab
608 1822 645 1866 eo
659 1822 797 1868 eommu-
846 1805 1063 1885 magnitudine
1073 1823 1229 1885 superare.
1246 1806 1350 1865 «Nam
1361 1822 1431 1884 quae
1445 1803 1545 1882 major
1554 1823 1619 1866 esse

62 1895 316 1958 tari.l'ertnllionus
339 1897 416 1957 item
438 1897 585 1958 adversus
607 1898 797 1961 Marcionem
845 1902 946 1977 potest
959 1897 1103 1976 impietas
1117 1914 1212 1977 quam
1226 1914 1298 1957 earn
1313 1896 1367 1975 qui
1381 1896 1496 1957 mutari
1510 1896 1620 1976 nequit

62 2006 134 2066 agens
148 1989 181 2049 de
199 1989 303 2051 eadem
327 1988 384 2049 Dei
402 1988 586 2068 paenitentia
603 1989 749 2051 disserit:
766 1996 798 2052 et
846 1990 1031 2052 mutabilem
1053 1994 1163 2070 putare
1189 1988 1363 2069 prasertim
1383 2005 1456 2050 eum
1474 1988 1619 2051 nonnulli

65 2080 153 2141 «nhil
176 2082 254 2144 aliud
276 2080 412 2160 intelligi
431 2080 485 2156 ult,
506 2096 601 2160 qnam
624 2082 797 2163 simplicem
846 2100 886 2143 ne
908 2082 1052 2143 homines
1072 2082 1200 2162 quidun
1217 2080 1385 2142 sententias
1407 2080 1528 2142 variare
1551 2096 1620 2165 per·

62 2174 258 2235 conversionem
284 2173 448 2236 sententiis
468 2172 592 2252 prioris,
612 2190 682 2254 quaa
701 2176 797 2238 etiam
846 2173 1017 2236 mittant⁴i
1032 2196 1047 2231 ν
1061 2176 1135 2236 Hoee
1149 2174 1248 2250 Philo,
1265 2173 1321 2253 qui
1334 2178 1400 2234 toto
1414 2173 1470 2234 illo
1482 2172 1565 2247 libro
1580 2174 1619 2235 de

63 2264 111 2325 aas
129 2266 356 2346 reprehensione
385 2265 451 2344 ejus
474 2265 571 2345 possit
594 2266 751 2329 admitti¹.
777 2292 793 2327 n
846 2267 902 2328 Dei
925 2266 1177 2328 immutabilitate
1201 2266 1323 2347 copiose
1346 2270 1438 2345 atque
1461 2265 1620 2345 eleganter

63 2359 116 2430 ilua
135 2359 333 2421 conversionis
351 2375 412 2418 vox
436 2374 501 2418 uon
528 2358 572 2420 sio
594 2358 798 2440 intelligenda
846 2359 1084 2439 clispntntQuid
1098 2360 1182 2439 quod
1196 2359 1291 2419 etiam
1299 2356 1382 2418 inter
1395 2354 1535 2439 Vulpem
1544 2358 1618 2439 pii·

63 2454 178 2530 unquam
195 2452 227 2512 in
244 2454 308 2513 Deo
329 2452 384 2512 liet
398 2450 462 2511 ulla
475 2452 618 2517 mutatio.
636 2452 690 2512 secl
703 2452 748 2513 ita
762 2460 798 2515 ut
848 2450 990 2533 losoplu'oe
1012 2452 1135 2513 decreta
1153 2468 1255 2511 unum
1278 2451 1336 2511 hoe
1354 2450 1447 2511 fuisse
1465 2451 1552 2512 testis
1574 2457 1621 2512 est

63 2540 334 2622 abuscommutatis,
346 2542 461 2605 mutari
472 2543 700 2605 Deushumano
710 2562 797 2608 more
847 2544 1069 2605 Aristotelesin
1079 2542 1227 2624 primorie
1240 2541 1332 2617 Calo,
1348 2542 1517 2603 «clinnum
1527 2561 1620 2606 omne

63 2632 162 2697 tiata.
846 2656 881 2697 ae
895 2636 1033 2715 primam
1047 2652 1266 2713 summumque
1281 2652 1345 2696 esse
1361 2634 1556 2696 immutabile
1566 2645 1616 2696 θ.»

90 2728 204 2809 lienique
212 2730 337 2810 gentilis
346 2728 694 2810 primumphilosopbus
703 2730 798 2791 chris
847 2730 887 2789 Ut
901 2729 1098 2789 verissimum
1112 2728 1152 2788 sit
1166 2727 1250 2806 quod
1265 2727 1391 2788 Procius
1404 2727 1621 2789 Constantino-

63 2817 280 2903 liruiutcumque
293 2821 500 2902 professorem
512 2821 665 2900 dogmatis
678 2824 797 2902 pudore
846 2820 1004 2901 politanus
1032 2820 1153 2899 scripsit
1181 2820 1216 2879 in
1239 2819 1368 2899 epistola
1393 2819 1432 2879 ad
1454 2820 1617 2897 sirmeum,

63 2912 184 2975 somnust
204 2916 355 2977 Maximus
373 2914 498 2993 Tyrius,
520 2914 575 2992 qui
598 2914 633 2974 in
652 2914 795 2977 disserta
850 2911 1398 2973 «mutabilitatcmemeaffeetionem
1411 2917 1531 2972 nauuae
1542 2931 1621 2992 prae·

64 3002 125 3067 tione
136 3005 275 3070 tricesima
291 3010 392 3069 Deum
406 3007 516 3088 probat
536 3007 595 3067 hoc
610 3014 796 3087 argumento
845 3004 1030 3079 tenimentis,
1047 3004 1244 3083 sempiternae
1264 3016 1337 3063 vero
1358 3009 1389 3063 et
1402 3004 1512 3063 eodem
1526 3005 1619 3066 modo

64 3112 109 3157 uon
121 3106 225 3163 mutare
240 3101 439 3163 sententiam.
456 3100 601 3180 Quisquis
615 3101 701 3162 euim
715 3102 797 3164 bane
846 3116 968 3178 semper
990 3096 1135 3158 habentis
1158 3094 1445 3156 immutabilitatem
1456 3094 1478 3156 t.
1499 3116 1514 3153 a
1542 3097 1620 3159 Vide

63 3197 146 3267 nutet,
167 3215 180 3252 ι
200 3195 223 3255 si
245 3196 280 3255 in
304 3193 418 3255 melius
439 3193 628 3254 adsterlore
650 3194 798 3256 transfert
846 3191 1011 3270 Origcncm
1019 3188 1256 3251 bomiliavrrrln
1270 3186 1474 3248 s'aodomtet
1488 3188 1620 3249 libron

63 3281 304 3361 autumnalem
315 3290 407 3347 antee
421 3285 586 3347 consilium
595 3290 727 3365 ceperat.
740 3286 797 3348 Sin
845 3290 948 3345 contro
962 3282 1093 3349 Celsum:
1103 3280 1312 3360 augustinum
1326 3279 1381 3340 lib.
1397 3286 1501 3341 contro
1514 3279 1619 3342 udum·

62 3373 203 3457 aboptimo
223 3379 256 3441 iu
279 3379 371 3461 pejus
389 3377 527 3454 descivit,
553 3378 632 3438 male
651 3378 797 3458 utiquea
845 3376 959 3439 surium
974 3374 1058 3457 lepis,
1085 3392 1151 3454 cap.
1173 3390 1226 3433 vnr
1246 3378 1277 3433 et
1294 3379 1394 3433 contra
1413 3371 1617 3445 Adimantum,

63 3466 139 3542 priore
154 3470 281 3532 descimt.
308 3470 494 3551 Improbitas
512 3476 617 3531 autem
644 3471 678 3531 in
697 3472 797 3531 Deum
846 3487 912 3548 cup.
938 3484 967 3529 11
988 3473 1019 3528 et
1038 3482 1090 3528 rrrr
1110 3472 1141 3527 et
1164 3466 1219 3527 lib.
1242 3466 1323 3526 Xllll
1342 3473 1444 3526 contro
1462 3463 1616 3536 Faustum,

63 3560 216 3625 nouauit.
233 3586 247 3621 n
264 3563 384 3625 Deinde
399 3562 525 3640 gentilis
539 3562 618 3624 alter
632 3562 797 3623 Sallustius
846 3580 912 3641 cup.
942 3576 1006 3635 nm
1027 3558 1208 3621 salvianum
1222 3557 1303 3619 libro
1323 3559 1334 3618 1
1354 3556 1390 3618 de
1404 3556 1620 3627 Providentia:

63 3647 160 3713 inlibro
172 3654 204 3716 de
214 3656 290 3731 Diis,
309 3656 364 3736 qui
378 3656 458 3715 hanc
474 3672 538 3715 esse
553 3672 752 3716 communem
766 3660 798 3715 et
846 3654 1075 3714 Theodoretum
1089 3657 1199 3731 quaest.
1211 3668 1248 3711 nr
1257 3651 1291 3711 iu
1307 3648 1439 3712 Genesim
1449 3655 1480 3710 et
1488 3650 1569 3712 libro
1579 3652 1619 3710 lv

62 3750 183 3808 11111111
204 3746 332 3809 insitam
349 3747 513 3809 notionem
531 3747 649 3808 asserit.
674 3748 797 3808 aGom-
845 3744 880 3806 cle
889 3744 1072 3812 Hermione,
1088 3745 1119 3803 in
1135 3743 1301 3810 noetianis:
1315 3742 1499 3821 Gregorium
1507 3758 1620 3823 papam

63 3852 153 3905 nunes
164 3840 269 3921 inqiut,
286 3840 432 3902 notiones
445 3846 519 3901 sunt
530 3854 607 3919 quas
617 3856 725 3900 omncs
737 3839 795 3900 ho·
845 3837 926 3898 libro
942 3835 1105 3898 ilocolc'um
1121 3836 1186 3911 XX,
1202 3854 1268 3915 cap.
1285 3848 1368 3908 nuru
1385 3833 1538 3896 isidorum
1553 3836 1620 3895 llis-

63 3924 180 3993 miuessi
203 3933 387 4013 interrogati
409 3932 527 3995 11111111
550 3932 794 4006 confitebuntur,
846 3930 1003 4011 polensem
1013 3928 1117 3989 librol
1132 3926 1364 3993 Sententiarum,
1382 3945 1448 4006 cap.
1465 3943 1497 3987 v.

85 4171 177 4229 aisn·
190 4180 287 4245 quaesi.
310 4174 355 4230 36.
379 4171 416 4227 ‘0
436 4174 555 4241 δεσπότης
567 4172 621 4235 θεὸς
633 4171 674 4226 καὶ
689 4171 754 4226 κατὰ
767 4172 796 4226 τὸ
847 4168 886 4225 lut
900 4173 930 4241 τῇ
944 4169 1036 4241 γενέσει
1057 4171 1106 4221 τῶν
1130 4165 1263 4239 ἀνθρώπων
1292 4165 1306 4219 ὁ
1334 4163 1480 4237 δημιουργὸς
1498 4166 1618 4236 μετέγνω,

61 4250 150 4326 ittarta
157 4258 302 4314 ιαὶαατὰτό
315 4259 430 4330 πράττειν
449 4255 492 4321 τὰς
502 4256 640 4329 πρεπούσας
655 4254 722 4327 caiti»
735 4254 798 4326 πρά·
846 4253 950 4307 κατιδὼν
965 4250 1009 4318 τὴν
1025 4250 1136 4305 datiam
1155 4248 1245 4303 αὐτῶν·
1264 4243 1292 4316 ἧς
1305 4248 1377 4321 χάριν
1401 4242 1478 4310 αἰτίας
1501 4243 1618 4317 {iustitia

61 4332 216 4412 tempsere
229 4339 288 4397 ἔστι.
846 4337 943 4409 σύμπαν
959 4335 1095 4407 διαφθεῖραι
1124 4332 1153 4386 cb
1171 4333 1248 4405 γένος·
1275 4330 1331 4386 ἀλλ’
1358 4329 1466 4384 ἴστωσαν
1482 4331 1519 4383 ὅτι
1542 4336 1619 4384 ταῦτα
1713 4389 1719 4399 ,

86 4418 280 4496 1111111.Τρ·1.
301 4423 332 4478 El
346 4423 388 4497 μὲν
405 4422 437 4485 εἰς
452 4420 481 4477 τὸ
497 4422 592 4495 βέλτιον
604 4418 629 4474 ἔκ
643 4424 687 4475 τοῦ
705 4418 797 4492 ραυλο·
846 4417 998 4482 δοξάζοντες,
1023 4416 1220 4489 ἔπελαρρῐζοοσι,
1248 4417 1289 4468 καὶ
1314 4410 1543 4484 {acaemitorum
1566 4421 1617 4468 τῶν

62 4500 112 4571 ἅμα
130 4507 287 4575 perstiterat,
309 4512 422 4580 πονηρῶς
444 4504 613 4561 ἐδουλώσατο·
638 4503 658 4557 εἰ
678 4504 704 4557 δέ
722 4503 754 4567 εἰς
767 4505 796 4557 τὸ
845 4503 958 4555 παλαιῶν
983 4500 1080 4555 {aelami
1106 4499 1280 4571 ἁμαρτήματα,
1295 4499 1326 4550 δι’
1349 4495 1484 4568 ὓπερὸολὴν
1504 4499 1546 4564 τῆς
1564 4500 1619 4570 περὶ

61 4586 227 4655 1110111ταῖ
250 4591 387 4663 βιλτίστοο,
411 4597 523 4663 πονηρῶς
551 4586 697 4661 pruritum·
720 4587 796 4642 eati
846 4583 1082 4653 αὖτοῦςάθιότητος·
1094 4583 1118 4636 τί
1131 4583 1179 4655 γὰρ
1193 4585 1222 4635 ἂν
1238 4582 1350 4652 &stirpe
1365 4582 1454 4651 μσῖζον
1464 4581 1562 4652 γένοιτο
1575 4585 1619 4635 τοῦ

61 4666 288 4747 οῑῖῠνέῖῑνπονηρῐιις.
845 4666 1026 4739 ὑπολαμὸάνειν
1051 4667 1080 4722 a
1101 4667 1219 4739 depraeca
1250 4664 1387 4736 τρέπεσθαι·
1417 4663 1458 4716 καί
1481 4682 1520 4718 τοι
1545 4670 1618 4719 τινῶν

86 4756 222 4813 18111111.
242 4760 328 4813 borist
341 4759 368 4813 δέ
382 4758 441 4815 οἶσιν
462 4758 563 4821 ἔννοιαι,
579 4757 639 4819 ὅσας
650 4757 737 4818 πέντις
753 4755 796 4809 ἄν·
846 4750 975 4815 ἀξιούντων
998 4750 1058 4822 μηδέ
1074 4750 1147 4815 ὄντας
1165 4748 1323 4821 ἀνθρώπους,
1343 4749 1398 4808 ταῖς
1412 4747 1522 4819 γνώμαις
1542 4745 1619 4819 laep-

61 4832 131 4903 Μ*
151 4838 301 4912 iporeiam
318 4841 526 4915 ὁμολογήσωσιν·
542 4834 597 4896 οἷον
621 4841 659 4894 ὅτι
674 4840 722 4902 πᾶς
743 4839 797 4902 θεὸς
845 4834 988 4908 ροτιρίζιιν.

62 4913 337 4994 &bleweto
351 4924 527 4999 έρεταᾶληιος·
543 4927 591 4979 πᾶν
609 4925 657 4997 γὰρ
676 4925 705 4978 το
726 4941 797 4996 μετο-
880 4910 1617 4984 ι11111.111).1.1110111ο,ο.11,ιο1.1θθ.11α1γὰρ

61 4998 183 5075 thtm
204 5008 219 5075 ἢ
243 5008 283 5064 tet
300 5009 330 5065 si
347 5017 467 5082 ιριῖττον,
481 5010 496 5076 ἢ
512 5007 552 5063 tat
567 5008 597 5062 τὸ
610 5010 704 5080 χοῖρον·
719 5006 760 5059 1ιαὶ
774 5004 797 5059 cl
844 5002 949 5073 καθάπερ
965 5000 989 5053 ἐν
1017 5003 1068 5063 τοῖς
1091 4999 1224 5071 έγιιωιλέοις
1237 4999 1437 5070 ριλοσορήμασι,
1451 4995 1505 5065 περὶ
1519 4991 1550 5046 τὰ
1565 4994 1617 5046 θεῖα

62 5080 136 5150 iffi
145 5090 172 5143 tl
184 5094 276 5165 χεῖρον,
290 5094 425 5149 amolietur·
437 5092 458 5149 ιί
471 5093 498 5149 bi
511 5091 551 5148 tat
574 5090 604 5146 et
621 5092 741 5163 αριῖττον,
751 5088 795 5156 τὴν
844 5085 962 5146 πολλὸσιις
974 5081 1132 5154 προφαίνεται
1147 5084 1198 5143 τοῖς
1210 5081 1304 5154 λόγοις,
1329 5082 1367 5134 ὅτι
1388 5078 1417 5132 τὸ
1439 5078 1501 5130 θεῖον
1525 5075 1617 5148 ἀμετά-

61 5162 239 5239 inpiorum,
845 5169 934 5237 ὅλητον
949 5165 1079 5236 ἀναγκαῖον
1094 5158 1156 5216 εἶναι
1170 5164 1200 5217 τὀ
1209 5168 1317 5235 πρῶτον,
1331 5162 1373 5215 καὶ
1386 5159 1531 5231 ἀκρότατον.

86 5251 198 5328 ΗΜ,
213 5275 238 5330 p·
253 5262 315 5317 200.
327 5259 393 5318 edil.
410 5260 498 5318 Turn.
513 5257 593 5322 Ἴσως
606 5256 668 5321 τινὲς
681 5260 730 5310 τῶν
741 5253 795 5309 ἕνα·
881 5248 1042 5325 [Procnes.
1075 5248 1110 5302 lt
1133 5246 1235 5318 aptatis
1254 5242 1437 5316 παρσρρεούσπς
1456 5242 1550 5312 ρΰσιως
1569 5244 1617 5297 πά·

62 5337 159 5398 illibati
167 5339 342 5412 ὓκοτοπέςοοοσι
363 5345 406 5398 τὸν
427 5342 562 5416 νομοθέτην
584 5340 741 5403 αἰνίττεσθαι,
757 5339 795 5391 ὅτι
844 5336 893 5397 θος·
911 5339 953 5401 τῆς
965 5332 991 5386 δὲ
1006 5326 1190 5395 ἀ111ο1,κα“ιέιαλ
1205 5329 1321 5391 έοσαότως
1335 5325 1474 5399 ἐχούσηςτδ
1484 5325 1614 5398 ἄτρεπτον.

82 5537 210 5590 11111111
221 5549 316 5605 usne.
329 5556 405 5606 quaa
417 5547 553 5592 1.-1111.
567 5547 594 5592 n.
606 5549 663 5593 ωιι.
675 5544 740 5591 νοω.
753 5552 801 5599 aa
815 5548 870 5585 nu.
879 5541 927 5584 -3
938 5537 989 5595 Pas·
1002 5534 1036 5583 53-
