4096 6190
328 318 386 379 nrt
831 309 1157 379 rrrssowuluonurr
1178 306 1396 375 DOGMATUM

327 483 503 551 mensiones
518 498 636 556 omnes,
652 480 698 543 nti
713 495 817 558 neque
829 478 944 543 coelurn
957 478 1098 541 eidemin
1147 493 1193 549 σοι
1201 486 1280 549 nihil
1291 486 1358 566 ipen
1368 484 1502 565 somno
1511 483 1561 561 rit,
1572 490 1740 547 nmutrcs
1748 487 1798 545 est
1806 481 1919 561 erqo..

328 582 442 641 eterno
458 594 466 637 ι
482 573 642 652 mireque
659 571 762 635 minus
776 571 841 635 eois
858 571 971 633 mentis
987 570 1100 635 intelli·
1148 596 1244 661 qum
1262 584 1298 639 nt
1320 583 1405 641 certa
1425 595 1475 639 res
1494 581 1552 653 cst,
1575 593 1688 656 nempe
1706 573 1857 655 cognitio.
1876 572 1924 635 ln

327 670 442 750 rimu,
453 665 527 748 qun
541 683 643 746 neque
652 671 764 741 totum,
777 683 879 745 neque
891 682 929 725 ex
939 668 1006 725 nn
1020 664 1100 744 ori·
1148 689 1303 733 summam
1317 671 1394 732 vrso
1408 669 1537 743 therei,
1548 668 1701 749 quamve
1714 665 1926 746 ιιιςιιιιιμιι

329 780 409 825 mus.
426 759 514 835 Quod
528 759 562 821 in
576 761 639 821 Deo
652 757 752 819 multo
768 757 867 837 magis
880 756 982 819 valere
995 755 1097 831 dehet,
1148 765 1283 827 detrahit
1301 764 1547 844 Chrysoatomns,
1563 766 1610 822 est
1629 761 1734 842 plena,
1749 765 1782 820 et
1800 777 1842 819 ex
1859 763 1926 819 toto

330 855 370 917 nd
383 851 471 931 orius
481 851 669 915 infinitatem
678 849 870 931 quantalibet
879 854 986 913 nostre
998 848 1101 927 cogni·
1149 855 1350 937 perimmuni
1368 855 1521 934 cogniti03
1542 853 1717 932 cujircmodi
1740 857 1771 912 et
1793 850 1848 911 illa
1867 855 1923 923 ert,

329 947 374 1009 tio
389 964 453 1008 non
467 949 626 1025 estparva,
638 945 691 1007 sed
703 943 799 1005 nulla.
1150 967 1258 1029 quase
1282 951 1362 1009 Deus
1384 949 1449 1028 ipse
1468 946 1634 1026 cognoscit,
1650 952 1683 1005 et
1702 944 1928 1006 hereticorum

372 1040 410 1100 V.
426 1039 463 1101 Et
475 1038 674 1117 quoniamcx
686 1037 760 1099 trito
774 1035 828 1096 illo
842 1034 997 1096 insoholis
1010 1033 1101 1095 effato
1150 1041 1339 1103 stolidjaaimi
1354 1040 1446 1119 jum
1469 1046 1502 1101 et
1517 1036 1762 1117 arrognntinimi
1781 1034 1929 1097 Anomoei

329 1131 597 1215 philosophorum,
619 1129 731 1192 modun
749 1127 953 1208 cognoscendi
973 1127 1103 1189 modum
1152 1133 1212 1195 nihi
1229 1137 1435 1213 sumpserant,
1455 1131 1535 1193 nihil
1554 1136 1591 1191 nt
1610 1147 1733 1203 eornm,
1755 1146 1828 1208 qne
1846 1129 1928 1189 Dens

332 1221 476 1291 restandi,
489 1222 593 1289 velut
606 1222 849 1285 barberiesentee
861 1220 978 1292 dicunt,
993 1218 1104 1281 emendi
1151 1226 1247 1289 hahet
1264 1227 1298 1287 in
1316 1225 1487 1286 sumnum
1507 1242 1574 1299 sua,
1594 1222 1645 1284 vel
1663 1222 1791 1293 vienne,
1812 1227 1845 1281 et
1862 1219 1927 1281 dli·

333 1316 481 1394 seqnitur,
499 1315 589 1394 eique
609 1314 743 1393 quanm
763 1312 961 1394 proportione
980 1330 1105 1391 respon·
1153 1318 1275 1390 cientir,
1290 1318 1448 1379 videntem
1461 1315 1600 1394 effugiat.
1617 1313 1831 1390 Quamobrem
1843 1312 1928 1373 velat

333 1408 401 1483 dct;
424 1407 516 1487 quale
538 1407 587 1484 sit,
612 1407 696 1486 quod
719 1406 793 1479 dixi,
817 1405 905 1466 facile
925 1423 964 1465 ex
986 1422 1023 1467 eo
1047 1404 1106 1465 erit
1152 1409 1237 1470 idem
1250 1409 1463 1488 significantia,
1476 1417 1609 1488 οινοννριι
1619 1405 1928 1486 Chrysostomnsistn

334 1500 590 1563 animadvertere.
614 1501 695 1561 Deus
717 1498 802 1561 enim
831 1498 874 1559 sic
900 1516 920 1558 o
946 1497 1103 1576 Dionysio,
1154 1502 1265 1581 ponit:
1282 1507 1684 1582 σνιξιχνῑαιτον,ανιξιρονητον,
1702 1505 1820 1571 ααιαιον,
1841 1504 1928 1558 lim

335 1592 463 1671 ahisque
477 1593 619 1655 Patribus
632 1590 952 1672 proprieessedioitur
966 1598 981 1652 t
994 1600 1040 1663 ὢν,
1053 1590 1107 1670 qui
1154 1602 1255 1670 νόησον,
1274 1601 1380 1674 ἀόρατον
1397 1613 1405 1649 ι
1424 1593 1457 1653 id
1474 1597 1522 1654 est
1541 1588 1854 1672 impewertipolitem,
1883 1588 1928 1647 ιἰι·

335 1693 387 1754 ert,
409 1684 458 1746 rel
476 1692 505 1747 rt
523 1685 612 1758 leid
631 1691 754 1758 eatena,
778 1689 882 1744 utres
902 1687 1020 1744 «acere
1042 1700 1107 1744 non
1155 1684 1352 1757 mutabilem,
1366 1682 1549 1757 invisibilem,
1574 1679 1851 1763 imperceptibilem,
1874 1698 1931 1740 ore

336 1794 401 1839 esse
415 1783 609 1853 censeantur,
625 1782 656 1838 et
669 1794 734 1839 esse
747 1795 807 1836 αοιι
820 1776 919 1843 entia:
932 1775 1006 1854 quie
1020 1776 1109 1855 quid·
1156 1776 1360 1858 aspectabilem
1374 1776 1448 1837 :his
1461 1776 1547 1837 enim
1559 1773 1729 1848 vocabulis,
1745 1774 1875 1853 opinor,
1887 1774 1931 1833 nti

336 1869 413 1949 quid
430 1886 504 1931 cum
519 1871 582 1932 Deo
600 1868 798 1950 componitur
813 1868 856 1929 sie
869 1872 925 1941 est,
941 1868 1030 1947 quasi
1043 1886 1108 1929 non
1156 1868 1293 1930 licehit¹.
1310 1869 1417 1947 ltaque
1426 1868 1511 1948 quod
1520 1868 1602 1928 inter
1611 1867 1753 1945 ejusdem
1766 1865 1932 1926 senmt'ns

337 1961 387 2023 eit.
399 1961 660 2042 Quocironsiquis
673 1961 756 2042 apud
769 1960 913 2039 antiquos
925 1960 1109 2037 legatorea·
1157 1961 1263 2022 minus
1274 1960 1445 2036 tractabile,
1461 1965 1494 2021 et
1506 1959 1677 2021 abhorrens
1690 1957 1795 2036 megin
1811 1956 1853 2017 nh
1863 1973 1930 2017 noe

337 2058 385 2115 tes
409 2071 460 2117 res
486 2071 551 2117 non
575 2072 657 2128 ecse;
687 2053 738 2114 vel
763 2052 841 2115 illud
865 2052 950 2113 lsaiae
972 2072 979 2112 :
1004 2051 1109 2114 Omnes
1158 2059 1207 2115 tra
1219 2053 1473 2133 interpretatione
1490 2052 1590 2113 videri
1603 2056 1715 2131 potest,
1732 2050 1775 2110 nd
1789 2049 1931 2110 eumdem

338 2154 437 2227 pentes
449 2147 537 2227 quasi
549 2147 684 2220 ιιοιιιὶιιι,
696 2146 739 2207 cic
751 2151 976 2222 runterromeo,
988 2144 1110 2225 etquasi
1158 2162 1284 2206 sensum
1302 2144 1527 2206 accommodari
1548 2142 1665 2205 dehet:
1686 2141 1820 2221 angelos
1831 2141 1931 2201 hacta·

338 2237 469 2301 nihilum
482 2247 511 2300 et
523 2239 612 2303 inane
633 2245 778 2320 reputate
797 2236 945 2313 rumei13
966 2243 997 2299 et
1018 2237 1110 2317 hujus
1158 2256 1219 2298 nus
1231 2256 1297 2299 non
1309 2237 1420 2299 vidhse
1434 2237 1490 2297 Dei
1511 2235 1635 2307 Filium,
1649 2233 1751 2295 donee
1764 2233 1862 2293 homo
1873 2232 1931 2293 lae·
2031 2218 2032 2311 l

340 2329 453 2392 similia
466 2329 581 2406 multa3
601 2349 667 2394 non
682 2332 709 2391 is
729 2330 876 2391 continuo
891 2328 1059 2405 bonafide,
1075 2349 1111 2392 nc
1158 2335 1210 2391 tus
1222 2330 1256 2391 in
1269 2329 1553 2391 mundumveniret
1562 2348 1571 2403 ;
1581 2327 1642 2387 hoc
1651 2332 1776 2387 estnon
1790 2324 1930 2405 pernen,
2031 2314 2032 2327 ¹

340 2422 419 2483 serio
437 2422 498 2483 diei
511 2422 678 2485 arbitretur
690 2422 730 2483 ab
749 2422 838 2495 lenia,
854 2422 985 2502 populos
1003 2439 1111 2483 omnes
1159 2423 1339 2502 integreque
1357 2427 1459 2483 totum
1481 2420 1571 2481 illum
1590 2424 1695 2479 mente
1712 2417 1855 2498 potuine
1866 2435 1931 2497 per·

341 2513 419 2575 nihil
437 2532 503 2575 esse
515 2515 647 2595 penitus,
659 2534 696 2576 no
712 2514 833 2576 nullam
848 2513 1040 2581 exstantiam,
1057 2521 1111 2577 aut
1159 2512 1317 2576 vedere⁸*.

341 2604 547 2668 substantiam
560 2607 684 2677 hebere,
700 2612 732 2667 et
745 2623 809 2669 esse
827 2623 892 2667 non
907 2623 978 2680 ene,
999 2607 1052 2668 sad
1066 2608 1113 2668 ni·
1201 2607 1247 2668 lta
1261 2606 1429 2687 Gregorius
1441 2606 1599 2685 Nysnenus
1617 2623 1633 2661 ι
1651 2620 1717 2663 non
1735 2619 1804 2663 ease
1818 2602 1891 2665 dicit
1902 2603 1932 2663 in
1953 2626 2024 2677 ιηιμ

342 2698 459 2761 mirum
468 2699 606 2776 comiter,
617 2718 654 2761 ac
666 2698 835 2780 prudenter
846 2698 964 2759 dictum
974 2697 1052 2761 illud
1065 2718 1113 2761 eo
1160 2700 1325 2761 hominum
1345 2698 1536 2761 naturaiim
1558 2696 1599 2757 ad
1619 2700 1803 2756 accuratam
1816 2712 1933 2774 percep
1979 2740 2006 2771 „

291 2837 296 2849 .
342 2790 444 2871 cipiet,
455 2791 502 2851 uti
510 2810 577 2853 non
585 2790 932 2870 ahsolutesedqnnne
941 2789 1109 2869 intelligat:
1160 2791 1278 2853 tionem
1291 2791 1405 2852 diune
1418 2788 1608 2851 substantie.
1624 2787 1668 2848 Ac
1681 2786 1932 2867 fortcseeparnm
2032 2820 2033 2823 =

343 2882 493 2962 videlicet,
505 2884 531 2946 si
540 2902 612 2945 eum
623 2886 686 2947 Deo
695 2884 821 2945 illomm
830 2882 972 2957 essentia,
988 2884 1045 2960 vis,
1060 2903 1114 2964 po-
1162 2888 1208 2945 est
1220 2883 1305 2945 istud
1317 2884 1356 2943 da
1370 2881 1437 2943 soln
1449 2883 1483 2942 vi
1495 2882 1635 2943 humano
1649 2880 1868 2958 pronuntiare.
1881 2880 1933 2940 Vc

343 2980 447 3051 testas,
469 2976 605 3053 scientie,
622 2995 658 3038 oo
674 2976 804 3056 reliqua,
828 2992 898 3053 qun
919 2977 1038 3035 suntin
1057 2977 1111 3055 eis,
1162 2993 1234 3038 rum
1247 2975 1351 3047 etiam,
1367 2974 1395 3037 ei
1408 2974 1464 3053 qui
1474 2972 1772 3050 naturameorporis
1782 2978 1934 3051 experturi

343 3069 451 3129 omnia
464 3069 674 3132 conferantur.
691 3070 736 3130 lte
749 3069 832 3130 enim
846 3066 926 3131 nihil
937 3072 1027 3142 sunt;
1040 3087 1115 3149 quo-
1162 3068 1340 3131 inferiorem
1354 3085 1420 3128 esse
1434 3067 1525 3141 dicet,
1542 3081 1639 3145 quem
1656 3069 1693 3123 ut
1710 3063 1870 3124 inlinitum
1885 3081 1934 3123 ιιι-

343 3159 431 3223 niam
450 3160 573 3225 infinito
596 3161 635 3223 ab
659 3162 712 3222 illo
735 3159 896 3221 intervallo
920 3160 1044 3221 chnut.
1070 3162 1116 3223 lte
1162 3166 1268 3223 turam
1277 3177 1397 3240 cepere,
1414 3164 1445 3219 et
1460 3156 1624 3236 complenti
1636 3155 1820 3234 cognitione
1833 3155 1932 3235 point

345 3269 419 3329 ergo
431 3254 566 3331 cognitio
580 3253 642 3326 illa,
658 3256 833 3333 qualisnam
846 3257 1016 3330 utcumque
1029 3254 1116 3315 novi·
1164 3251 1421 3331 nonillepenitus
1429 3248 1586 3311 ehennhit
1595 3258 1621 3309 ·.
1637 3269 1653 3304 ο
1672 3249 1777 3321 Quare
1789 3246 1935 3308 visionem

345 3360 425 3416 mus,
442 3363 507 3407 non
520 3346 622 3409 solum
640 3346 747 3407 hocin
760 3345 824 3406 rita
839 3343 887 3425 (de
900 3363 963 3423 qua
976 3349 1007 3405 et
1021 3345 1117 3425 Chry·
1165 3344 1315 3423 eiusmodi
1328 3348 1429 3424 potest
1446 3340 1618 3404 existimari
1632 3339 1874 3418 Chrysostomns
1883 3356 1934 3399 nn·

345 3441 527 3511 soetornurn
544 3443 576 3500 et
586 3438 673 3513 alios,
689 3438 744 3518 qui
762 3437 820 3499 sibi
833 3436 1000 3499 Anomoeos
1015 3437 1118 3499 debel-
1165 3436 1241 3515 gelis
1259 3435 1426 3511 ademisse,
1451 3452 1516 3506 non
1537 3432 1624 3494 illam
1643 3431 1801 3505 universe,
1823 3431 1936 3493 shsoln

346 3526 455 3589 londos
472 3536 678 3609 sumpserant,
699 3547 815 3608 magne
832 3546 871 3591 ex
892 3532 981 3608 parte
999 3527 1117 3591 locutos
1164 3534 1268 3608 teque,
1289 3545 1386 3607 σιιιιιιι
1403 3525 1603 3597 catholicum,
1624 3528 1657 3585 et
1667 3522 1764 3584 hodie
1778 3521 1891 3597 fixum,
1903 3541 1935 3583 sc

347 3636 412 3681 esse
433 3619 569 3701 mimus),
587 3622 641 3683 sed
660 3622 753 3685 etiem
771 3621 988 3701 qunlruuntur
1000 3621 1114 3699 angeli,
1165 3620 1330 3682 definitum
1360 3618 1474 3697 dogma
1503 3615 1654 3678 concedit.
1689 3615 1751 3677 Sed
1784 3614 1880 3687 alios,
1901 3614 1935 3675 dc

346 3729 382 3772 ac
395 3711 478 3773 beati
491 3712 644 3785 homines,
660 3712 718 3775 etsi
739 3713 857 3775 nonsit
875 3712 972 3787 nulla,
988 3713 1042 3773 sed
1060 3713 1116 3773 nll-
1165 3712 1280 3792 quibus
1297 3710 1405 3773 similis
1427 3715 1474 3772 est
1491 3707 1713 3782 controversie,
1734 3706 1883 3786 deincep
1896 3706 1936 3765 si

347 3822 420 3882 qrrn,
436 3810 468 3865 et
488 3804 523 3865 in
536 3805 589 3867 illa
607 3823 731 3886 quoque
752 3805 895 3867 felicitate
913 3822 970 3884 pro
990 3804 1117 3867 modulo
1166 3805 1308 3867 deomns.

347 3914 404 3957 sno
419 3897 502 3959 clare
521 3904 614 3978 atque
638 3898 790 3974 distincta,
811 3904 847 3959 ut
864 3896 985 3959 viatoris
1002 3913 1118 3958 nomen
1206 3897 1259 3957 vl.
1275 3893 1407 3973 Gyrillus
1422 3891 1720 3971 hierosolymitanus
1740 3892 1777 3952 in
1791 3887 1936 3953 Celerini

348 3988 500 4065 obtinent;
523 3991 632 4051 eedem
650 4005 756 4055 tamen
779 3990 806 4051 ei
823 4006 895 4051 cum
918 3989 972 4049 illa
989 3992 1117 4049 conten-
1167 3985 1363 4062 sexto,rerha
1373 3984 1426 4044 illa
1439 3984 1567 4044 loannis
1576 3999 1745 4062 exponens,
1757 3981 1936 4043 Βσιισιιιαιιιι

348 4082 450 4159 detur,
471 4100 535 4162 qua
556 4083 606 4144 vel
628 4083 828 4162 semetipsum
850 4081 933 4143 videt
958 4081 1049 4152 Deus,
1071 4081 1120 4142 vel
1168 4078 1245 4143 vidit
1257 4074 1417 4158 nsquam&
1432 4075 1638 4137 neeessariam
1656 4074 1863 4154 questionem
1875 4089 1935 4134 mo

348 4178 432 4235 totus
453 4175 518 4254 ipse
540 4174 823 4254 comprehenditur,
847 4173 907 4234 hoc
931 4177 977 4233 est
1000 4172 1117 4243 omnin,
1168 4176 1238 4233 vet:
1255 4169 1383 4250 quinem
1397 4186 1471 4248 ergo
1480 4167 1691 4248 eripuerat,
1704 4162 1937 4246 Angelorridrrr

350 4283 420 4343 quae
435 4265 469 4326 in
488 4284 525 4327 eo
539 4273 622 4339 sunt,
639 4272 669 4327 ot
688 4265 728 4326 ab
748 4285 785 4326 eo
808 4264 877 4326 lieri
895 4270 1034 4344 possunt,
1049 4282 1120 4345 per·
1168 4263 1274 4344 faciem
1287 4259 1455 4342 Patrr'tqui
1468 4256 1668 4321 inretierat?
1682 4258 1826 4321 Cuimox
1839 4273 1936 4318 occur

350 4356 427 4419 fecte
454 4358 631 4438 capiuntur,
654 4376 756 4438 neque
788 4357 870 4421 oleru
901 4356 962 4417 diei
987 4357 1121 4434 cognitio
1170 4356 1222 4428 rit,
1242 4376 1258 4412 ιι
1275 4353 1388 4415 Videre
1410 4350 1537 4431 angelos
1552 4352 1662 4423 Deum,
1677 4368 1744 4411 non
1762 4349 1846 4410 sicut
1865 4349 1938 4409 nen

351 4447 452 4525 debet,
468 4469 525 4511 nec
535 4452 663 4511 omnino
675 4450 752 4511 visio
765 4470 772 4509 :
784 4447 1123 4509 uthaorntioneu'deri
1171 4451 1227 4521 est,
1251 4446 1304 4506 sed
1323 4450 1476 4523 quantum
1493 4461 1602 4523 capere
1624 4442 1684 4521 ipsi
1704 4439 1867 4521 possuntt,
1882 4442 1938 4497 net

352 4541 452 4601 Deum
475 4542 514 4602 ah
538 4547 639 4603 orente
661 4541 865 4619 intelligentia
887 4542 983 4619 possit
1001 4540 1120 4617 negari,
1171 4556 1227 4617 pro
1241 4542 1309 4597 rate
1331 4553 1488 4615 quemque
1510 4534 1668 4614 portione;
1683 4539 1721 4593 nt
1742 4532 1798 4611 qui
1819 4530 1937 4593 celsiore

352 4632 427 4712 quia
449 4633 493 4693 sie
510 4634 644 4710 videtin,
659 4633 748 4713 quasi
768 4632 872 4695 nullus
890 4630 1031 4693 ridentur
1040 4651 1049 4707 ;
1064 4631 1123 4693 hoc
1172 4630 1205 4689 in
1219 4628 1328 4707 gradu,
1345 4634 1377 4689 et
1396 4628 1503 4689 ordine
1526 4631 1701 4701 censentur,
1715 4623 1884 4705 perfectius
1897 4622 1937 4680 ri·

391 4951 412 4990 a
430 4935 518 4991 Geso.
537 4933 616 4991 Nrss.
631 4931 676 4988 lib.
692 4931 754 4987 xm
769 4936 844 4987 cont.
861 4933 939 4985 Εαα.
957 4928 1009 4982 Ota
1021 4928 1087 4982 ἔστιν
1100 4926 1124 4981 ἐν
1211 4931 1228 4986 ὸ
1246 4931 1313 4987 Crn.
1331 4929 1411 4985 lirae.
1425 4928 1493 4983 Cat.
1510 4924 1681 4999 title-sne
1695 4930 1746 4977 τῶν
1763 4922 1877 4995 ιορσινενν
1888 4920 1937 4995 pt

355 5017 491 5091 ἇνθρωιιινῃ
502 5017 570 5089 ptest
579 5016 679 5087 δύναμις
688 5014 721 5078 εἰς
728 5014 813 5086 tapeti
821 5014 968 5082 κατανόησιν
973 5014 1027 5065 (lael
1032 5011 1124 5074 οὐσίας.
1174 5032 1248 5067 πονοι
1267 5012 1307 5065 διὰ
1327 5012 1418 5073 παντὸς
1435 5013 1465 5064 τὸ
1484 5011 1615 5083 πρόσωπον
1632 5011 1678 5062 rot
1691 5008 1786 5079 πατρός
1799 5027 1851 5079 ρον
1863 5002 1937 5059 wil·

355 5101 422 5173 τάχα
435 5099 461 5153 δὲ
488 5101 573 5173 μικρόν
589 5098 653 5153 ἔστιν
669 5096 708 5151 tet
722 5099 798 5169 μόνης
811 5096 980 5167 ἀποφήνασθαι
993 5098 1068 5149 τοῦτο
1082 5097 1125 5160 τῆς
1174 5098 1295 5169 οὐρανοῖς·
1322 5093 1387 5147 ἀλλὰ
1401 5094 1531 5165 βλέπουσιν
1551 5091 1578 5145 oh
1593 5090 1673 5152 reich<
1687 5087 1753 5144 tene
1767 5088 1783 5142 ὁ
1795 5089 1867 5155 θεὸς,
1881 5083 1937 5140 llll

355 5181 506 5255 ἀνθρωπίνης
525 5183 660 5254 δυνάμιος.
683 5179 809 5233 ἀλλὰκαὶ
829 5178 873 5246 τὴν
895 5178 1026 5251 ἀσώματον
1048 5176 1125 5230 κτίσιν
1173 5181 1278 5233 καθόσον
1291 5178 1333 5231 καὶ
1348 5176 1418 5232 «snt
1431 5180 1565 5250 χωροῦσιν.

357 5259 476 5314 ἐλάττονά
487 5281 523 5325 τις
537 5261 621 5325 εἰπὼν,
635 5264 650 5330 ἢ
666 5262 731 5315 ὥστε
749 5264 874 5332 χωρῆσαι,
887 5259 928 5311 καὶ
942 5257 1080 5329 aspcicient
1094 5261 1125 5327 τῇ

356 5345 446 5416 γνώσει
460 5346 503 5412 τὴν
518 5343 632 5418 ἀόριστον
646 5345 726 5416 φύσιν,
741 5342 770 5396 οὗ
784 5346 828 5396 τοῦ
842 5341 933 5403 παντὸς
947 5340 1123 5412 ἁμαρτήσεται.
1207 5342 1215 5359 '
1232 5338 1315 5391 Confer
1328 5336 1465 5390 Wltrsslunr
1478 5339 1559 5402 (μιν.
1574 5346 1593 5396 l,
1607 5333 1674 5389 illle·
1685 5333 1711 5395 2,
1725 5337 1785 5385 tert.
1797 5333 1828 5383 ἲ.

385 5506 395 5548 l
409 5504 451 5548 loo.
462 5514 496 5553 ιι,
510 5503 598 5547 ιλ-α
611 5499 671 5545 οισι.
684 5511 706 5543 ιι
718 5503 775 5544 cont.
789 5502 891 5543 Λασον-
905 5496 995 5541 seon.
1008 5507 1035 5541 ιι
1048 5496 1176 5541 inm-
1187 5492 1200 5535 t
1210 5492 1273 5566 αραιι.
1287 5501 1304 5543 ι,
1317 5490 1352 5536 18.
