<?xml version="1.0" encoding="UTF-8"?>
<!DOCTYPE html PUBLIC "-//W3C//DTD XHTML 1.0 Transitional//EN"
    "http://www.w3.org/TR/xhtml1/DTD/xhtml1-transitional.dtd">
<html xmlns="http://www.w3.org/1999/xhtml" xml:lang="en" lang="en">
 <head>
  <title>
</title>
<meta http-equiv="Content-Type" content="text/html;charset=utf-8" />
  <meta name='ocr-system' content='tesseract 3.04.00' />
  <meta name='ocr-capabilities' content='ocr_page ocr_carea ocr_par ocr_line ocrx_word'/>
</head>
<body>
  <div class='ocr_page' id='page_1' title='image "./dogmatatheologi01goog/dogmatatheologi01goog_0131.png"; bbox 0 0 4008 6170; ppageno 0'>
   <div class='ocr_carea' id='block_1_1' title="bbox 332 256 1992 495">
    <p class='ocr_par' dir='ltr' id='par_1_1' title="bbox 332 256 1992 495">
     <span class='ocr_line' id='line_1_1' title="bbox 333 256 1992 351; baseline 0.005 -32"><span class='ocrx_word' id='word_1_1' title='bbox 333 261 371 319; x_wconf 82' lang='lat'>90</span> <span class='ocrx_word' id='word_1_2' title='bbox 529 256 533 263; x_wconf 82' lang='grc'><strong><em>’</em></strong></span> <span class='ocrx_word' id='word_1_3' title='bbox 847 257 1176 323; x_wconf 82' lang='lat' dir='ltr'>THEOLOGICORUM</span> <span class='ocrx_word' id='word_1_4' title='bbox 1197 261 1416 325; x_wconf 78' lang='lat' dir='ltr'>DOGMATUM</span> <span class='ocrx_word' id='word_1_5' title='bbox 1991 348 1992 351; x_wconf 8' lang='grc' dir='ltr'><strong>Ἴ</strong></span> 
     </span>
     <span class='ocr_line' id='line_1_2' title="bbox 332 409 1992 495; baseline 0.006 -20"><span class='ocrx_word' id='word_1_6' title='bbox 332 430 440 477; x_wconf 83' lang='lat' dir='ltr'>aarum</span> <span class='ocrx_word' id='word_1_7' title='bbox 462 411 600 485; x_wconf 81' lang='lat' dir='ltr'>esscruia,</span> <span class='ocrx_word' id='word_1_8' title='bbox 625 415 678 473; x_wconf 91' lang='lat' dir='ltr'>aut</span> <span class='ocrx_word' id='word_1_9' title='bbox 700 409 784 472; x_wconf 89' lang='lat' dir='ltr'>aliud</span> <span class='ocrx_word' id='word_1_10' title='bbox 808 428 902 491; x_wconf 89' lang='lat' dir='ltr'>quam</span> <span class='ocrx_word' id='word_1_11' title='bbox 928 411 1011 495; x_wconf 77' lang='lat' dir='ltr'>quaed</span> <span class='ocrx_word' id='word_1_12' title='bbox 1033 411 1106 493; x_wconf 87' lang='lat' dir='ltr'>ipsae</span> <span class='ocrx_word' id='word_1_13' title='bbox 1160 418 1206 473; x_wconf 90' lang='lat' dir='ltr'>est</span> <span class='ocrx_word' id='word_1_14' title='bbox 1220 413 1337 493; x_wconf 83' lang='lat' dir='ltr'>aliquid</span> <span class='ocrx_word' id='word_1_15' title='bbox 1345 412 1447 490; x_wconf 73' lang='lat' dir='ltr'>&#39;aliud</span> <span class='ocrx_word' id='word_1_16' title='bbox 1466 433 1560 493; x_wconf 83' lang='lat' dir='ltr'>quam</span> <span class='ocrx_word' id='word_1_17' title='bbox 1580 416 1655 495; x_wconf 89' lang='lat' dir='ltr'>ipse,</span> <span class='ocrx_word' id='word_1_18' title='bbox 1677 435 1718 479; x_wconf 87' lang='lat' dir='ltr'>na</span> <span class='ocrx_word' id='word_1_19' title='bbox 1732 418 1918 485; x_wconf 61' lang='lat' dir='ltr'>murmanus</span> <span class='ocrx_word' id='word_1_20' title='bbox 1991 428 1992 431; x_wconf 76' lang='grc'>’</span> 
     </span>
    </p>
   </div>
   <div class='ocr_carea' id='block_1_2' title="bbox 258 502 1920 590">
    <p class='ocr_par' dir='ltr' id='par_1_2' title="bbox 258 502 1920 590">
     <span class='ocr_line' id='line_1_3' title="bbox 258 502 1920 590; baseline 0.007 -25"><span class='ocrx_word' id='word_1_21' title='bbox 258 559 262 565; x_wconf 89' lang='grc'><strong>,</strong></span> <span class='ocrx_word' id='word_1_22' title='bbox 332 510 414 569; x_wconf 87' lang='lat' dir='ltr'>sunt.</span> <span class='ocrx_word' id='word_1_23' title='bbox 429 504 487 567; x_wconf 89' lang='lat' dir='ltr'>Sed</span> <span class='ocrx_word' id='word_1_24' title='bbox 502 503 526 563; x_wconf 92' lang='lat' dir='ltr'>si</span> <span class='ocrx_word' id='word_1_25' title='bbox 541 502 619 564; x_wconf 86' lang='lat' dir='ltr'>nihil</span> <span class='ocrx_word' id='word_1_26' title='bbox 635 509 680 565; x_wconf 89' lang='grc' dir='ltr'>θεῖ</span> <span class='ocrx_word' id='word_1_27' title='bbox 691 504 785 579; x_wconf 87' lang='lat' dir='ltr'>aliud,</span> <span class='ocrx_word' id='word_1_28' title='bbox 799 522 894 583; x_wconf 88' lang='lat' dir='ltr'>quam</span> <span class='ocrx_word' id='word_1_29' title='bbox 908 504 1045 584; x_wconf 81' lang='lat' dir='ltr'>ipsarum</span> <span class='ocrx_word' id='word_1_30' title='bbox 1063 524 1107 566; x_wconf 84' lang='lat' dir='ltr'>es</span> <span class='ocrx_word' id='word_1_31' title='bbox 1160 506 1274 569; x_wconf 87' lang='lat' dir='ltr'>habere</span> <span class='ocrx_word' id='word_1_32' title='bbox 1288 507 1412 569; x_wconf 77' lang='lat' dir='ltr'>aliunde</span> <span class='ocrx_word' id='word_1_33' title='bbox 1426 527 1551 587; x_wconf 84' lang='lat' dir='ltr'>quama</span> <span class='ocrx_word' id='word_1_34' title='bbox 1567 511 1676 589; x_wconf 83' lang='lat' dir='ltr'>scipso,</span> <span class='ocrx_word' id='word_1_35' title='bbox 1689 511 1772 590; x_wconf 86' lang='lat' dir='ltr'>quod</span> <span class='ocrx_word' id='word_1_36' title='bbox 1787 512 1876 577; x_wconf 80' lang='lat' dir='ltr'>haba</span> <span class='ocrx_word' id='word_1_37' title='bbox 1886 532 1920 577; x_wconf 79' lang='lat' dir='ltr'>as</span> 
     </span>
    </p>
   </div>
   <div class='ocr_carea' id='block_1_3' title="bbox 166 2380 1112 2462">
    <p class='ocr_par' dir='ltr' id='par_1_3' title="bbox 166 2380 1112 2462">
     <span class='ocr_line' id='line_1_4' title="bbox 166 2380 1112 2462; baseline -0.001 -17"><span class='ocrx_word' id='word_1_38' title='bbox 166 2380 310 2435; x_wconf 68' lang='lat'>⁸¹⁰⁸⁰¹²¹⁴¹⁸⁸</span> <span class='ocrx_word' id='word_1_39' title='bbox 377 2388 526 2448; x_wconf 78' lang='lat' dir='ltr'>Pratsres</span> <span class='ocrx_word' id='word_1_40' title='bbox 537 2403 609 2446; x_wconf 84' lang='lat' dir='ltr'>rum</span> <span class='ocrx_word' id='word_1_41' title='bbox 621 2402 694 2459; x_wconf 85' lang='lat' dir='ltr'>essa,</span> <span class='ocrx_word' id='word_1_42' title='bbox 708 2385 770 2443; x_wconf 86' lang='lat' dir='ltr'>siva</span> <span class='ocrx_word' id='word_1_43' title='bbox 782 2384 923 2443; x_wconf 70' lang='lat' dir='ltr'>exsisure</span> <span class='ocrx_word' id='word_1_44' title='bbox 935 2383 972 2443; x_wconf 90' lang='lat' dir='ltr'>sit</span> <span class='ocrx_word' id='word_1_45' title='bbox 983 2385 1112 2462; x_wconf 90' lang='lat' dir='ltr'>ipsamet</span> 
     </span>
    </p>
   </div>
   <div class='ocr_carea' id='block_1_4' title="bbox 194 2435 280 2477">
    <p class='ocr_par' dir='ltr' id='par_1_4' title="bbox 194 2435 280 2477">
     <span class='ocr_line' id='line_1_5' title="bbox 194 2435 280 2477; baseline 0 0"><span class='ocrx_word' id='word_1_46' title='bbox 194 2435 280 2477; x_wconf 75' lang='lat' dir='ltr'>adDel</span> 
     </span>
    </p>
   </div>
   <div class='ocr_carea' id='block_1_5' title="bbox 179 2475 1114 2595">
    <p class='ocr_par' dir='ltr' id='par_1_5' title="bbox 179 2475 1114 2595">
     <span class='ocr_line' id='line_1_6' title="bbox 179 2475 1114 2595; baseline -0.005 -53"><span class='ocrx_word' id='word_1_47' title='bbox 179 2491 295 2595; x_wconf 46' lang='lat' dir='ltr'>mig?</span> <span class='ocrx_word' id='word_1_48' title='bbox 337 2482 466 2543; x_wconf 75' lang='lat' dir='ltr'><strong>essentia</strong></span> <span class='ocrx_word' id='word_1_49' title='bbox 486 2479 541 2540; x_wconf 90' lang='lat' dir='ltr'>Dei</span> <span class='ocrx_word' id='word_1_50' title='bbox 559 2496 595 2539; x_wconf 89' lang='lat' dir='ltr'>ac</span> <span class='ocrx_word' id='word_1_51' title='bbox 615 2483 726 2539; x_wconf 89' lang='lat' dir='ltr'>natura</span> <span class='ocrx_word' id='word_1_52' title='bbox 750 2475 793 2557; x_wconf 84' lang='lat' dir='ltr'>(si</span> <span class='ocrx_word' id='word_1_53' title='bbox 815 2476 941 2556; x_wconf 88' lang='lat' dir='ltr'>quidem</span> <span class='ocrx_word' id='word_1_54' title='bbox 963 2485 992 2539; x_wconf 73' lang='grc' dir='ltr'>τὸ</span> <span class='ocrx_word' id='word_1_55' title='bbox 1015 2479 1054 2553; x_wconf 73' lang='grc' dir='ltr'>ὃν,</span> <span class='ocrx_word' id='word_1_56' title='bbox 1081 2476 1114 2538; x_wconf 86' lang='lat' dir='ltr'>id</span> 
     </span>
    </p>
   </div>
   <div class='ocr_carea' id='block_1_6' title="bbox 330 598 1992 2845">
    <p class='ocr_par' dir='ltr' id='par_1_6' title="bbox 330 598 1992 2845">
     <span class='ocr_line' id='line_1_7' title="bbox 332 598 1918 683; baseline 0.004 -23"><span class='ocrx_word' id='word_1_57' title='bbox 332 600 438 673; x_wconf 84' lang='lat' dir='ltr'>sentia,</span> <span class='ocrx_word' id='word_1_58' title='bbox 457 598 535 658; x_wconf 87' lang='lat' dir='ltr'>sieut</span> <span class='ocrx_word' id='word_1_59' title='bbox 551 616 659 659; x_wconf 86' lang='lat' dir='ltr'>aarum</span> <span class='ocrx_word' id='word_1_60' title='bbox 675 598 811 658; x_wconf 79' lang='lat' dir='ltr'>essentia</span> <span class='ocrx_word' id='word_1_61' title='bbox 822 616 887 659; x_wconf 89' lang='lat' dir='ltr'>non</span> <span class='ocrx_word' id='word_1_62' title='bbox 902 604 975 663; x_wconf 89' lang='lat' dir='ltr'>sunt</span> <span class='ocrx_word' id='word_1_63' title='bbox 991 599 1103 678; x_wconf 89' lang='lat' dir='ltr'>plures,</span> <span class='ocrx_word' id='word_1_64' title='bbox 1161 599 1317 661; x_wconf 82' lang='lat' dir='ltr'>divinitate</span> <span class='ocrx_word' id='word_1_65' title='bbox 1329 602 1353 660; x_wconf 74' lang='lat'>³.</span> <span class='ocrx_word' id='word_1_66' title='bbox 1370 624 1384 661; x_wconf 78' lang='grc' dir='ltr'>ε</span> <span class='ocrx_word' id='word_1_67' title='bbox 1399 602 1479 662; x_wconf 91' lang='lat' dir='ltr'>Nem</span> <span class='ocrx_word' id='word_1_68' title='bbox 1491 620 1563 663; x_wconf 89' lang='lat' dir='ltr'>cum</span> <span class='ocrx_word' id='word_1_69' title='bbox 1577 604 1657 664; x_wconf 89' lang='lat' dir='ltr'>Deus</span> <span class='ocrx_word' id='word_1_70' title='bbox 1668 604 1817 683; x_wconf 89' lang='lat' dir='ltr'>quidquid</span> <span class='ocrx_word' id='word_1_71' title='bbox 1826 605 1918 683; x_wconf 86' lang='lat' dir='ltr'>habat,</span> 
     </span>
     <span class='ocr_line' id='line_1_8' title="bbox 331 692 1921 775; baseline 0.001 -18"><span class='ocrx_word' id='word_1_72' title='bbox 331 696 384 757; x_wconf 88' lang='lat' dir='ltr'>sed</span> <span class='ocrx_word' id='word_1_73' title='bbox 404 712 477 768; x_wconf 90' lang='lat' dir='ltr'>uns,</span> <span class='ocrx_word' id='word_1_74' title='bbox 500 693 544 752; x_wconf 90' lang='lat' dir='ltr'>ita</span> <span class='ocrx_word' id='word_1_75' title='bbox 565 697 595 752; x_wconf 91' lang='lat' dir='ltr'>et</span> <span class='ocrx_word' id='word_1_76' title='bbox 612 697 732 755; x_wconf 81' lang='lat' dir='ltr'>natura</span> <span class='ocrx_word' id='word_1_77' title='bbox 748 710 813 752; x_wconf 91' lang='lat' dir='ltr'>non</span> <span class='ocrx_word' id='word_1_78' title='bbox 834 697 907 753; x_wconf 91' lang='lat' dir='ltr'>sunt</span> <span class='ocrx_word' id='word_1_79' title='bbox 926 692 1039 771; x_wconf 89' lang='lat' dir='ltr'>plures,</span> <span class='ocrx_word' id='word_1_80' title='bbox 1054 694 1106 755; x_wconf 88' lang='lat' dir='ltr'>sed</span> <span class='ocrx_word' id='word_1_81' title='bbox 1162 711 1181 752; x_wconf 93' lang='lat' dir='ltr'>a</span> <span class='ocrx_word' id='word_1_82' title='bbox 1195 693 1353 755; x_wconf 87' lang='lat' dir='ltr'>divinitate</span> <span class='ocrx_word' id='word_1_83' title='bbox 1366 712 1422 757; x_wconf 90' lang='lat' dir='ltr'>sua</span> <span class='ocrx_word' id='word_1_84' title='bbox 1434 694 1557 770; x_wconf 85' lang='lat' dir='ltr'>habeat,</span> <span class='ocrx_word' id='word_1_85' title='bbox 1578 696 1604 755; x_wconf 92' lang='lat' dir='ltr'>si</span> <span class='ocrx_word' id='word_1_86' title='bbox 1618 714 1682 759; x_wconf 86' lang='lat' dir='ltr'>nou</span> <span class='ocrx_word' id='word_1_87' title='bbox 1701 696 1766 775; x_wconf 87' lang='lat' dir='ltr'>ipsa</span> <span class='ocrx_word' id='word_1_88' title='bbox 1784 715 1839 761; x_wconf 87' lang='lat' dir='ltr'>sua</span> <span class='ocrx_word' id='word_1_89' title='bbox 1853 698 1921 759; x_wconf 81' lang='lat' dir='ltr'>divi-</span> 
     </span>
     <span class='ocr_line' id='line_1_9' title="bbox 330 785 1922 869; baseline 0.003 -20"><span class='ocrx_word' id='word_1_90' title='bbox 330 806 404 851; x_wconf 89' lang='lat' dir='ltr'>una.</span> <span class='ocrx_word' id='word_1_91' title='bbox 420 787 647 867; x_wconf 87' lang='lat' dir='ltr'>ldcmnamque</span> <span class='ocrx_word' id='word_1_92' title='bbox 656 791 801 847; x_wconf 91' lang='lat' dir='ltr'>naturam</span> <span class='ocrx_word' id='word_1_93' title='bbox 810 785 861 847; x_wconf 90' lang='lat' dir='ltr'>hic</span> <span class='ocrx_word' id='word_1_94' title='bbox 874 786 1013 865; x_wconf 90' lang='lat' dir='ltr'>intelligo</span> <span class='ocrx_word' id='word_1_95' title='bbox 1023 788 1107 866; x_wconf 90' lang='lat' dir='ltr'>quod</span> <span class='ocrx_word' id='word_1_96' title='bbox 1161 786 1241 847; x_wconf 90' lang='lat' dir='ltr'>nitas</span> <span class='ocrx_word' id='word_1_97' title='bbox 1259 793 1346 863; x_wconf 87' lang='lat' dir='ltr'>esset,</span> <span class='ocrx_word' id='word_1_98' title='bbox 1367 806 1432 850; x_wconf 89' lang='lat' dir='ltr'>nou</span> <span class='ocrx_word' id='word_1_99' title='bbox 1450 807 1469 849; x_wconf 93' lang='lat' dir='ltr'>a</span> <span class='ocrx_word' id='word_1_100' title='bbox 1486 807 1528 864; x_wconf 88' lang='lat' dir='ltr'>ss,</span> <span class='ocrx_word' id='word_1_101' title='bbox 1540 788 1592 848; x_wconf 86' lang='lat' dir='ltr'>sed</span> <span class='ocrx_word' id='word_1_102' title='bbox 1606 788 1645 849; x_wconf 92' lang='lat' dir='ltr'>ab</span> <span class='ocrx_word' id='word_1_103' title='bbox 1665 788 1726 851; x_wconf 89' lang='lat' dir='ltr'>alio</span> <span class='ocrx_word' id='word_1_104' title='bbox 1742 790 1774 851; x_wconf 90' lang='lat' dir='ltr'>id</span> <span class='ocrx_word' id='word_1_105' title='bbox 1790 791 1870 869; x_wconf 90' lang='lat' dir='ltr'>quod</span> <span class='ocrx_word' id='word_1_106' title='bbox 1884 799 1922 853; x_wconf 90' lang='lat' dir='ltr'>est</span> 
     </span>
     <span class='ocr_line' id='line_1_10' title="bbox 332 879 1921 963; baseline 0.002 -20"><span class='ocrx_word' id='word_1_107' title='bbox 332 882 504 943; x_wconf 78' lang='lat' dir='ltr'><strong>essentiam.</strong></span> <span class='ocrx_word' id='word_1_108' title='bbox 534 881 565 941; x_wconf 88' lang='lat' dir='ltr'>Si</span> <span class='ocrx_word' id='word_1_109' title='bbox 585 899 658 943; x_wconf 82' lang='lat' dir='ltr'>uero</span> <span class='ocrx_word' id='word_1_110' title='bbox 678 880 710 940; x_wconf 90' lang='lat' dir='ltr'>id</span> <span class='ocrx_word' id='word_1_111' title='bbox 736 898 792 960; x_wconf 90' lang='lat' dir='ltr'>per</span> <span class='ocrx_word' id='word_1_112' title='bbox 810 880 895 960; x_wconf 91' lang='lat' dir='ltr'>quod</span> <span class='ocrx_word' id='word_1_113' title='bbox 914 880 1019 961; x_wconf 89' lang='lat' dir='ltr'>plures</span> <span class='ocrx_word' id='word_1_114' title='bbox 1036 881 1109 961; x_wconf 74' lang='lat' dir='ltr'>ipsas</span> <span class='ocrx_word' id='word_1_115' title='bbox 1161 879 1298 956; x_wconf 85' lang='lat' dir='ltr'>haberet,</span> <span class='ocrx_word' id='word_1_116' title='bbox 1313 881 1921 963; x_wconf 84' lang='lat' dir='ltr'>adeoquemmusparfsctusassetquamsi</span> 
     </span>
     <span class='ocr_line' id='line_1_11' title="bbox 332 973 1922 1061; baseline 0.003 -22"><span class='ocrx_word' id='word_1_117' title='bbox 332 984 450 1039; x_wconf 77' lang='lat' dir='ltr'>natura</span> <span class='ocrx_word' id='word_1_118' title='bbox 462 982 527 1036; x_wconf 89' lang='lat' dir='ltr'>tam</span> <span class='ocrx_word' id='word_1_119' title='bbox 540 980 754 1053; x_wconf 79' lang='lat' dir='ltr'>magnasunt,</span> <span class='ocrx_word' id='word_1_120' title='bbox 767 973 851 1037; x_wconf 89' lang='lat' dir='ltr'>aliud</span> <span class='ocrx_word' id='word_1_121' title='bbox 862 980 907 1035; x_wconf 93' lang='lat' dir='ltr'>est</span> <span class='ocrx_word' id='word_1_122' title='bbox 918 994 1013 1054; x_wconf 90' lang='lat' dir='ltr'>quam</span> <span class='ocrx_word' id='word_1_123' title='bbox 1024 976 1108 1055; x_wconf 89' lang='lat' dir='ltr'>quod</span> <span class='ocrx_word' id='word_1_124' title='bbox 1162 973 1287 1054; x_wconf 86' lang='lat' dir='ltr'>sseipso</span> <span class='ocrx_word' id='word_1_125' title='bbox 1294 975 1327 1036; x_wconf 89' lang='lat' dir='ltr'>id</span> <span class='ocrx_word' id='word_1_126' title='bbox 1337 975 1464 1037; x_wconf 85' lang='lat' dir='ltr'>haberet</span> <span class='ocrx_word' id='word_1_127' title='bbox 1472 1021 1479 1037; x_wconf 91' lang='lat'>.</span> <span class='ocrx_word' id='word_1_128' title='bbox 1487 978 1598 1037; x_wconf 86' lang='lat' dir='ltr'>uPorro</span> <span class='ocrx_word' id='word_1_129' title='bbox 1604 976 1743 1039; x_wconf 86' lang='lat' dir='ltr'>divinitas</span> <span class='ocrx_word' id='word_1_130' title='bbox 1750 980 1814 1058; x_wconf 88' lang='lat' dir='ltr'>ipss</span> <span class='ocrx_word' id='word_1_131' title='bbox 1823 982 1922 1061; x_wconf 83' lang='lat' dir='ltr'>(pergit</span> 
     </span>
     <span class='ocr_line' id='line_1_12' title="bbox 332 1066 1923 1153; baseline 0.002 -18"><span class='ocrx_word' id='word_1_132' title='bbox 332 1073 406 1153; x_wconf 80' lang='lat' dir='ltr'>ipsae</span> <span class='ocrx_word' id='word_1_133' title='bbox 429 1076 511 1146; x_wconf 89' lang='lat' dir='ltr'>sunt,</span> <span class='ocrx_word' id='word_1_134' title='bbox 532 1087 589 1150; x_wconf 93' lang='lat' dir='ltr'>pro</span> <span class='ocrx_word' id='word_1_135' title='bbox 610 1075 693 1129; x_wconf 88' lang='lat' dir='ltr'>certo</span> <span class='ocrx_word' id='word_1_136' title='bbox 711 1068 848 1131; x_wconf 85' lang='lat' dir='ltr'>minores</span> <span class='ocrx_word' id='word_1_137' title='bbox 861 1076 941 1144; x_wconf 84' lang='lat' dir='ltr'>sunt,</span> <span class='ocrx_word' id='word_1_138' title='bbox 958 1088 1053 1150; x_wconf 90' lang='lat' dir='ltr'>quam</span> <span class='ocrx_word' id='word_1_139' title='bbox 1076 1070 1109 1131; x_wconf 95' lang='lat' dir='ltr'>id</span> <span class='ocrx_word' id='word_1_140' title='bbox 1164 1066 1798 1149; x_wconf 72' lang='lat' dir='ltr'>ffichndustauteritincommunicabihe,</span> <span class='ocrx_word' id='word_1_141' title='bbox 1815 1076 1923 1139; x_wconf 85' lang='lat' dir='ltr'>autali-</span> 
     </span>
     <span class='ocr_line' id='line_1_13' title="bbox 333 1161 1992 1251; baseline 0.001 -23"><span class='ocrx_word' id='word_1_142' title='bbox 333 1189 388 1251; x_wconf 83' lang='lat' dir='ltr'>per</span> <span class='ocrx_word' id='word_1_143' title='bbox 412 1168 496 1248; x_wconf 90' lang='lat' dir='ltr'>quod</span> <span class='ocrx_word' id='word_1_144' title='bbox 526 1183 646 1245; x_wconf 83' lang='lat' dir='ltr'>magnac</span> <span class='ocrx_word' id='word_1_145' title='bbox 671 1169 754 1224; x_wconf 86' lang='lat' dir='ltr'>sunt.</span> <span class='ocrx_word' id='word_1_146' title='bbox 784 1163 938 1242; x_wconf 82' lang='lat' dir='ltr'>Quidquid</span> <span class='ocrx_word' id='word_1_147' title='bbox 958 1164 1109 1244; x_wconf 87' lang='lat' dir='ltr'>enimpar</span> <span class='ocrx_word' id='word_1_148' title='bbox 1163 1161 1922 1245; x_wconf 84' lang='lat' dir='ltr'>quibuscommuuis.Sicstiurommunioabilis,nou</span> <span class='ocrx_word' id='word_1_149' title='bbox 1991 1196 1992 1229; x_wconf 72' lang='grc'>;</span> 
     </span>
     <span class='ocr_line' id='line_1_14' title="bbox 333 1257 1992 1343; baseline 0.001 -16"><span class='ocrx_word' id='word_1_150' title='bbox 333 1264 417 1327; x_wconf 88' lang='lat' dir='ltr'>aliud</span> <span class='ocrx_word' id='word_1_151' title='bbox 433 1271 479 1325; x_wconf 90' lang='grc' dir='ltr'>θεῖ</span> <span class='ocrx_word' id='word_1_152' title='bbox 493 1278 653 1340; x_wconf 86' lang='lat' dir='ltr'>magnum,</span> <span class='ocrx_word' id='word_1_153' title='bbox 677 1259 781 1323; x_wconf 84' lang='lat' dir='ltr'>mmus</span> <span class='ocrx_word' id='word_1_154' title='bbox 806 1264 852 1321; x_wconf 90' lang='grc' dir='ltr'>θεῖ</span> <span class='ocrx_word' id='word_1_155' title='bbox 874 1277 969 1339; x_wconf 90' lang='lat' dir='ltr'>quam</span> <span class='ocrx_word' id='word_1_156' title='bbox 990 1259 1033 1335; x_wconf 88' lang='lat' dir='ltr'>id,</span> <span class='ocrx_word' id='word_1_157' title='bbox 1054 1278 1109 1338; x_wconf 86' lang='lat' dir='ltr'>per</span> <span class='ocrx_word' id='word_1_158' title='bbox 1163 1263 1208 1315; x_wconf 91' lang='lat' dir='ltr'>est</span> <span class='ocrx_word' id='word_1_159' title='bbox 1217 1257 1460 1323; x_wconf 86' lang='lat' dir='ltr'>Dausnisiunus.</span> <span class='ocrx_word' id='word_1_160' title='bbox 1472 1261 1504 1323; x_wconf 85' lang='lat' dir='ltr'>Si</span> <span class='ocrx_word' id='word_1_161' title='bbox 1514 1266 1618 1327; x_wconf 88' lang='lat' dir='ltr'>autem</span> <span class='ocrx_word' id='word_1_162' title='bbox 1630 1262 1785 1343; x_wconf 74' lang='lat' dir='ltr'>aliquibus</span> <span class='ocrx_word' id='word_1_163' title='bbox 1795 1283 1923 1329; x_wconf 74' lang='lat' dir='ltr'>commu</span> <span class='ocrx_word' id='word_1_164' title='bbox 1991 1262 1992 1273; x_wconf 74' lang='grc'>’</span> 
     </span>
     <span class='ocr_line' id='line_1_15' title="bbox 333 1351 1989 1440; baseline 0.001 -20"><span class='ocrx_word' id='word_1_165' title='bbox 333 1359 417 1440; x_wconf 91' lang='lat' dir='ltr'>quod</span> <span class='ocrx_word' id='word_1_166' title='bbox 432 1364 477 1419; x_wconf 92' lang='grc' dir='ltr'>θεῖ</span> <span class='ocrx_word' id='word_1_167' title='bbox 498 1371 659 1434; x_wconf 89' lang='lat' dir='ltr'>magnum,</span> <span class='ocrx_word' id='word_1_168' title='bbox 687 1371 781 1433; x_wconf 87' lang='lat' dir='ltr'>quere</span> <span class='ocrx_word' id='word_1_169' title='bbox 806 1371 871 1414; x_wconf 88' lang='lat' dir='ltr'>non</span> <span class='ocrx_word' id='word_1_170' title='bbox 886 1358 958 1419; x_wconf 88' lang='lat' dir='ltr'>suut</span> <span class='ocrx_word' id='word_1_171' title='bbox 974 1352 1015 1413; x_wconf 88' lang='lat' dir='ltr'>sic</span> <span class='ocrx_word' id='word_1_172' title='bbox 1041 1371 1109 1417; x_wconf 90' lang='lat' dir='ltr'>ma·</span> <span class='ocrx_word' id='word_1_173' title='bbox 1163 1352 1923 1435; x_wconf 79' lang='lat' dir='ltr'>uisfuerit,commuuisitaquaeritatsubstantisills</span> <span class='ocrx_word' id='word_1_174' title='bbox 1952 1351 1989 1402; x_wconf 54' lang='grc' dir='ltr'><strong>Ψ</strong></span> 
     </span>
     <span class='ocr_line' id='line_1_16' title="bbox 333 1446 1983 1534; baseline 0.007 -29"><span class='ocrx_word' id='word_1_175' title='bbox 333 1471 412 1534; x_wconf 74' lang='lat' dir='ltr'>guae,</span> <span class='ocrx_word' id='word_1_176' title='bbox 439 1458 475 1513; x_wconf 88' lang='lat' dir='ltr'>ut</span> <span class='ocrx_word' id='word_1_177' title='bbox 498 1450 559 1511; x_wconf 86' lang='lat' dir='ltr'>illis</span> <span class='ocrx_word' id='word_1_178' title='bbox 583 1449 661 1513; x_wconf 84' lang='lat' dir='ltr'>nihil</span> <span class='ocrx_word' id='word_1_179' title='bbox 687 1449 725 1507; x_wconf 87' lang='lat' dir='ltr'>sit</span> <span class='ocrx_word' id='word_1_180' title='bbox 751 1446 851 1524; x_wconf 89' lang='lat' dir='ltr'>majus</span> <span class='ocrx_word' id='word_1_181' title='bbox 877 1447 973 1511; x_wconf 83' lang='lat' dir='ltr'>aliud.</span> <span class='ocrx_word' id='word_1_182' title='bbox 996 1468 1012 1505; x_wconf 84' lang='lat' dir='ltr'>u</span> <span class='ocrx_word' id='word_1_183' title='bbox 1037 1449 1109 1509; x_wconf 71' lang='lat' dir='ltr'>Hace</span> <span class='ocrx_word' id='word_1_184' title='bbox 1163 1465 1302 1526; x_wconf 79' lang='lat' dir='ltr'>quaarmn</span> <span class='ocrx_word' id='word_1_185' title='bbox 1312 1449 1925 1532; x_wconf 76' lang='lat' dir='ltr'>esteliudqusmdivinitasipsa.sedsub</span> <span class='ocrx_word' id='word_1_186' title='bbox 1964 1458 1983 1507; x_wconf 80' lang='lat'>¹-</span> 
     </span>
     <span class='ocr_line' id='line_1_17' title="bbox 334 1535 1925 1626; baseline 0 -17"><span class='ocrx_word' id='word_1_187' title='bbox 334 1545 507 1619; x_wconf 77' lang='lat' dir='ltr'>Auselmus,</span> <span class='ocrx_word' id='word_1_188' title='bbox 532 1542 620 1620; x_wconf 85' lang='lat' dir='ltr'>eujus</span> <span class='ocrx_word' id='word_1_189' title='bbox 639 1542 685 1601; x_wconf 89' lang='lat' dir='ltr'>vis</span> <span class='ocrx_word' id='word_1_190' title='bbox 704 1541 980 1619; x_wconf 77' lang='lat' dir='ltr'>argumentationis</span> <span class='ocrx_word' id='word_1_191' title='bbox 998 1558 1038 1601; x_wconf 80' lang='lat' dir='ltr'>eu</span> <span class='ocrx_word' id='word_1_192' title='bbox 1054 1542 1109 1602; x_wconf 87' lang='lat' dir='ltr'>Dei</span> <span class='ocrx_word' id='word_1_193' title='bbox 1163 1535 1274 1603; x_wconf 79' lang='lat' dir='ltr'>stantia</span> <span class='ocrx_word' id='word_1_194' title='bbox 1283 1560 1348 1603; x_wconf 91' lang='lat' dir='ltr'>una</span> <span class='ocrx_word' id='word_1_195' title='bbox 1358 1561 1423 1607; x_wconf 90' lang='lat' dir='ltr'>non</span> <span class='ocrx_word' id='word_1_196' title='bbox 1431 1549 1532 1623; x_wconf 86' lang='lat' dir='ltr'>potest</span> <span class='ocrx_word' id='word_1_197' title='bbox 1544 1548 1791 1608; x_wconf 86' lang='lat' dir='ltr'>essecommunis</span> <span class='ocrx_word' id='word_1_198' title='bbox 1799 1546 1925 1626; x_wconf 81' lang='lat' dir='ltr'>pluribus</span> 
     </span>
     <span class='ocr_line' id='line_1_18' title="bbox 335 1631 1926 1720; baseline -0.002 -17"><span class='ocrx_word' id='word_1_199' title='bbox 335 1639 537 1720; x_wconf 78' lang='lat' dir='ltr'>simplicitate,</span> <span class='ocrx_word' id='word_1_200' title='bbox 550 1637 588 1697; x_wconf 91' lang='lat' dir='ltr'>de</span> <span class='ocrx_word' id='word_1_201' title='bbox 597 1655 659 1715; x_wconf 75' lang='lat' dir='ltr'>cpia</span> <span class='ocrx_word' id='word_1_202' title='bbox 667 1639 782 1714; x_wconf 87' lang='lat' dir='ltr'>postea,</span> <span class='ocrx_word' id='word_1_203' title='bbox 794 1634 986 1699; x_wconf 86' lang='lat' dir='ltr'>corroborari</span> <span class='ocrx_word' id='word_1_204' title='bbox 997 1640 1107 1714; x_wconf 82' lang='lat' dir='ltr'>potest.</span> <span class='ocrx_word' id='word_1_205' title='bbox 1163 1631 1348 1708; x_wconf 77' lang='lat' dir='ltr'>substantiis,</span> <span class='ocrx_word' id='word_1_206' title='bbox 1365 1635 1481 1715; x_wconf 89' lang='lat' dir='ltr'>alioqui</span> <span class='ocrx_word' id='word_1_207' title='bbox 1492 1654 1556 1699; x_wconf 86' lang='lat' dir='ltr'>une</span> <span class='ocrx_word' id='word_1_208' title='bbox 1570 1638 1739 1718; x_wconf 75' lang='lat' dir='ltr'>mdemque</span> <span class='ocrx_word' id='word_1_209' title='bbox 1753 1646 1853 1703; x_wconf 87' lang='lat' dir='ltr'>assent</span> <span class='ocrx_word' id='word_1_210' title='bbox 1869 1640 1926 1720; x_wconf 81' lang='lat' dir='ltr'>plu</span> 
     </span>
     <span class='ocr_line' id='line_1_19' title="bbox 337 1727 1926 1810; baseline 0.001 -17"><span class='ocrx_word' id='word_1_211' title='bbox 337 1735 389 1797; x_wconf 90' lang='lat' dir='ltr'>Est</span> <span class='ocrx_word' id='word_1_212' title='bbox 408 1733 492 1795; x_wconf 90' lang='lat' dir='ltr'>enim</span> <span class='ocrx_word' id='word_1_213' title='bbox 513 1732 603 1805; x_wconf 88' lang='lat' dir='ltr'>Deus,</span> <span class='ocrx_word' id='word_1_214' title='bbox 622 1727 681 1788; x_wconf 91' lang='lat' dir='ltr'>hoc</span> <span class='ocrx_word' id='word_1_215' title='bbox 697 1732 742 1789; x_wconf 88' lang='grc' dir='ltr'>θεῖ</span> <span class='ocrx_word' id='word_1_216' title='bbox 758 1747 878 1793; x_wconf 86' lang='lat' dir='ltr'>summa</span> <span class='ocrx_word' id='word_1_217' title='bbox 896 1727 997 1789; x_wconf 79' lang='lat' dir='ltr'>boum</span> <span class='ocrx_word' id='word_1_218' title='bbox 1011 1732 1043 1788; x_wconf 90' lang='grc' dir='ltr'>θῖ</span> <span class='ocrx_word' id='word_1_219' title='bbox 1057 1747 1111 1809; x_wconf 81' lang='lat' dir='ltr'>po</span> <span class='ocrx_word' id='word_1_220' title='bbox 1163 1727 1561 1808; x_wconf 76' lang='lat' dir='ltr'>resstplurasunstquod</span> <span class='ocrx_word' id='word_1_221' title='bbox 1572 1750 1667 1810; x_wconf 90' lang='lat' dir='ltr'>quam</span> <span class='ocrx_word' id='word_1_222' title='bbox 1676 1732 1789 1795; x_wconf 81' lang='lat' dir='ltr'>laisum</span> <span class='ocrx_word' id='word_1_223' title='bbox 1811 1734 1848 1795; x_wconf 88' lang='lat' dir='ltr'>sit</span> <span class='ocrx_word' id='word_1_224' title='bbox 1859 1734 1926 1797; x_wconf 90' lang='lat' dir='ltr'>ratio</span> 
     </span>
     <span class='ocr_line' id='line_1_20' title="bbox 337 1817 1992 1903; baseline 0.001 -12"><span class='ocrx_word' id='word_1_225' title='bbox 337 1833 414 1903; x_wconf 88' lang='lat' dir='ltr'>tens,</span> <span class='ocrx_word' id='word_1_226' title='bbox 439 1843 559 1889; x_wconf 87' lang='lat' dir='ltr'>summa</span> <span class='ocrx_word' id='word_1_227' title='bbox 572 1823 638 1902; x_wconf 91' lang='lat' dir='ltr'>ipsa</span> <span class='ocrx_word' id='word_1_228' title='bbox 656 1822 777 1882; x_wconf 88' lang='lat' dir='ltr'>bonitas</span> <span class='ocrx_word' id='word_1_229' title='bbox 799 1828 829 1882; x_wconf 88' lang='lat' dir='ltr'>et</span> <span class='ocrx_word' id='word_1_230' title='bbox 849 1822 988 1902; x_wconf 88' lang='lat' dir='ltr'>potantia</span> <span class='ocrx_word' id='word_1_231' title='bbox 1008 1841 1028 1882; x_wconf 90' lang='lat' dir='ltr'>a</span> <span class='ocrx_word' id='word_1_232' title='bbox 1048 1841 1111 1901; x_wconf 92' lang='lat' dir='ltr'>qua</span> <span class='ocrx_word' id='word_1_233' title='bbox 1164 1817 1334 1883; x_wconf 84' lang='lat' dir='ltr'>lateranen</span> <span class='ocrx_word' id='word_1_234' title='bbox 1346 1821 1428 1887; x_wconf 79' lang='lat' dir='ltr'>anit.</span> <span class='ocrx_word' id='word_1_235' title='bbox 1442 1822 1474 1887; x_wconf 84' lang='lat' dir='ltr'>Si</span> <span class='ocrx_word' id='word_1_236' title='bbox 1485 1841 1558 1887; x_wconf 81' lang='lat' dir='ltr'>varo</span> <span class='ocrx_word' id='word_1_237' title='bbox 1569 1824 1755 1888; x_wconf 81' lang='lat' dir='ltr'>dicitrnssse</span> <span class='ocrx_word' id='word_1_238' title='bbox 1767 1828 1926 1891; x_wconf 87' lang='lat' dir='ltr'>eommunis</span> <span class='ocrx_word' id='word_1_239' title='bbox 1991 1860 1992 1893; x_wconf 78' lang='lat'>1</span> 
     </span>
     <span class='ocr_line' id='line_1_21' title="bbox 336 1911 1926 1998; baseline 0 -15"><span class='ocrx_word' id='word_1_240' title='bbox 336 1915 940 1983; x_wconf 82' lang='lat' dir='ltr'>denominattu.Ats11mmabouitaset</span> <span class='ocrx_word' id='word_1_241' title='bbox 961 1916 1108 1995; x_wconf 89' lang='lat' dir='ltr'>potentia,</span> <span class='ocrx_word' id='word_1_242' title='bbox 1164 1911 1305 1991; x_wconf 85' lang='lat' dir='ltr'>pluribus</span> <span class='ocrx_word' id='word_1_243' title='bbox 1325 1916 1472 1994; x_wconf 88' lang='lat' dir='ltr'>personis,</span> <span class='ocrx_word' id='word_1_244' title='bbox 1497 1917 1556 1981; x_wconf 84' lang='lat' dir='ltr'>erit</span> <span class='ocrx_word' id='word_1_245' title='bbox 1575 1918 1618 1979; x_wconf 87' lang='lat' dir='ltr'>eis</span> <span class='ocrx_word' id='word_1_246' title='bbox 1637 1918 1742 1998; x_wconf 89' lang='lat' dir='ltr'>itaqua</span> <span class='ocrx_word' id='word_1_247' title='bbox 1767 1921 1926 1983; x_wconf 87' lang='lat' dir='ltr'>communis</span> 
     </span>
     <span class='ocr_line' id='line_1_22' title="bbox 335 2006 1992 2092; baseline -0.002 -17"><span class='ocrx_word' id='word_1_248' title='bbox 335 2030 494 2077; x_wconf 88' lang='lat' dir='ltr'>summum</span> <span class='ocrx_word' id='word_1_249' title='bbox 511 2013 587 2073; x_wconf 82' lang='lat' dir='ltr'>item</span> <span class='ocrx_word' id='word_1_250' title='bbox 607 2029 681 2087; x_wconf 88' lang='lat' dir='ltr'>esse,</span> <span class='ocrx_word' id='word_1_251' title='bbox 701 2010 826 2071; x_wconf 89' lang='lat' dir='ltr'>nonnisi</span> <span class='ocrx_word' id='word_1_252' title='bbox 845 2015 992 2073; x_wconf 82' lang='lat' dir='ltr'>unumst</span> <span class='ocrx_word' id='word_1_253' title='bbox 1009 2011 1112 2089; x_wconf 89' lang='lat' dir='ltr'>singu-</span> <span class='ocrx_word' id='word_1_254' title='bbox 1165 2006 1730 2089; x_wconf 80' lang='lat' dir='ltr'>etsubstantiaillaqusononestaliud</span> <span class='ocrx_word' id='word_1_255' title='bbox 1748 2032 1842 2092; x_wconf 89' lang='lat' dir='ltr'>quam</span> <span class='ocrx_word' id='word_1_256' title='bbox 1859 2014 1926 2074; x_wconf 87' lang='lat' dir='ltr'>diri-</span> <span class='ocrx_word' id='word_1_257' title='bbox 1991 2056 1992 2071; x_wconf 39' lang='lat'>1</span> 
     </span>
     <span class='ocr_line' id='line_1_23' title="bbox 337 2090 1992 2185; baseline 0.003 -18"><span class='ocrx_word' id='word_1_258' title='bbox 337 2108 401 2171; x_wconf 89' lang='lat' dir='ltr'>lare</span> <span class='ocrx_word' id='word_1_259' title='bbox 418 2124 482 2167; x_wconf 88' lang='lat' dir='ltr'>asse</span> <span class='ocrx_word' id='word_1_260' title='bbox 497 2110 606 2185; x_wconf 90' lang='lat' dir='ltr'>potest,</span> <span class='ocrx_word' id='word_1_261' title='bbox 624 2104 707 2184; x_wconf 89' lang='lat' dir='ltr'>quia,</span> <span class='ocrx_word' id='word_1_262' title='bbox 724 2108 761 2165; x_wconf 90' lang='lat' dir='ltr'>ut</span> <span class='ocrx_word' id='word_1_263' title='bbox 779 2122 873 2183; x_wconf 90' lang='lat' dir='ltr'>supra</span> <span class='ocrx_word' id='word_1_264' title='bbox 892 2103 1108 2179; x_wconf 87' lang='lat' dir='ltr'>demonstravi,</span> <span class='ocrx_word' id='word_1_265' title='bbox 1165 2101 1244 2163; x_wconf 86' lang='lat' dir='ltr'>nitas</span> <span class='ocrx_word' id='word_1_266' title='bbox 1254 2102 1330 2182; x_wconf 88' lang='lat' dir='ltr'>ipsa.</span> <span class='ocrx_word' id='word_1_267' title='bbox 1339 2104 1432 2167; x_wconf 79' lang='lat' dir='ltr'>Juxta</span> <span class='ocrx_word' id='word_1_268' title='bbox 1442 2104 1503 2165; x_wconf 90' lang='lat' dir='ltr'>boc</span> <span class='ocrx_word' id='word_1_269' title='bbox 1512 2105 1616 2184; x_wconf 86' lang='lat' dir='ltr'>itaque</span> <span class='ocrx_word' id='word_1_270' title='bbox 1628 2109 1763 2169; x_wconf 89' lang='lat' dir='ltr'>eruntin</span> <span class='ocrx_word' id='word_1_271' title='bbox 1783 2109 1926 2171; x_wconf 72' lang='lat' dir='ltr'>dianus</span> <span class='ocrx_word' id='word_1_272' title='bbox 1991 2090 1992 2147; x_wconf 59' lang='lat'>3</span> 
     </span>
     <span class='ocr_line' id='line_1_24' title="bbox 338 2196 1992 2278; baseline 0.004 -18"><span class='ocrx_word' id='word_1_273' title='bbox 338 2198 426 2261; x_wconf 90' lang='lat' dir='ltr'>nulla</span> <span class='ocrx_word' id='word_1_274' title='bbox 450 2198 607 2259; x_wconf 85' lang='lat' dir='ltr'>inuenitur</span> <span class='ocrx_word' id='word_1_275' title='bbox 633 2196 813 2270; x_wconf 84' lang='lat' dir='ltr'>differentia,</span> <span class='ocrx_word' id='word_1_276' title='bbox 848 2214 910 2275; x_wconf 90' lang='lat' dir='ltr'>qua</span> <span class='ocrx_word' id='word_1_277' title='bbox 940 2214 1108 2271; x_wconf 88' lang='lat' dir='ltr'>summum,</span> <span class='ocrx_word' id='word_1_278' title='bbox 1165 2196 1925 2278; x_wconf 67' lang='lat' dir='ltr'>anaplurespcrsoaescdnonnisiunasuhacntia</span> <span class='ocrx_word' id='word_1_279' title='bbox 1991 2206 1992 2255; x_wconf 77' lang='grc' dir='ltr'>ἒ</span> 
     </span>
     <span class='ocr_line' id='line_1_25' title="bbox 339 2289 1926 2373; baseline 0.002 -19"><span class='ocrx_word' id='word_1_280' title='bbox 339 2293 472 2373; x_wconf 81' lang='lat' dir='ltr'>exempli</span> <span class='ocrx_word' id='word_1_281' title='bbox 484 2311 584 2367; x_wconf 85' lang='lat' dir='ltr'>causa,</span> <span class='ocrx_word' id='word_1_282' title='bbox 602 2310 664 2352; x_wconf 83' lang='lat' dir='ltr'>esse</span> <span class='ocrx_word' id='word_1_283' title='bbox 677 2308 828 2353; x_wconf 87' lang='lat' dir='ltr'>asumma</span> <span class='ocrx_word' id='word_1_284' title='bbox 840 2307 903 2350; x_wconf 89' lang='lat' dir='ltr'>esse</span> <span class='ocrx_word' id='word_1_285' title='bbox 919 2289 1049 2351; x_wconf 84' lang='lat' dir='ltr'>differat.</span> <span class='ocrx_word' id='word_1_286' title='bbox 1204 2289 1289 2352; x_wconf 85' lang='lat' dir='ltr'>idam</span> <span class='ocrx_word' id='word_1_287' title='bbox 1312 2296 1343 2353; x_wconf 89' lang='lat' dir='ltr'>at</span> <span class='ocrx_word' id='word_1_288' title='bbox 1367 2290 1551 2354; x_wconf 71' lang='lat' dir='ltr'>mibiunum</span> <span class='ocrx_word' id='word_1_289' title='bbox 1574 2312 1637 2354; x_wconf 87' lang='lat' dir='ltr'>esse</span> <span class='ocrx_word' id='word_1_290' title='bbox 1652 2295 1753 2355; x_wconf 87' lang='lat' dir='ltr'>Deum</span> <span class='ocrx_word' id='word_1_291' title='bbox 1764 2296 1926 2357; x_wconf 71' lang='lat' dir='ltr'>adsumes</span> 
     </span>
     <span class='ocr_line' id='line_1_26' title="bbox 1166 2382 1992 2466; baseline 0.002 -21"><span class='ocrx_word' id='word_1_292' title='bbox 1166 2382 1231 2460; x_wconf 80' lang='lat' dir='ltr'>ejus</span> <span class='ocrx_word' id='word_1_293' title='bbox 1241 2384 1457 2447; x_wconf 72' lang='lat' dir='ltr'>immansimtc.</span> <span class='ocrx_word' id='word_1_294' title='bbox 1474 2387 1620 2466; x_wconf 83' lang='lat' dir='ltr'>uQuippe</span> <span class='ocrx_word' id='word_1_295' title='bbox 1631 2387 1820 2449; x_wconf 91' lang='lat' dir='ltr'>immensum</span> <span class='ocrx_word' id='word_1_296' title='bbox 1831 2389 1927 2449; x_wconf 85' lang='lat' dir='ltr'>dicitur</span> <span class='ocrx_word' id='word_1_297' title='bbox 1991 2432 1992 2447; x_wconf 55' lang='lat'>2</span> 
     </span>
     <span class='ocr_line' id='line_1_27' title="bbox 1166 2476 1992 2562; baseline 0.005 -23"><span class='ocrx_word' id='word_1_298' title='bbox 1166 2476 1250 2556; x_wconf 84' lang='lat' dir='ltr'>quod</span> <span class='ocrx_word' id='word_1_299' title='bbox 1263 2477 1352 2541; x_wconf 87' lang='lat' dir='ltr'>nulla</span> <span class='ocrx_word' id='word_1_300' title='bbox 1365 2496 1510 2541; x_wconf 88' lang='lat' dir='ltr'>mensure</span> <span class='ocrx_word' id='word_1_301' title='bbox 1525 2480 1797 2561; x_wconf 77' lang='lat' dir='ltr'>comprehenditur</span> <span class='ocrx_word' id='word_1_302' title='bbox 1816 2488 1847 2543; x_wconf 90' lang='lat' dir='ltr'>et</span> <span class='ocrx_word' id='word_1_303' title='bbox 1856 2483 1927 2562; x_wconf 90' lang='lat' dir='ltr'>quod</span> <span class='ocrx_word' id='word_1_304' title='bbox 1991 2540 1992 2543; x_wconf 74' lang='grc'><strong>,</strong></span> 
     </span>
     <span class='ocr_line' id='line_1_28' title="bbox 1166 2569 1992 2655; baseline 0.005 -24"><span class='ocrx_word' id='word_1_305' title='bbox 1166 2569 1246 2635; x_wconf 88' lang='lat' dir='ltr'>nulli</span> <span class='ocrx_word' id='word_1_306' title='bbox 1266 2589 1418 2635; x_wconf 77' lang='lat' dir='ltr'>mansuras</span> <span class='ocrx_word' id='word_1_307' title='bbox 1432 2572 1549 2652; x_wconf 77' lang='lat' dir='ltr'>equale</span> <span class='ocrx_word' id='word_1_308' title='bbox 1564 2572 1615 2633; x_wconf 84' lang='lat' dir='ltr'>vel</span> <span class='ocrx_word' id='word_1_309' title='bbox 1629 2575 1837 2654; x_wconf 80' lang='lat' dir='ltr'>comparabile</span> <span class='ocrx_word' id='word_1_310' title='bbox 1853 2576 1928 2636; x_wconf 82' lang='lat' dir='ltr'>inre·</span> <span class='ocrx_word' id='word_1_311' title='bbox 1991 2590 1992 2655; x_wconf 75' lang='lat' dir='ltr'>j</span> 
     </span>
     <span class='ocr_line' id='line_1_29' title="bbox 1167 2666 1992 2746; baseline 0 -21"><span class='ocrx_word' id='word_1_312' title='bbox 1167 2666 1262 2729; x_wconf 89' lang='lat' dir='ltr'>nitur.</span> <span class='ocrx_word' id='word_1_313' title='bbox 1280 2666 1312 2726; x_wconf 86' lang='lat' dir='ltr'>Si</span> <span class='ocrx_word' id='word_1_314' title='bbox 1329 2684 1403 2745; x_wconf 89' lang='lat' dir='ltr'>ergo</span> <span class='ocrx_word' id='word_1_315' title='bbox 1421 2666 1525 2746; x_wconf 89' lang='lat' dir='ltr'>plures</span> <span class='ocrx_word' id='word_1_316' title='bbox 1544 2667 1675 2729; x_wconf 88' lang='lat' dir='ltr'>dicimus</span> <span class='ocrx_word' id='word_1_317' title='bbox 1690 2670 1928 2745; x_wconf 67' lang='lat' dir='ltr'>immenasas</span> <span class='ocrx_word' id='word_1_318' title='bbox 1991 2718 1992 2725; x_wconf 71' lang='grc'><strong>,</strong></span> 
     </span>
     <span class='ocr_line' id='line_1_30' title="bbox 1167 2758 1992 2845; baseline 0.002 -26"><span class='ocrx_word' id='word_1_319' title='bbox 1167 2758 1296 2837; x_wconf 86' lang='lat' dir='ltr'>quilibet</span> <span class='ocrx_word' id='word_1_320' title='bbox 1314 2778 1422 2821; x_wconf 89' lang='lat' dir='ltr'>corum</span> <span class='ocrx_word' id='word_1_321' title='bbox 1436 2759 1561 2822; x_wconf 89' lang='lat' dir='ltr'>cuilibet</span> <span class='ocrx_word' id='word_1_322' title='bbox 1576 2761 1664 2823; x_wconf 84' lang='lat' dir='ltr'>alteri</span> <span class='ocrx_word' id='word_1_323' title='bbox 1678 2763 1928 2845; x_wconf 84' lang='lat' dir='ltr'>incomprehensi·</span> <span class='ocrx_word' id='word_1_324' title='bbox 1991 2776 1992 2821; x_wconf 79' lang='lat'>1</span> 
     </span>
    </p>
   </div>
   <div class='ocr_carea' id='block_1_7' title="bbox 336 2569 1113 2837">
    <p class='ocr_par' dir='ltr' id='par_1_7' title="bbox 336 2569 1113 2837">
     <span class='ocr_line' id='line_1_31' title="bbox 337 2569 1113 2655; baseline -0.004 -21"><span class='ocrx_word' id='word_1_325' title='bbox 337 2573 415 2655; x_wconf 84' lang='lat' dir='ltr'>quod</span> <span class='ocrx_word' id='word_1_326' title='bbox 428 2581 482 2649; x_wconf 87' lang='lat' dir='ltr'>cst,</span> <span class='ocrx_word' id='word_1_327' title='bbox 507 2572 640 2633; x_wconf 83' lang='lat' dir='ltr'>maxime</span> <span class='ocrx_word' id='word_1_328' title='bbox 652 2570 814 2650; x_wconf 87' lang='lat' dir='ltr'>proprium</span> <span class='ocrx_word' id='word_1_329' title='bbox 829 2569 994 2631; x_wconf 75' lang='lat' dir='ltr'>diunitatis</span> <span class='ocrx_word' id='word_1_330' title='bbox 1009 2576 1063 2646; x_wconf 91' lang='grc' dir='ltr'><strong>θεῖ,</strong></span> <span class='ocrx_word' id='word_1_331' title='bbox 1077 2576 1113 2631; x_wconf 90' lang='lat' dir='ltr'>ut</span> 
     </span>
     <span class='ocr_line' id='line_1_32' title="bbox 336 2662 1110 2745; baseline -0.004 -17"><span class='ocrx_word' id='word_1_332' title='bbox 336 2667 397 2728; x_wconf 89' lang='lat' dir='ltr'>aiio</span> <span class='ocrx_word' id='word_1_333' title='bbox 418 2666 486 2727; x_wconf 89' lang='lat' dir='ltr'>loco</span> <span class='ocrx_word' id='word_1_334' title='bbox 512 2663 597 2745; x_wconf 83' lang='lat' dir='ltr'>dixi),</span> <span class='ocrx_word' id='word_1_335' title='bbox 612 2664 771 2725; x_wconf 86' lang='lat' dir='ltr'>existentia</span> <span class='ocrx_word' id='word_1_336' title='bbox 794 2682 867 2724; x_wconf 82' lang='lat' dir='ltr'>vcro</span> <span class='ocrx_word' id='word_1_337' title='bbox 890 2662 1110 2742; x_wconf 72' lang='lat' dir='ltr'>singularissit</span> 
     </span>
     <span class='ocr_line' id='line_1_33' title="bbox 337 2757 1113 2837; baseline -0.005 -15"><span class='ocrx_word' id='word_1_338' title='bbox 337 2760 377 2822; x_wconf 90' lang='lat' dir='ltr'>ad</span> <span class='ocrx_word' id='word_1_339' title='bbox 388 2759 549 2821; x_wconf 73' lang='lat' dir='ltr'>assandam</span> <span class='ocrx_word' id='word_1_340' title='bbox 568 2757 624 2818; x_wconf 88' lang='lat' dir='ltr'>Dei</span> <span class='ocrx_word' id='word_1_341' title='bbox 639 2757 833 2837; x_wconf 80' lang='lat' dir='ltr'>singrdaritas</span> <span class='ocrx_word' id='word_1_342' title='bbox 851 2757 1026 2836; x_wconf 87' lang='lat' dir='ltr'>pertinebit.</span> <span class='ocrx_word' id='word_1_343' title='bbox 1044 2760 1113 2819; x_wconf 92' lang='lat' dir='ltr'>Non</span> 
     </span>
    </p>
   </div>
   <div class='ocr_carea' id='block_1_8' title="bbox 333 2850 1114 4337">
    <p class='ocr_par' dir='ltr' id='par_1_8' title="bbox 333 2850 1114 4337">
     <span class='ocr_line' id='line_1_34' title="bbox 337 2850 1114 2934; baseline -0.003 -20"><span class='ocrx_word' id='word_1_344' title='bbox 337 2855 431 2934; x_wconf 91' lang='lat' dir='ltr'>igitur</span> <span class='ocrx_word' id='word_1_345' title='bbox 440 2853 543 2934; x_wconf 91' lang='lat' dir='ltr'>plures</span> <span class='ocrx_word' id='word_1_346' title='bbox 552 2870 615 2913; x_wconf 87' lang='lat' dir='ltr'>essa</span> <span class='ocrx_word' id='word_1_347' title='bbox 625 2852 830 2932; x_wconf 79' lang='lat' dir='ltr'>diipoterrmt,</span> <span class='ocrx_word' id='word_1_348' title='bbox 840 2851 914 2929; x_wconf 91' lang='lat' dir='ltr'>quia</span> <span class='ocrx_word' id='word_1_349' title='bbox 923 2850 963 2912; x_wconf 89' lang='lat' dir='ltr'>ad</span> <span class='ocrx_word' id='word_1_350' title='bbox 972 2850 1114 2912; x_wconf 90' lang='lat' dir='ltr'>omnium</span> 
     </span>
     <span class='ocr_line' id='line_1_35' title="bbox 336 2945 1114 3025; baseline -0.005 -16"><span class='ocrx_word' id='word_1_351' title='bbox 336 2948 499 3009; x_wconf 81' lang='lat' dir='ltr'>essemiam</span> <span class='ocrx_word' id='word_1_352' title='bbox 519 2945 713 3025; x_wconf 84' lang='lat' dir='ltr'>singularitas</span> <span class='ocrx_word' id='word_1_353' title='bbox 733 2949 892 3024; x_wconf 88' lang='lat' dir='ltr'>spectaret,</span> <span class='ocrx_word' id='word_1_354' title='bbox 910 2945 994 3024; x_wconf 88' lang='lat' dir='ltr'>quod</span> <span class='ocrx_word' id='word_1_355' title='bbox 1008 2951 1114 3007; x_wconf 75' lang='lat' dir='ltr'>mmcn</span> 
     </span>
     <span class='ocr_line' id='line_1_36' title="bbox 337 3038 1114 3120; baseline 0 -20"><span class='ocrx_word' id='word_1_356' title='bbox 337 3040 404 3101; x_wconf 87' lang='lat' dir='ltr'>ficri</span> <span class='ocrx_word' id='word_1_357' title='bbox 416 3060 480 3101; x_wconf 90' lang='lat' dir='ltr'>nou</span> <span class='ocrx_word' id='word_1_358' title='bbox 492 3045 601 3120; x_wconf 89' lang='lat' dir='ltr'>potest,</span> <span class='ocrx_word' id='word_1_359' title='bbox 609 3039 640 3099; x_wconf 88' lang='lat' dir='ltr'>si</span> <span class='ocrx_word' id='word_1_360' title='bbox 652 3038 760 3100; x_wconf 87' lang='lat' dir='ltr'>eadem</span> <span class='ocrx_word' id='word_1_361' title='bbox 773 3039 851 3099; x_wconf 92' lang='lat' dir='ltr'>ratio</span> <span class='ocrx_word' id='word_1_362' title='bbox 863 3043 894 3098; x_wconf 90' lang='lat' dir='ltr'>at</span> <span class='ocrx_word' id='word_1_363' title='bbox 910 3044 1021 3099; x_wconf 88' lang='lat' dir='ltr'>natura</span> <span class='ocrx_word' id='word_1_364' title='bbox 1033 3056 1114 3100; x_wconf 92' lang='lat' dir='ltr'>com-</span> 
     </span>
     <span class='ocr_line' id='line_1_37' title="bbox 339 3131 1113 3212; baseline -0.008 -15"><span class='ocrx_word' id='word_1_365' title='bbox 339 3136 443 3198; x_wconf 90' lang='lat' dir='ltr'>munis</span> <span class='ocrx_word' id='word_1_366' title='bbox 461 3140 506 3195; x_wconf 86' lang='lat' dir='ltr'>est</span> <span class='ocrx_word' id='word_1_367' title='bbox 525 3133 641 3195; x_wconf 89' lang='lat' dir='ltr'>multis.</span> <span class='ocrx_word' id='word_1_368' title='bbox 659 3134 738 3194; x_wconf 89' lang='lat' dir='ltr'>Nam</span> <span class='ocrx_word' id='word_1_369' title='bbox 754 3132 909 3212; x_wconf 85' lang='lat' dir='ltr'>singulare</span> <span class='ocrx_word' id='word_1_370' title='bbox 926 3132 1013 3192; x_wconf 88' lang='lat' dir='ltr'>estid</span> <span class='ocrx_word' id='word_1_371' title='bbox 1029 3131 1113 3210; x_wconf 91' lang='lat' dir='ltr'>quod</span> 
     </span>
     <span class='ocr_line' id='line_1_38' title="bbox 337 3224 1114 3303; baseline -0.004 -15"><span class='ocrx_word' id='word_1_372' title='bbox 337 3246 402 3288; x_wconf 90' lang='lat' dir='ltr'>uon</span> <span class='ocrx_word' id='word_1_373' title='bbox 414 3227 520 3288; x_wconf 92' lang='lat' dir='ltr'>multis</span> <span class='ocrx_word' id='word_1_374' title='bbox 529 3226 683 3286; x_wconf 80' lang='lat' dir='ltr'>conuenit.</span> <span class='ocrx_word' id='word_1_375' title='bbox 696 3225 827 3285; x_wconf 88' lang='lat' dir='ltr'>Proinde</span> <span class='ocrx_word' id='word_1_376' title='bbox 836 3224 1006 3303; x_wconf 80' lang='lat' dir='ltr'>singulares</span> <span class='ocrx_word' id='word_1_377' title='bbox 1015 3230 1114 3285; x_wconf 71' lang='lat' dir='ltr'>emant</span> 
     </span>
     <span class='ocr_line' id='line_1_39' title="bbox 337 3318 1110 3397; baseline -0.005 -16"><span class='ocrx_word' id='word_1_378' title='bbox 337 3327 368 3381; x_wconf 89' lang='lat' dir='ltr'>et</span> <span class='ocrx_word' id='word_1_379' title='bbox 387 3339 452 3381; x_wconf 92' lang='lat' dir='ltr'>uon</span> <span class='ocrx_word' id='word_1_380' title='bbox 472 3325 570 3380; x_wconf 89' lang='lat' dir='ltr'>essent</span> <span class='ocrx_word' id='word_1_381' title='bbox 592 3318 635 3381; x_wconf 89' lang='lat' dir='ltr'>dii</span> <span class='ocrx_word' id='word_1_382' title='bbox 657 3318 717 3379; x_wconf 86' lang='lat' dir='ltr'>isti.</span> <span class='ocrx_word' id='word_1_383' title='bbox 740 3320 809 3378; x_wconf 91' lang='lat' dir='ltr'>Non</span> <span class='ocrx_word' id='word_1_384' title='bbox 832 3323 932 3379; x_wconf 90' lang='lat' dir='ltr'>essent</span> <span class='ocrx_word' id='word_1_385' title='bbox 944 3318 1041 3397; x_wconf 88' lang='lat' dir='ltr'>igitur</span> <span class='ocrx_word' id='word_1_386' title='bbox 1057 3318 1110 3394; x_wconf 87' lang='lat' dir='ltr'>dii,</span> 
     </span>
     <span class='ocr_line' id='line_1_40' title="bbox 336 3410 1114 3476; baseline -0.005 -1"><span class='ocrx_word' id='word_1_387' title='bbox 336 3414 433 3475; x_wconf 90' lang='lat' dir='ltr'>immo</span> <span class='ocrx_word' id='word_1_388' title='bbox 446 3412 525 3476; x_wconf 78' lang='lat' dir='ltr'>nhil</span> <span class='ocrx_word' id='word_1_389' title='bbox 539 3416 639 3473; x_wconf 89' lang='lat' dir='ltr'>essent</span> <span class='ocrx_word' id='word_1_390' title='bbox 650 3417 681 3471; x_wconf 91' lang='lat' dir='ltr'>at</span> <span class='ocrx_word' id='word_1_391' title='bbox 691 3429 757 3472; x_wconf 89' lang='lat' dir='ltr'>uon</span> <span class='ocrx_word' id='word_1_392' title='bbox 769 3416 868 3472; x_wconf 87' lang='lat' dir='ltr'>essent</span> <span class='ocrx_word' id='word_1_393' title='bbox 880 3410 1020 3471; x_wconf 74' lang='lat' dir='ltr'>omniuo,</span> <span class='ocrx_word' id='word_1_394' title='bbox 1033 3413 1114 3471; x_wconf 90' lang='lat' dir='ltr'>Deus</span> 
     </span>
     <span class='ocr_line' id='line_1_41' title="bbox 336 3503 1114 3587; baseline -0.004 -20"><span class='ocrx_word' id='word_1_395' title='bbox 336 3507 441 3587; x_wconf 87' lang='lat' dir='ltr'>igitur,</span> <span class='ocrx_word' id='word_1_396' title='bbox 453 3503 507 3566; x_wconf 91' lang='lat' dir='ltr'>utl</span> <span class='ocrx_word' id='word_1_397' title='bbox 519 3506 661 3569; x_wconf 84' lang='lat' dir='ltr'>ltuffinus</span> <span class='ocrx_word' id='word_1_398' title='bbox 669 3506 721 3580; x_wconf 82' lang='lat' dir='ltr'>ait,</span> <span class='ocrx_word' id='word_1_399' title='bbox 743 3504 1037 3578; x_wconf 68' lang='lat' dir='ltr'>«nonnemo-used</span> <span class='ocrx_word' id='word_1_400' title='bbox 1047 3505 1114 3565; x_wconf 78' lang='lat' dir='ltr'>runi·</span> 
     </span>
     <span class='ocr_line' id='line_1_42' title="bbox 333 3598 1114 3675; baseline -0.004 -14"><span class='ocrx_word' id='word_1_401' title='bbox 333 3601 475 3661; x_wconf 82' lang='lat' dir='ltr'>versitate</span> <span class='ocrx_word' id='word_1_402' title='bbox 481 3598 1114 3675; x_wconf 85' lang='lat' dir='ltr'>unusest,hocestnonutunushomodioi·</span> 
     </span>
     <span class='ocr_line' id='line_1_43' title="bbox 333 3692 1114 3775; baseline -0.004 -19"><span class='ocrx_word' id='word_1_403' title='bbox 333 3694 583 3775; x_wconf 88' lang='lat' dir='ltr'>tur,quiaplures</span> <span class='ocrx_word' id='word_1_404' title='bbox 592 3711 655 3755; x_wconf 87' lang='lat' dir='ltr'>csse</span> <span class='ocrx_word' id='word_1_405' title='bbox 664 3698 802 3773; x_wconf 88' lang='lat' dir='ltr'>possunt,</span> <span class='ocrx_word' id='word_1_406' title='bbox 809 3693 861 3753; x_wconf 91' lang='lat' dir='ltr'>sed</span> <span class='ocrx_word' id='word_1_407' title='bbox 870 3699 905 3753; x_wconf 92' lang='lat' dir='ltr'>ut</span> <span class='ocrx_word' id='word_1_408' title='bbox 914 3692 1025 3752; x_wconf 90' lang='lat' dir='ltr'>dicitur</span> <span class='ocrx_word' id='word_1_409' title='bbox 1033 3711 1114 3753; x_wconf 79' lang='lat' dir='ltr'>unrts</span> 
     </span>
     <span class='ocr_line' id='line_1_44' title="bbox 335 3787 1110 3869; baseline -0.004 -19"><span class='ocrx_word' id='word_1_410' title='bbox 335 3787 472 3869; x_wconf 89' lang='lat' dir='ltr'>sol,quia</span> <span class='ocrx_word' id='word_1_411' title='bbox 483 3788 587 3868; x_wconf 90' lang='lat' dir='ltr'>plures</span> <span class='ocrx_word' id='word_1_412' title='bbox 598 3806 660 3849; x_wconf 84' lang='lat' dir='ltr'>esse</span> <span class='ocrx_word' id='word_1_413' title='bbox 671 3793 891 3866; x_wconf 64' lang='lat' dir='ltr'>nequeunti.»</span> <span class='ocrx_word' id='word_1_414' title='bbox 911 3787 1009 3846; x_wconf 87' lang='lat' dir='ltr'>Immo</span> <span class='ocrx_word' id='word_1_415' title='bbox 1027 3804 1110 3863; x_wconf 86' lang='lat' dir='ltr'>varo,</span> 
     </span>
     <span class='ocr_line' id='line_1_45' title="bbox 335 3878 1111 3962; baseline -0.005 -19"><span class='ocrx_word' id='word_1_416' title='bbox 335 3883 408 3962; x_wconf 91' lang='lat' dir='ltr'>quia</span> <span class='ocrx_word' id='word_1_417' title='bbox 427 3882 483 3943; x_wconf 90' lang='lat' dir='ltr'>atsi</span> <span class='ocrx_word' id='word_1_418' title='bbox 492 3880 597 3961; x_wconf 92' lang='lat' dir='ltr'>plures</span> <span class='ocrx_word' id='word_1_419' title='bbox 610 3886 727 3942; x_wconf 78' lang='lat' dir='ltr'>natura</span> <span class='ocrx_word' id='word_1_420' title='bbox 737 3880 768 3940; x_wconf 89' lang='lat' dir='ltr'>vi</span> <span class='ocrx_word' id='word_1_421' title='bbox 779 3898 842 3941; x_wconf 92' lang='lat' dir='ltr'>esse</span> <span class='ocrx_word' id='word_1_422' title='bbox 853 3878 931 3940; x_wconf 88' lang='lat' dir='ltr'>soles</span> <span class='ocrx_word' id='word_1_423' title='bbox 941 3885 1111 3958; x_wconf 90' lang='lat' dir='ltr'>nequeunt,</span> 
     </span>
     <span class='ocr_line' id='line_1_46' title="bbox 336 3973 1113 4057; baseline -0.008 -21"><span class='ocrx_word' id='word_1_424' title='bbox 336 3975 440 4057; x_wconf 89' lang='lat' dir='ltr'>plures</span> <span class='ocrx_word' id='word_1_425' title='bbox 455 3983 560 4038; x_wconf 87' lang='lat' dir='ltr'>temen</span> <span class='ocrx_word' id='word_1_426' title='bbox 578 3974 705 4054; x_wconf 84' lang='lat' dir='ltr'>eogitari</span> <span class='ocrx_word' id='word_1_427' title='bbox 717 3980 747 4035; x_wconf 93' lang='grc' dir='ltr'>θῖ</span> <span class='ocrx_word' id='word_1_428' title='bbox 758 3973 797 4034; x_wconf 92' lang='lat' dir='ltr'>ab</span> <span class='ocrx_word' id='word_1_429' title='bbox 818 3973 1029 4052; x_wconf 85' lang='lat' dir='ltr'>omnipotente</span> <span class='ocrx_word' id='word_1_430' title='bbox 1050 3973 1113 4032; x_wconf 87' lang='lat' dir='ltr'>Deo</span> 
     </span>
     <span class='ocr_line' id='line_1_47' title="bbox 336 4065 1110 4152; baseline -0.009 -20"><span class='ocrx_word' id='word_1_431' title='bbox 336 4071 490 4152; x_wconf 86' lang='lat' dir='ltr'>procreari</span> <span class='ocrx_word' id='word_1_432' title='bbox 499 4073 636 4150; x_wconf 78' lang='lat' dir='ltr'>possunt,</span> <span class='ocrx_word' id='word_1_433' title='bbox 648 4065 748 4128; x_wconf 92' lang='lat' dir='ltr'>multo</span> <span class='ocrx_word' id='word_1_434' title='bbox 758 4065 856 4145; x_wconf 90' lang='lat' dir='ltr'>magis</span> <span class='ocrx_word' id='word_1_435' title='bbox 864 4083 946 4126; x_wconf 90' lang='lat' dir='ltr'>unu</span> <span class='ocrx_word' id='word_1_436' title='bbox 957 4066 1037 4125; x_wconf 90' lang='lat' dir='ltr'>Deus</span> <span class='ocrx_word' id='word_1_437' title='bbox 1055 4071 1110 4141; x_wconf 90' lang='grc' dir='ltr'><strong>θεῖ,</strong></span> 
     </span>
     <span class='ocr_line' id='line_1_48' title="bbox 337 4157 1114 4244; baseline -0.01 -19"><span class='ocrx_word' id='word_1_438' title='bbox 337 4181 431 4244; x_wconf 90' lang='lat' dir='ltr'>quam</span> <span class='ocrx_word' id='word_1_439' title='bbox 442 4163 488 4225; x_wconf 91' lang='lat' dir='ltr'>sol</span> <span class='ocrx_word' id='word_1_440' title='bbox 498 4180 591 4224; x_wconf 82' lang='lat' dir='ltr'>unua</span> <span class='ocrx_word' id='word_1_441' title='bbox 606 4162 685 4222; x_wconf 88' lang='lat' dir='ltr'>Nam</span> <span class='ocrx_word' id='word_1_442' title='bbox 694 4161 736 4221; x_wconf 91' lang='lat' dir='ltr'>sic</span> <span class='ocrx_word' id='word_1_443' title='bbox 748 4178 829 4220; x_wconf 90' lang='lat' dir='ltr'>unus</span> <span class='ocrx_word' id='word_1_444' title='bbox 841 4164 886 4219; x_wconf 90' lang='lat' dir='ltr'>est</span> <span class='ocrx_word' id='word_1_445' title='bbox 897 4160 987 4233; x_wconf 87' lang='lat' dir='ltr'>Deus,</span> <span class='ocrx_word' id='word_1_446' title='bbox 1000 4163 1036 4219; x_wconf 89' lang='lat' dir='ltr'>ut</span> <span class='ocrx_word' id='word_1_447' title='bbox 1046 4157 1114 4237; x_wconf 89' lang='lat' dir='ltr'>plu·</span> 
     </span>
     <span class='ocr_line' id='line_1_49' title="bbox 337 4252 1114 4337; baseline -0.008 -17"><span class='ocrx_word' id='word_1_448' title='bbox 337 4277 386 4319; x_wconf 87' lang='lat' dir='ltr'>res</span> <span class='ocrx_word' id='word_1_449' title='bbox 405 4277 445 4319; x_wconf 87' lang='lat' dir='ltr'>ne</span> <span class='ocrx_word' id='word_1_450' title='bbox 462 4256 625 4337; x_wconf 88' lang='lat' dir='ltr'>cogitando</span> <span class='ocrx_word' id='word_1_451' title='bbox 641 4255 767 4334; x_wconf 89' lang='lat' dir='ltr'>quidem</span> <span class='ocrx_word' id='word_1_452' title='bbox 782 4254 841 4313; x_wconf 87' lang='lat' dir='ltr'>nisi</span> <span class='ocrx_word' id='word_1_453' title='bbox 856 4253 998 4331; x_wconf 89' lang='lat' dir='ltr'>imperite</span> <span class='ocrx_word' id='word_1_454' title='bbox 1009 4252 1114 4314; x_wconf 90' lang='lat' dir='ltr'>absur-</span> 
     </span>
    </p>
   </div>
   <div class='ocr_carea' id='block_1_9' title="bbox 1167 2851 1992 4339">
    <p class='ocr_par' dir='ltr' id='par_1_9' title="bbox 1167 2851 1992 3775">
     <span class='ocr_line' id='line_1_50' title="bbox 1167 2851 1992 2931; baseline 0.01 -20"><span class='ocrx_word' id='word_1_455' title='bbox 1167 2851 1247 2927; x_wconf 87' lang='lat' dir='ltr'>bilis,</span> <span class='ocrx_word' id='word_1_456' title='bbox 1263 2852 1321 2913; x_wconf 88' lang='lat' dir='ltr'>erit</span> <span class='ocrx_word' id='word_1_457' title='bbox 1333 2852 1463 2931; x_wconf 84' lang='lat' dir='ltr'>quilibet</span> <span class='ocrx_word' id='word_1_458' title='bbox 1473 2871 1582 2915; x_wconf 90' lang='lat' dir='ltr'>eorum</span> <span class='ocrx_word' id='word_1_459' title='bbox 1593 2854 1717 2917; x_wconf 87' lang='lat' dir='ltr'>cuilibet</span> <span class='ocrx_word' id='word_1_460' title='bbox 1730 2857 1820 2918; x_wconf 87' lang='lat' dir='ltr'>alteri</span> <span class='ocrx_word' id='word_1_461' title='bbox 1829 2859 1929 2918; x_wconf 87' lang='lat' dir='ltr'>incom-</span> <span class='ocrx_word' id='word_1_462' title='bbox 1991 2898 1992 2901; x_wconf 56' lang='lat'><em>=</em></span> 
     </span>
     <span class='ocr_line' id='line_1_51' title="bbox 1167 2944 1929 3027; baseline 0.005 -22"><span class='ocrx_word' id='word_1_463' title='bbox 1167 2944 1392 3006; x_wconf 88' lang='lat' dir='ltr'>mensurabilis.</span> <span class='ocrx_word' id='word_1_464' title='bbox 1415 2946 1536 3008; x_wconf 85' lang='lat' dir='ltr'>Nullius</span> <span class='ocrx_word' id='word_1_465' title='bbox 1561 2947 1665 3027; x_wconf 88' lang='lat' dir='ltr'>ltaque</span> <span class='ocrx_word' id='word_1_466' title='bbox 1683 2967 1831 3011; x_wconf 84' lang='lat' dir='ltr'>mensura</span> <span class='ocrx_word' id='word_1_467' title='bbox 1843 2949 1880 3011; x_wconf 92' lang='lat' dir='ltr'>ab</span> <span class='ocrx_word' id='word_1_468' title='bbox 1894 2948 1929 3009; x_wconf 92' lang='lat' dir='ltr'>al·</span> 
     </span>
     <span class='ocr_line' id='line_1_52' title="bbox 1167 3036 1929 3122; baseline 0.005 -25"><span class='ocrx_word' id='word_1_469' title='bbox 1167 3041 1234 3097; x_wconf 84' lang='lat' dir='ltr'>tera</span> <span class='ocrx_word' id='word_1_470' title='bbox 1268 3036 1429 3115; x_wconf 82' lang='lat' dir='ltr'>cujuslibet</span> <span class='ocrx_word' id='word_1_471' title='bbox 1454 3039 1580 3100; x_wconf 86' lang='lat' dir='ltr'>alterius</span> <span class='ocrx_word' id='word_1_472' title='bbox 1600 3042 1879 3122; x_wconf 86' lang='lat' dir='ltr'>comprehenditur,</span> <span class='ocrx_word' id='word_1_473' title='bbox 1904 3047 1929 3101; x_wconf 89' lang='lat' dir='ltr'>ct</span> 
     </span>
     <span class='ocr_line' id='line_1_53' title="bbox 1168 3135 1928 3214; baseline 0.005 -24"><span class='ocrx_word' id='word_1_474' title='bbox 1168 3138 1390 3209; x_wconf 85' lang='lat' dir='ltr'>cousequenter</span> <span class='ocrx_word' id='word_1_475' title='bbox 1408 3151 1601 3213; x_wconf 78' lang='lat' dir='ltr'>umqursqus</span> <span class='ocrx_word' id='word_1_476' title='bbox 1615 3135 1788 3214; x_wconf 90' lang='lat' dir='ltr'>quamlibet</span> <span class='ocrx_word' id='word_1_477' title='bbox 1814 3136 1928 3197; x_wconf 86' lang='lat' dir='ltr'>alteram</span> 
     </span>
     <span class='ocr_line' id='line_1_54' title="bbox 1167 3227 1929 3310; baseline 0.004 -25"><span class='ocrx_word' id='word_1_478' title='bbox 1167 3227 1406 3305; x_wconf 78' lang='lat' dir='ltr'>supergreditur.</span> <span class='ocrx_word' id='word_1_479' title='bbox 1436 3229 1500 3288; x_wconf 86' lang='lat' dir='ltr'>Erit</span> <span class='ocrx_word' id='word_1_480' title='bbox 1524 3247 1597 3308; x_wconf 90' lang='lat' dir='ltr'>argo</span> <span class='ocrx_word' id='word_1_481' title='bbox 1622 3247 1818 3310; x_wconf 76' lang='lat' dir='ltr'>unaquaque</span> <span class='ocrx_word' id='word_1_482' title='bbox 1838 3228 1929 3309; x_wconf 82' lang='lat' dir='ltr'>queris</span> 
     </span>
     <span class='ocr_line' id='line_1_55' title="bbox 1167 3316 1992 3402; baseline 0.005 -23"><span class='ocrx_word' id='word_1_483' title='bbox 1167 3318 1263 3383; x_wconf 87' lang='lat' dir='ltr'>altera</span> <span class='ocrx_word' id='word_1_484' title='bbox 1286 3320 1432 3381; x_wconf 79' lang='lat' dir='ltr'>minens</span> <span class='ocrx_word' id='word_1_485' title='bbox 1455 3322 1543 3394; x_wconf 84' lang='lat' dir='ltr'>Quod</span> <span class='ocrx_word' id='word_1_486' title='bbox 1565 3323 1590 3381; x_wconf 90' lang='lat' dir='ltr'>si</span> <span class='ocrx_word' id='word_1_487' title='bbox 1612 3322 1718 3383; x_wconf 81' lang='lat' dir='ltr'>nullm</span> <span class='ocrx_word' id='word_1_488' title='bbox 1738 3330 1787 3384; x_wconf 88' lang='grc' dir='ltr'>θεῖ</span> <span class='ocrx_word' id='word_1_489' title='bbox 1807 3322 1929 3402; x_wconf 86' lang='lat' dir='ltr'>quolibet</span> <span class='ocrx_word' id='word_1_490' title='bbox 1991 3316 1992 3319; x_wconf 63' lang='grc'>’</span> 
     </span>
     <span class='ocr_line' id='line_1_56' title="bbox 1167 3410 1992 3495; baseline -0.002 -24"><span class='ocrx_word' id='word_1_491' title='bbox 1167 3410 1263 3472; x_wconf 81' lang='lat' dir='ltr'>altaro</span> <span class='ocrx_word' id='word_1_492' title='bbox 1287 3413 1385 3491; x_wconf 89' lang='lat' dir='ltr'>major</span> <span class='ocrx_word' id='word_1_493' title='bbox 1405 3412 1454 3474; x_wconf 83' lang='lat' dir='ltr'>vel</span> <span class='ocrx_word' id='word_1_494' title='bbox 1476 3414 1612 3475; x_wconf 81' lang='lat' dir='ltr'>minora</span> <span class='ocrx_word' id='word_1_495' title='bbox 1632 3415 1710 3475; x_wconf 76' lang='lat' dir='ltr'>deut</span> <span class='ocrx_word' id='word_1_496' title='bbox 1732 3416 1928 3495; x_wconf 79' lang='lat' dir='ltr'>rmuaquieque</span> <span class='ocrx_word' id='word_1_497' title='bbox 1991 3464 1992 3469; x_wconf 73' lang='grc'><strong>,</strong></span> 
     </span>
     <span class='ocr_line' id='line_1_57' title="bbox 1167 3507 1926 3587; baseline 0.001 -22"><span class='ocrx_word' id='word_1_498' title='bbox 1167 3512 1212 3566; x_wconf 88' lang='grc' dir='ltr'>θεῖ</span> <span class='ocrx_word' id='word_1_499' title='bbox 1228 3507 1511 3587; x_wconf 87' lang='lat' dir='ltr'>comprehensibilis</span> <span class='ocrx_word' id='word_1_500' title='bbox 1530 3514 1561 3568; x_wconf 91' lang='lat' dir='ltr'>et</span> <span class='ocrx_word' id='word_1_501' title='bbox 1576 3509 1860 3571; x_wconf 87' lang='lat' dir='ltr'>commensurabilis</span> <span class='ocrx_word' id='word_1_502' title='bbox 1870 3507 1926 3579; x_wconf 78' lang='lat' dir='ltr'>sibi,</span> 
     </span>
     <span class='ocr_line' id='line_1_58' title="bbox 1168 3601 1930 3683; baseline 0.003 -23"><span class='ocrx_word' id='word_1_503' title='bbox 1168 3601 1210 3661; x_wconf 91' lang='lat' dir='ltr'>sic</span> <span class='ocrx_word' id='word_1_504' title='bbox 1231 3603 1289 3662; x_wconf 89' lang='lat' dir='ltr'>erit</span> <span class='ocrx_word' id='word_1_505' title='bbox 1308 3602 1591 3683; x_wconf 88' lang='lat' dir='ltr'>comprehensibilis</span> <span class='ocrx_word' id='word_1_506' title='bbox 1610 3608 1641 3664; x_wconf 89' lang='lat' dir='ltr'>ct</span> <span class='ocrx_word' id='word_1_507' title='bbox 1658 3601 1930 3666; x_wconf 84' lang='lat' dir='ltr'>commensurabilis</span> 
     </span>
     <span class='ocr_line' id='line_1_59' title="bbox 1168 3694 1992 3775; baseline 0.007 -22"><span class='ocrx_word' id='word_1_508' title='bbox 1168 3694 1294 3755; x_wconf 88' lang='lat' dir='ltr'>cuilibet</span> <span class='ocrx_word' id='word_1_509' title='bbox 1307 3695 1405 3756; x_wconf 79' lang='lat' dir='ltr'>alteri</span> <span class='ocrx_word' id='word_1_510' title='bbox 1422 3716 1437 3753; x_wconf 83' lang='lat' dir='ltr'>a</span> <span class='ocrx_word' id='word_1_511' title='bbox 1454 3698 1523 3757; x_wconf 90' lang='lat' dir='ltr'>Nou</span> <span class='ocrx_word' id='word_1_512' title='bbox 1541 3696 1703 3775; x_wconf 87' lang='lat' dir='ltr'>critigitur</span> <span class='ocrx_word' id='word_1_513' title='bbox 1712 3697 1888 3763; x_wconf 65' lang='lat' dir='ltr'>immanm.</span> <span class='ocrx_word' id='word_1_514' title='bbox 1991 3696 1992 3699; x_wconf 67' lang='grc'>’</span> 
     </span>
    </p>

    <p class='ocr_par' dir='ltr' id='par_1_10' title="bbox 1168 3788 1992 4339">
     <span class='ocr_line' id='line_1_60' title="bbox 1208 3788 1930 3867; baseline 0.003 -19"><span class='ocrx_word' id='word_1_515' title='bbox 1208 3789 1288 3849; x_wconf 89' lang='lat' dir='ltr'>Tum</span> <span class='ocrx_word' id='word_1_516' title='bbox 1303 3794 1408 3867; x_wconf 85' lang='lat' dir='ltr'>postea</span> <span class='ocrx_word' id='word_1_517' title='bbox 1422 3808 1460 3849; x_wconf 87' lang='lat' dir='ltr'>ex</span> <span class='ocrx_word' id='word_1_518' title='bbox 1475 3788 1685 3867; x_wconf 83' lang='lat' dir='ltr'>singularitate</span> <span class='ocrx_word' id='word_1_519' title='bbox 1699 3789 1743 3850; x_wconf 88' lang='lat' dir='ltr'>sic</span> <span class='ocrx_word' id='word_1_520' title='bbox 1757 3789 1835 3850; x_wconf 88' lang='lat' dir='ltr'>iliud</span> <span class='ocrx_word' id='word_1_521' title='bbox 1846 3795 1930 3850; x_wconf 86' lang='lat' dir='ltr'>osten·</span> 
     </span>
     <span class='ocr_line' id='line_1_61' title="bbox 1168 3881 1929 3945; baseline -0.007 0"><span class='ocrx_word' id='word_1_522' title='bbox 1168 3884 1223 3945; x_wconf 89' lang='lat' dir='ltr'>dit.</span> <span class='ocrx_word' id='word_1_523' title='bbox 1237 3885 1359 3945; x_wconf 85' lang='lat' dir='ltr'>Etenim</span> <span class='ocrx_word' id='word_1_524' title='bbox 1377 3904 1392 3940; x_wconf 80' lang='lat' dir='ltr'>a</span> <span class='ocrx_word' id='word_1_525' title='bbox 1409 3882 1510 3943; x_wconf 86' lang='lat' dir='ltr'>omnis</span> <span class='ocrx_word' id='word_1_526' title='bbox 1526 3881 1695 3943; x_wconf 86' lang='lat' dir='ltr'>substantia</span> <span class='ocrx_word' id='word_1_527' title='bbox 1714 3882 1810 3944; x_wconf 86' lang='lat' dir='ltr'>habet</span> <span class='ocrx_word' id='word_1_528' title='bbox 1826 3901 1885 3943; x_wconf 89' lang='lat' dir='ltr'>essa</span> <span class='ocrx_word' id='word_1_529' title='bbox 1898 3899 1929 3942; x_wconf 81' lang='lat' dir='ltr'>cr</span> 
     </span>
     <span class='ocr_line' id='line_1_62' title="bbox 1168 3973 1992 4039; baseline 0.001 -2"><span class='ocrx_word' id='word_1_530' title='bbox 1168 3976 1419 4038; x_wconf 85' lang='lat' dir='ltr'>substantialitate</span> <span class='ocrx_word' id='word_1_531' title='bbox 1431 3991 1526 4035; x_wconf 69' lang='lat' dir='ltr'>sua.»</span> <span class='ocrx_word' id='word_1_532' title='bbox 1542 3973 1789 4035; x_wconf 75' lang='lat' dir='ltr'>substantialitas</span> <span class='ocrx_word' id='word_1_533' title='bbox 1799 3993 1869 4035; x_wconf 81' lang='lat' dir='ltr'>vero</span> <span class='ocrx_word' id='word_1_534' title='bbox 1880 3973 1931 4035; x_wconf 84' lang='lat' dir='ltr'>alia</span> <span class='ocrx_word' id='word_1_535' title='bbox 1991 4036 1992 4039; x_wconf 73' lang='grc'><strong>,</strong></span> 
     </span>
     <span class='ocr_line' id='line_1_63' title="bbox 1168 4067 1992 4150; baseline -0.004 -18"><span class='ocrx_word' id='word_1_536' title='bbox 1168 4071 1326 4150; x_wconf 85' lang='lat' dir='ltr'>generalis,</span> <span class='ocrx_word' id='word_1_537' title='bbox 1343 4075 1379 4130; x_wconf 92' lang='lat' dir='ltr'>ut</span> <span class='ocrx_word' id='word_1_538' title='bbox 1393 4075 1438 4129; x_wconf 88' lang='lat' dir='ltr'>est</span> <span class='ocrx_word' id='word_1_539' title='bbox 1453 4086 1561 4147; x_wconf 88' lang='lat' dir='ltr'>genus,</span> <span class='ocrx_word' id='word_1_540' title='bbox 1576 4067 1638 4129; x_wconf 88' lang='lat' dir='ltr'>alia</span> <span class='ocrx_word' id='word_1_541' title='bbox 1655 4069 1806 4148; x_wconf 85' lang='lat' dir='ltr'>specialis,</span> <span class='ocrx_word' id='word_1_542' title='bbox 1830 4076 1864 4129; x_wconf 88' lang='lat' dir='ltr'>ut</span> <span class='ocrx_word' id='word_1_543' title='bbox 1876 4085 1931 4147; x_wconf 79' lang='lat' dir='ltr'>spe</span> <span class='ocrx_word' id='word_1_544' title='bbox 1991 4136 1992 4139; x_wconf 8' lang='grc' dir='ltr'><strong>Ἴ</strong></span> 
     </span>
     <span class='ocr_line' id='line_1_64' title="bbox 1168 4161 1929 4241; baseline -0.005 -14"><span class='ocrx_word' id='word_1_545' title='bbox 1168 4166 1237 4241; x_wconf 89' lang='lat' dir='ltr'>cies,</span> <span class='ocrx_word' id='word_1_546' title='bbox 1264 4165 1325 4226; x_wconf 92' lang='lat' dir='ltr'>alia</span> <span class='ocrx_word' id='word_1_547' title='bbox 1345 4161 1549 4224; x_wconf 87' lang='lat' dir='ltr'>individualis.</span> <span class='ocrx_word' id='word_1_548' title='bbox 1582 4181 1598 4218; x_wconf 82' lang='lat' dir='ltr'>a</span> <span class='ocrx_word' id='word_1_549' title='bbox 1620 4161 1820 4223; x_wconf 84' lang='lat' dir='ltr'>individualis</span> <span class='ocrx_word' id='word_1_550' title='bbox 1838 4167 1929 4223; x_wconf 84' lang='lat' dir='ltr'>autem</span> 
     </span>
     <span class='ocr_line' id='line_1_65' title="bbox 1168 4256 1930 4339; baseline -0.008 -18"><span class='ocrx_word' id='word_1_551' title='bbox 1168 4266 1213 4321; x_wconf 89' lang='lat' dir='ltr'>est</span> <span class='ocrx_word' id='word_1_552' title='bbox 1229 4260 1292 4334; x_wconf 93' lang='lat' dir='ltr'>illa,</span> <span class='ocrx_word' id='word_1_553' title='bbox 1306 4278 1375 4339; x_wconf 82' lang='lat' dir='ltr'>quae</span> <span class='ocrx_word' id='word_1_554' title='bbox 1393 4258 1450 4323; x_wconf 86' lang='lat' dir='ltr'>uni</span> <span class='ocrx_word' id='word_1_555' title='bbox 1460 4256 1516 4318; x_wconf 90' lang='lat' dir='ltr'>soli</span> <span class='ocrx_word' id='word_1_556' title='bbox 1526 4256 1685 4317; x_wconf 86' lang='lat' dir='ltr'>individuo</span> <span class='ocrx_word' id='word_1_557' title='bbox 1698 4256 1790 4334; x_wconf 86' lang='lat' dir='ltr'>inest,</span> <span class='ocrx_word' id='word_1_558' title='bbox 1804 4263 1836 4318; x_wconf 93' lang='grc' dir='ltr'>θῖ</span> <span class='ocrx_word' id='word_1_559' title='bbox 1848 4256 1930 4337; x_wconf 84' lang='lat' dir='ltr'>pluri·</span> 
     </span>
    </p>
   </div>
   <div class='ocr_carea' id='block_1_10' title="bbox 336 4347 1992 5280">
    <p class='ocr_par' dir='ltr' id='par_1_11' title="bbox 336 4347 1992 4805">
     <span class='ocr_line' id='line_1_66' title="bbox 337 4347 1992 4431; baseline -0.005 -10"><span class='ocrx_word' id='word_1_560' title='bbox 337 4353 436 4431; x_wconf 74' lang='lat' dir='ltr'>deque</span> <span class='ocrx_word' id='word_1_561' title='bbox 462 4351 539 4430; x_wconf 71' lang='lat' dir='ltr'>fingi</span> <span class='ocrx_word' id='word_1_562' title='bbox 558 4354 684 4429; x_wconf 68' lang='lat' dir='ltr'>queant·</span> <span class='ocrx_word' id='word_1_563' title='bbox 708 4347 975 4421; x_wconf 70' lang='lat' dir='ltr'>QuemadmOdum</span> <span class='ocrx_word' id='word_1_564' title='bbox 998 4347 1023 4406; x_wconf 77' lang='lat' dir='ltr'>si</span> <span class='ocrx_word' id='word_1_565' title='bbox 1045 4348 1114 4426; x_wconf 82' lang='lat' dir='ltr'>quis</span> <span class='ocrx_word' id='word_1_566' title='bbox 1167 4353 1225 4414; x_wconf 92' lang='lat' dir='ltr'>bus</span> <span class='ocrx_word' id='word_1_567' title='bbox 1233 4352 1408 4413; x_wconf 86' lang='lat' dir='ltr'>substantiis</span> <span class='ocrx_word' id='word_1_568' title='bbox 1417 4350 1545 4412; x_wconf 88' lang='lat' dir='ltr'>omnino</span> <span class='ocrx_word' id='word_1_569' title='bbox 1556 4350 1931 4431; x_wconf 78' lang='lat' dir='ltr'>communisessenonpo</span> <span class='ocrx_word' id='word_1_570' title='bbox 1991 4384 1992 4389; x_wconf 17' lang='grc' dir='ltr'><strong>κ</strong></span> 
     </span>
     <span class='ocr_line' id='line_1_67' title="bbox 336 4439 1992 4525; baseline -0.013 0"><span class='ocrx_word' id='word_1_571' title='bbox 336 4444 488 4506; x_wconf 81' lang='lat' dir='ltr'>unitatem</span> <span class='ocrx_word' id='word_1_572' title='bbox 511 4444 611 4523; x_wconf 78' lang='lat' dir='ltr'>ipsam</span> <span class='ocrx_word' id='word_1_573' title='bbox 631 4440 888 4520; x_wconf 75' lang='lat' dir='ltr'>muapuaaam</span> <span class='ocrx_word' id='word_1_574' title='bbox 906 4457 969 4499; x_wconf 67' lang='lat' dir='ltr'>ese</span> <span class='ocrx_word' id='word_1_575' title='bbox 988 4439 1110 4519; x_wconf 69' lang='lat' dir='ltr'>coetu,</span> <span class='ocrx_word' id='word_1_576' title='bbox 1167 4455 1235 4525; x_wconf 78' lang='lat' dir='ltr'>test,</span> <span class='ocrx_word' id='word_1_577' title='bbox 1257 4455 1302 4523; x_wconf 82' lang='lat' dir='ltr'>ut,</span> <span class='ocrx_word' id='word_1_578' title='bbox 1326 4446 1501 4508; x_wconf 70' lang='lat' dir='ltr'>nemesus.</span> <span class='ocrx_word' id='word_1_579' title='bbox 1527 4444 1690 4505; x_wconf 72' lang='lat' dir='ltr'>omerus</span> <span class='ocrx_word' id='word_1_580' title='bbox 1706 4444 1812 4525; x_wconf 74' lang='lat' dir='ltr'>taqua</span> <span class='ocrx_word' id='word_1_581' title='bbox 1834 4444 1932 4507; x_wconf 75' lang='lat' dir='ltr'>inteu-</span> <span class='ocrx_word' id='word_1_582' title='bbox 1991 4442 1992 4515; x_wconf 76' lang='grc'>;</span> 
     </span>
     <span class='ocr_line' id='line_1_68' title="bbox 337 4531 1992 4623; baseline -0.006 -24"><span class='ocrx_word' id='word_1_583' title='bbox 337 4538 541 4617; x_wconf 89' lang='lat' dir='ltr'>autquodcst,</span> <span class='ocrx_word' id='word_1_584' title='bbox 555 4553 621 4596; x_wconf 89' lang='lat' dir='ltr'>non</span> <span class='ocrx_word' id='word_1_585' title='bbox 632 4552 705 4609; x_wconf 88' lang='lat' dir='ltr'>asse,</span> <span class='ocrx_word' id='word_1_586' title='bbox 719 4531 1114 4612; x_wconf 87' lang='lat' dir='ltr'>etsimiliaplaraque,quaa</span> <span class='ocrx_word' id='word_1_587' title='bbox 1168 4548 1259 4623; x_wconf 67' lang='lat' dir='ltr'>gatur</span> <span class='ocrx_word' id='word_1_588' title='bbox 1274 4541 1328 4601; x_wconf 62' lang='lat' dir='ltr'>{Da</span> <span class='ocrx_word' id='word_1_589' title='bbox 1342 4537 1588 4612; x_wconf 65' lang='lat' dir='ltr'>substantialitas,</span> <span class='ocrx_word' id='word_1_590' title='bbox 1606 4536 1655 4597; x_wconf 75' lang='lat' dir='ltr'>acl</span> <span class='ocrx_word' id='word_1_591' title='bbox 1673 4537 1698 4597; x_wconf 78' lang='lat' dir='ltr'>si</span> <span class='ocrx_word' id='word_1_592' title='bbox 1716 4539 1817 4618; x_wconf 65' lang='lat' dir='ltr'>magis</span> <span class='ocrx_word' id='word_1_593' title='bbox 1830 4538 1928 4620; x_wconf 56' lang='lat' dir='ltr'>placet,</span> <span class='ocrx_word' id='word_1_594' title='bbox 1991 4560 1992 4589; x_wconf 51' lang='lat' dir='ltr'>c</span> 
     </span>
     <span class='ocr_line' id='line_1_69' title="bbox 337 4625 1992 4711; baseline -0.007 -17"><span class='ocrx_word' id='word_1_595' title='bbox 337 4652 376 4694; x_wconf 84' lang='lat' dir='ltr'>ex</span> <span class='ocrx_word' id='word_1_596' title='bbox 386 4631 539 4694; x_wconf 90' lang='lat' dir='ltr'>aientibus</span> <span class='ocrx_word' id='word_1_597' title='bbox 549 4635 580 4690; x_wconf 92' lang='grc' dir='ltr'>θῖ</span> <span class='ocrx_word' id='word_1_598' title='bbox 590 4627 777 4707; x_wconf 89' lang='lat' dir='ltr'>negantibus</span> <span class='ocrx_word' id='word_1_599' title='bbox 788 4625 943 4706; x_wconf 89' lang='lat' dir='ltr'>implicata</span> <span class='ocrx_word' id='word_1_600' title='bbox 954 4626 1114 4705; x_wconf 86' lang='lat' dir='ltr'>semetipsa</span> <span class='ocrx_word' id='word_1_601' title='bbox 1168 4635 1221 4697; x_wconf 67' lang='lat' dir='ltr'>ffla</span> <span class='ocrx_word' id='word_1_602' title='bbox 1237 4632 1416 4708; x_wconf 68' lang='lat' dir='ltr'>substantia,</span> <span class='ocrx_word' id='word_1_603' title='bbox 1436 4650 1474 4692; x_wconf 72' lang='lat' dir='ltr'>ex</span> <span class='ocrx_word' id='word_1_604' title='bbox 1488 4649 1550 4711; x_wconf 75' lang='lat' dir='ltr'>qua</span> <span class='ocrx_word' id='word_1_605' title='bbox 1569 4629 1677 4691; x_wconf 72' lang='lat' dir='ltr'>Daniel</span> <span class='ocrx_word' id='word_1_606' title='bbox 1688 4630 1865 4705; x_wconf 64' lang='lat' dir='ltr'>oseehabet,</span> <span class='ocrx_word' id='word_1_607' title='bbox 1885 4630 1932 4690; x_wconf 74' lang='lat' dir='ltr'>illa</span> <span class='ocrx_word' id='word_1_608' title='bbox 1991 4666 1992 4683; x_wconf 40' lang='lat' dir='ltr'>r</span> 
     </span>
     <span class='ocr_line' id='line_1_70' title="bbox 340 4725 1931 4805; baseline -0.001 -17"><span class='ocrx_word' id='word_1_609' title='bbox 340 4726 497 4788; x_wconf 88' lang='lat' dir='ltr'>collidant.</span> <span class='ocrx_word' id='word_1_610' title='bbox 1167 4728 1348 4803; x_wconf 87' lang='lat' dir='ltr'>substantia,</span> <span class='ocrx_word' id='word_1_611' title='bbox 1370 4744 1440 4805; x_wconf 77' lang='lat' dir='ltr'>quae</span> <span class='ocrx_word' id='word_1_612' title='bbox 1453 4725 1517 4804; x_wconf 86' lang='lat' dir='ltr'>ipse</span> <span class='ocrx_word' id='word_1_613' title='bbox 1538 4729 1583 4784; x_wconf 87' lang='lat' dir='ltr'>est</span> <span class='ocrx_word' id='word_1_614' title='bbox 1604 4730 1633 4783; x_wconf 92' lang='grc' dir='ltr'>θῖ</span> <span class='ocrx_word' id='word_1_615' title='bbox 1650 4740 1746 4803; x_wconf 89' lang='lat' dir='ltr'>quam</span> <span class='ocrx_word' id='word_1_616' title='bbox 1759 4725 1931 4805; x_wconf 80' lang='lat' dir='ltr'>participare</span> 
     </span>
    </p>

    <p class='ocr_par' dir='ltr' id='par_1_12' title="bbox 336 4812 1992 5280">
     <span class='ocr_line' id='line_1_71' title="bbox 377 4812 1931 4901; baseline -0.012 -20"><span class='ocrx_word' id='word_1_617' title='bbox 377 4820 443 4881; x_wconf 86' lang='lat' dir='ltr'>Vll.</span> <span class='ocrx_word' id='word_1_618' title='bbox 470 4816 639 4880; x_wconf 85' lang='lat' dir='ltr'>Richardus</span> <span class='ocrx_word' id='word_1_619' title='bbox 661 4814 836 4877; x_wconf 84' lang='lat' dir='ltr'>Victorinus</span> <span class='ocrx_word' id='word_1_620' title='bbox 853 4812 961 4874; x_wconf 75' lang='lat' dir='ltr'>nedem</span> <span class='ocrx_word' id='word_1_621' title='bbox 977 4830 1056 4892; x_wconf 90' lang='lat' dir='ltr'>pena</span> <span class='ocrx_word' id='word_1_622' title='bbox 1075 4831 1113 4873; x_wconf 78' lang='lat' dir='ltr'>ex</span> <span class='ocrx_word' id='word_1_623' title='bbox 1168 4841 1232 4883; x_wconf 90' lang='lat' dir='ltr'>non</span> <span class='ocrx_word' id='word_1_624' title='bbox 1257 4823 1357 4901; x_wconf 68' lang='lat' dir='ltr'>potest</span> <span class='ocrx_word' id='word_1_625' title='bbox 1384 4817 1488 4896; x_wconf 74' lang='lat' dir='ltr'>aliqua</span> <span class='ocrx_word' id='word_1_626' title='bbox 1511 4815 1572 4876; x_wconf 66' lang='lat' dir='ltr'>alia</span> <span class='ocrx_word' id='word_1_627' title='bbox 1602 4814 1788 4877; x_wconf 64' lang='lat' dir='ltr'>humanitas,</span> <span class='ocrx_word' id='word_1_628' title='bbox 1820 4819 1931 4879; x_wconf 88' lang='lat' dir='ltr'>incom-</span> 
     </span>
     <span class='ocr_line' id='line_1_72' title="bbox 337 4907 1929 4997; baseline -0.004 -20"><span class='ocrx_word' id='word_1_629' title='bbox 337 4915 497 4997; x_wconf 88' lang='lat' dir='ltr'>capitibus,</span> <span class='ocrx_word' id='word_1_630' title='bbox 517 4910 709 4993; x_wconf 86' lang='lat' dir='ltr'>simplicitate</span> <span class='ocrx_word' id='word_1_631' title='bbox 729 4907 869 4970; x_wconf 79' lang='lat' dir='ltr'>videlicet</span> <span class='ocrx_word' id='word_1_632' title='bbox 887 4908 941 4968; x_wconf 87' lang='lat' dir='ltr'>Dei</span> <span class='ocrx_word' id='word_1_633' title='bbox 961 4913 992 4968; x_wconf 91' lang='lat' dir='ltr'>et</span> <span class='ocrx_word' id='word_1_634' title='bbox 1011 4908 1114 4987; x_wconf 90' lang='lat' dir='ltr'>singu·</span> <span class='ocrx_word' id='word_1_635' title='bbox 1168 4914 1362 4980; x_wconf 72' lang='lat' dir='ltr'>manicabilis</span> <span class='ocrx_word' id='word_1_636' title='bbox 1386 4914 1489 4991; x_wconf 84' lang='lat' dir='ltr'>itaque</span> <span class='ocrx_word' id='word_1_637' title='bbox 1513 4916 1558 4971; x_wconf 89' lang='lat' dir='ltr'>est</span> <span class='ocrx_word' id='word_1_638' title='bbox 1580 4909 1754 4987; x_wconf 86' lang='lat' dir='ltr'>llanielitas,</span> <span class='ocrx_word' id='word_1_639' title='bbox 1775 4914 1849 4991; x_wconf 84' lang='lat' dir='ltr'>quia</span> <span class='ocrx_word' id='word_1_640' title='bbox 1872 4929 1929 4973; x_wconf 93' lang='lat' dir='ltr'>non</span> 
     </span>
     <span class='ocr_line' id='line_1_73' title="bbox 336 5002 1931 5095; baseline -0.006 -24"><span class='ocrx_word' id='word_1_641' title='bbox 336 5008 455 5074; x_wconf 82' lang='lat' dir='ltr'>inritata</span> <span class='ocrx_word' id='word_1_642' title='bbox 466 5006 652 5077; x_wconf 78' lang='lat' dir='ltr'>substantia,</span> <span class='ocrx_word' id='word_1_643' title='bbox 664 5003 768 5084; x_wconf 88' lang='lat' dir='ltr'>plures</span> <span class='ocrx_word' id='word_1_644' title='bbox 781 5020 844 5062; x_wconf 89' lang='lat' dir='ltr'>esse</span> <span class='ocrx_word' id='word_1_645' title='bbox 859 5002 937 5062; x_wconf 86' lang='lat' dir='ltr'>Deos</span> <span class='ocrx_word' id='word_1_646' title='bbox 948 5019 1011 5061; x_wconf 90' lang='lat' dir='ltr'>non</span> <span class='ocrx_word' id='word_1_647' title='bbox 1024 5018 1112 5082; x_wconf 88' lang='lat' dir='ltr'>posse</span> <span class='ocrx_word' id='word_1_648' title='bbox 1166 5016 1349 5095; x_wconf 67' lang='lat' dir='ltr'>potestesse</span> <span class='ocrx_word' id='word_1_649' title='bbox 1372 5005 1498 5067; x_wconf 66' lang='lat' dir='ltr'>diarius</span> <span class='ocrx_word' id='word_1_650' title='bbox 1520 5004 1706 5067; x_wconf 84' lang='lat' dir='ltr'>substantias.</span> <span class='ocrx_word' id='word_1_651' title='bbox 1734 5006 1855 5079; x_wconf 76' lang='lat' dir='ltr'>Quanto</span> <span class='ocrx_word' id='word_1_652' title='bbox 1872 5024 1931 5067; x_wconf 86' lang='lat' dir='ltr'>ma-</span> 
     </span>
     <span class='ocr_line' id='line_1_74' title="bbox 337 5093 1930 5185; baseline -0.008 -21"><span class='ocrx_word' id='word_1_653' title='bbox 337 5105 536 5167; x_wconf 87' lang='lat' dir='ltr'>demonstrat.</span> <span class='ocrx_word' id='word_1_654' title='bbox 559 5101 591 5162; x_wconf 88' lang='lat' dir='ltr'>Si</span> <span class='ocrx_word' id='word_1_655' title='bbox 614 5099 740 5179; x_wconf 88' lang='lat' dir='ltr'>quidem</span> <span class='ocrx_word' id='word_1_656' title='bbox 764 5118 779 5155; x_wconf 80' lang='lat' dir='ltr'>c</span> <span class='ocrx_word' id='word_1_657' title='bbox 799 5114 838 5157; x_wconf 81' lang='lat' dir='ltr'>ex</span> <span class='ocrx_word' id='word_1_658' title='bbox 863 5113 900 5156; x_wconf 87' lang='lat' dir='ltr'>co</span> <span class='ocrx_word' id='word_1_659' title='bbox 922 5095 1006 5173; x_wconf 91' lang='lat' dir='ltr'>quod</span> <span class='ocrx_word' id='word_1_660' title='bbox 1033 5093 1112 5155; x_wconf 90' lang='lat' dir='ltr'>nihil</span> <span class='ocrx_word' id='word_1_661' title='bbox 1166 5106 1212 5185; x_wconf 64' lang='lat' dir='ltr'>gis</span> <span class='ocrx_word' id='word_1_662' title='bbox 1241 5104 1267 5164; x_wconf 66' lang='lat' dir='ltr'>si</span> <span class='ocrx_word' id='word_1_663' title='bbox 1285 5099 1418 5163; x_wconf 67' lang='lat' dir='ltr'>Danielis</span> <span class='ocrx_word' id='word_1_664' title='bbox 1445 5097 1613 5159; x_wconf 80' lang='lat' dir='ltr'>substantia</span> <span class='ocrx_word' id='word_1_665' title='bbox 1639 5102 1716 5159; x_wconf 84' lang='lat' dir='ltr'>esset</span> <span class='ocrx_word' id='word_1_666' title='bbox 1739 5098 1930 5179; x_wconf 77' lang='lat' dir='ltr'>idemipsum</span> 
     </span>
     <span class='ocr_line' id='line_1_75' title="bbox 337 5188 1992 5280; baseline -0.004 -21"><span class='ocrx_word' id='word_1_667' title='bbox 337 5196 430 5258; x_wconf 87' lang='lat' dir='ltr'>babet</span> <span class='ocrx_word' id='word_1_668' title='bbox 442 5195 499 5258; x_wconf 90' lang='lat' dir='ltr'>nisi</span> <span class='ocrx_word' id='word_1_669' title='bbox 512 5213 583 5271; x_wconf 84' lang='lat' dir='ltr'>asa,</span> <span class='ocrx_word' id='word_1_670' title='bbox 596 5197 715 5255; x_wconf 91' lang='lat' dir='ltr'>constat</span> <span class='ocrx_word' id='word_1_671' title='bbox 726 5191 799 5271; x_wconf 92' lang='lat' dir='ltr'>quia</span> <span class='ocrx_word' id='word_1_672' title='bbox 810 5188 951 5250; x_wconf 80' lang='lat' dir='ltr'>divinitas</span> <span class='ocrx_word' id='word_1_673' title='bbox 962 5188 1027 5266; x_wconf 90' lang='lat' dir='ltr'>ipss</span> <span class='ocrx_word' id='word_1_674' title='bbox 1046 5207 1110 5249; x_wconf 90' lang='lat' dir='ltr'>nou</span> <span class='ocrx_word' id='word_1_675' title='bbox 1164 5219 1221 5280; x_wconf 68' lang='lat' dir='ltr'>per</span> <span class='ocrx_word' id='word_1_676' title='bbox 1239 5197 1354 5269; x_wconf 69' lang='lat' dir='ltr'>omnia,</span> <span class='ocrx_word' id='word_1_677' title='bbox 1368 5193 1451 5274; x_wconf 91' lang='lat' dir='ltr'>quod</span> <span class='ocrx_word' id='word_1_678' title='bbox 1462 5190 1698 5257; x_wconf 74' lang='lat' dir='ltr'>substantialitas</span> <span class='ocrx_word' id='word_1_679' title='bbox 1711 5210 1777 5255; x_wconf 89' lang='lat' dir='ltr'>sua.</span> <span class='ocrx_word' id='word_1_680' title='bbox 1796 5194 1932 5256; x_wconf 83' lang='lat' dir='ltr'>Divinitas</span> <span class='ocrx_word' id='word_1_681' title='bbox 1991 5276 1992 5279; x_wconf 8' lang='grc' dir='ltr'><strong>Ἴ</strong></span> 
     </span>
    </p>
   </div>
   <div class='ocr_carea' id='block_1_11' title="bbox 414 5406 1269 5465">
    <p class='ocr_par' dir='ltr' id='par_1_13' title="bbox 414 5406 1269 5465">
     <span class='ocr_line' id='line_1_76' title="bbox 414 5406 1269 5465; baseline -0.006 -11"><span class='ocrx_word' id='word_1_682' title='bbox 414 5412 439 5454; x_wconf 88' lang='lat' dir='ltr'>In</span> <span class='ocrx_word' id='word_1_683' title='bbox 450 5413 489 5457; x_wconf 82' lang='lat' dir='ltr'>lib.</span> <span class='ocrx_word' id='word_1_684' title='bbox 500 5410 526 5454; x_wconf 75' lang='lat' dir='ltr'>de</span> <span class='ocrx_word' id='word_1_685' title='bbox 537 5410 606 5465; x_wconf 74' lang='lat' dir='ltr'>spot.</span> <span class='ocrx_word' id='word_1_686' title='bbox 618 5430 644 5444; x_wconf 88' lang='lat'>·-</span> <span class='ocrx_word' id='word_1_687' title='bbox 658 5409 672 5454; x_wconf 73' lang='lat'>2</span> <span class='ocrx_word' id='word_1_688' title='bbox 683 5411 730 5456; x_wconf 88' lang='lat' dir='ltr'>Lib.</span> <span class='ocrx_word' id='word_1_689' title='bbox 743 5409 794 5459; x_wconf 84' lang='lat' dir='ltr'>l,dc</span> <span class='ocrx_word' id='word_1_690' title='bbox 809 5406 888 5453; x_wconf 78' lang='lat' dir='ltr'>Trinit.</span> <span class='ocrx_word' id='word_1_691' title='bbox 900 5416 998 5461; x_wconf 58' lang='lat' dir='ltr'>capmvu</span> <span class='ocrx_word' id='word_1_692' title='bbox 1010 5440 1016 5453; x_wconf 88' lang='lat'><strong>.</strong></span> <span class='ocrx_word' id='word_1_693' title='bbox 1029 5406 1075 5452; x_wconf 80' lang='lat'>-3</span> <span class='ocrx_word' id='word_1_694' title='bbox 1085 5406 1132 5452; x_wconf 89' lang='lat' dir='ltr'>Lib.</span> <span class='ocrx_word' id='word_1_695' title='bbox 1146 5406 1170 5453; x_wconf 89' lang='lat' dir='ltr'>ll.</span> <span class='ocrx_word' id='word_1_696' title='bbox 1182 5417 1230 5460; x_wconf 83' lang='lat' dir='ltr'>cap,</span> <span class='ocrx_word' id='word_1_697' title='bbox 1238 5415 1269 5449; x_wconf 87' lang='lat' dir='ltr'>vr.</span> 
     </span>
    </p>
   </div>
   <div class='ocr_carea' id='block_1_12' title="bbox 0 0 2023 6164">
    <p class='ocr_par' dir='ltr' id='par_1_14' title="bbox 0 0 2023 6164">
     <span class='ocr_line' id='line_1_77' title="bbox 0 0 2023 6164; baseline 0 0"><span class='ocrx_word' id='word_1_698' title='bbox 0 0 2023 6164; x_wconf 95' lang='lat' dir='ltr'> </span> 
     </span>
    </p>
   </div>
  </div>
 </body>
</html>
