3956 6168
363 320 413 381 uE
434 320 507 382 ure
529 319 671 393 uelauit
691 316 1033 391 PROPlllli‘l'ATlBUS,
1055 316 1128 377 tte.
1152 317 1203 393 lV,
1226 319 1310 380 GAP.
1333 320 1386 382 xt.
1618 327 1677 388 teu

90 486 260 568 amyntas
281 485 382 561 uffart,
410 504 476 547 non
502 483 655 565 munuae
675 500 846 564 exponere:
897 479 1015 560 figuras
1037 486 1069 543 et
1086 481 1202 551 formae
1215 484 1375 551 mantibus
1388 500 1498 551 aarum
1512 489 1567 568 qui
1581 495 1677 555 suna

92 580 260 653 «bubones,
280 578 394 657 inquit
419 576 562 639 omnium
585 594 656 656 qum
669 576 846 653 factasunt,
896 577 976 637 turae
1008 572 1177 652 president
1208 582 1382 656 conceptas,
1408 579 1512 655 domo,
1540 583 1675 663 navique

88 673 277 734 babembeus
286 676 358 732 unte
368 668 628 748 saculaineaipso
635 668 845 745 subsistentes,
897 665 1087 745 principium
1100 668 1295 729 sumentibus
1308 669 1348 731 ab
1361 670 1411 733 bis
1419 671 1529 751 liguris
1542 679 1574 737 et
1582 677 1676 738 retio-

88 765 243 827 socuudum
256 780 308 824 eae
319 767 386 823 tem
408 761 466 823 sub
480 765 642 841 aspectum
654 778 720 825 non
734 760 846 825 oadau-
896 755 990 819 nibus
1003 776 1074 836 quas
1088 763 1161 819 sunt
1174 759 1210 821 in
1223 760 1340 825 artifice
1351 783 1360 838 ;
1375 764 1421 827 sic
1437 765 1583 828 uniuersa
1592 768 1675 830 lecte

88 862 243 936 tunquam
256 853 474 935 aspectabilem
494 859 669 917 mesanam
689 853 845 933 produxit,
896 846 989 911 busca
1008 850 1098 928 juxta
1115 868 1222 923 ratum
1244 853 1421 917 intumum
1447 856 1583 921 rabones
1606 861 1674 940 jam

88 954 247 1029 opportuno
270 950 412 1026 tempore
435 945 550 1009 boiens
572 951 638 1009 tam
661 944 849 1009 universabu
896 945 987 1005 autea
1000 961 1020 1007 a
1033 943 1096 1007 Dea
1109 944 1368 1011 manifestatoria
1382 948 1545 1028 sapientia.
1561 953 1675 1019 Omnia

88 1057 171 1120 quom
193 1038 372 1118 singularia.
396 1038 476 1101 Nam
498 1037 577 1099 ratio
600 1038 847 1117 unumquodque
896 1032 980 1099 enim
1003 1033 1039 1097 in
1056 1035 1208 1115 sapientia
1229 1037 1312 1101 fecit.
1343 1040 1575 1123 Dicendumqua
1604 1052 1671 1124 est,

89 1150 185 1194 eorum
197 1151 266 1213 quo
279 1137 354 1193 sunt
366 1131 539 1207 antecessit,
560 1130 733 1195 secundum
751 1148 847 1210 qurum
896 1125 996 1191 Deum
1016 1144 1089 1191 cum
1109 1129 1278 1195 animatam
1302 1133 1498 1212 sapientiam,
1522 1142 1557 1197 ut
1570 1138 1614 1200 ite
1627 1139 1673 1200 lo·

88 1224 155 1287 illud
167 1230 211 1287 est
231 1224 359 1286 tectum.
376 1222 526 1297 Quocirca
545 1223 682 1285 rationes
703 1223 847 1287 omniurn
896 1235 984 1297 quau,
1010 1225 1151 1297 memrot,
1177 1221 1261 1285 illius
1282 1242 1365 1285 aure
1384 1228 1562 1305 parmisiano
1583 1237 1620 1293 ut
1633 1250 1673 1293 ιι

87 1314 185 1378 iubeo
197 1316 266 1377 iixce
279 1321 364 1391 sunt,
387 1315 558 1377 secundum
571 1334 648 1395 quas
661 1332 700 1377 an
713 1334 779 1379 uon
792 1334 847 1377 ex·
895 1308 1004 1389 muru
1017 1316 1049 1373 at
1061 1311 1231 1392 speciebus,
1239 1315 1391 1396 quesipse
1396 1317 1531 1381 babebat
1539 1319 1670 1405 (opinor)

87 1408 225 1469 stunbbus
237 1407 291 1469 iile
300 1408 457 1491 produxit,
473 1424 508 1469 ae
522 1406 693 1483 secundum
711 1407 848 1470 rationes
895 1401 1126 1467 subsistentiam
1140 1409 1172 1466 et
1184 1404 1422 1485 plasmationem
1431 1415 1462 1471 et
1474 1412 1673 1494 tormmpre-

89 1500 199 1561 medem
211 1499 369 1579 cognoscit
380 1499 488 1561 omnia
500 1504 669 1579 antequam
682 1499 768 1561 fiant.
785 1500 847 1563 Hes
895 1492 983 1557 bcrot
1005 1495 1129 1559 munus
1150 1501 1182 1557 et
1201 1498 1350 1563 mutarim.
1375 1521 1391 1559 ο
1416 1502 1450 1565 ln
1465 1503 1514 1565 hie
1531 1505 1672 1586 (trigenis

88 1610 168 1670 porro
180 1593 312 1653 rationes
320 1591 504 1671 Areopagite
514 1590 681 1671 Dionysius
691 1592 847 1673 praedesti·
897 1585 1000 1649 verbis
1013 1586 1149 1653 offendat
1162 1588 1298 1668 aliquem
1310 1591 1438 1655 romane
1451 1597 1535 1674 quod
1548 1601 1670 1678 sapien*

86 1684 212 1745 nationes
231 1690 321 1746 vocet
342 1684 525 1763 &uiuasque
546 1683 782 1746 eoluctuosa.»
809 1686 847 1751 Et
894 1676 972 1743 tan
993 1697 1013 1740 a
1034 1682 1224 1758 quaomnia
1245 1682 1325 1745 fucta
1345 1687 1560 1768 perpolitaquc
1581 1699 1669 1770 sunt,

86 1776 130 1837 bic
144 1795 262 1857 quoque
283 1775 479 1838 voluntatem
492 1775 571 1837 ideis
591 1775 749 1852 admiscet,
774 1794 847 1843 cnm
896 1787 967 1848 quta
977 1770 1059 1835 nihil
1074 1772 1162 1837 aliud
1175 1779 1222 1835 ast
1234 1793 1329 1854 quam
1343 1777 1493 1857 Verbum,
1505 1789 1672 1847 meatema

88 1869 199 1949 proprie
212 1869 247 1929 in
260 1873 449 1943 mente‚non
459 1867 493 1928 in
506 1867 665 1929 voluntate
679 1869 844 1931 resideant.
895 1861 958 1925 Deo
971 1879 1037 1923 casa
1051 1863 1173 1929 dissuit.
1200 1867 1261 1929 Sed
1283 1869 1342 1929 etsi
1362 1889 1420 1950 pro
1443 1891 1481 1932 eo
1503 1879 1596 1954 utque
1622 1895 1672 1943 su·

87 1960 205 2023 Proinde
218 1959 468 2022 ideoeaPairlbutt
481 1967 650 2040 δημιουργιιοὶ
658 1961 782 2040 λόγοι,ὶά
787 1966 844 2039 atti,
894 1958 1015 2032 ‘Petilli
1028 1960 1075 2020 bii
1087 1956 1122 2019 in
1128 1956 1207 2029 aliia,
1216 1961 1351 2023 accubari
1360 1962 1392 2024 id
1401 1962 1435 2023 in
1443 1968 1593 2044 adpossit,
1604 1987 1670 2035 non

85 2052 199 2115 mbae
221 2052 592 2133 efficimusappellantur,
615 2056 651 2112 ut
667 2052 846 2115 aZaabnris
894 2051 1057 2111 esttamen
1073 2053 1189 2113 tamara
1210 2051 1417 2129 damnandus,
1439 2057 1523 2135 quod
1540 2059 1580 2120 sd
1594 2060 1671 2124 cala·

85 2145 245 2226 Mitylenmo
258 2144 340 2207 libro
352 2143 388 2206 dc
401 2143 511 2206 Haedi
523 2141 656 2225 opificio,
676 2145 845 2207 ablaximo
893 2135 983 2203 brem
1002 2139 1092 2205 illum
1113 2159 1131 2201 c
1152 2140 1320 2207 Proverbiis
1334 2144 1438 2209 locum
1461 2148 1615 2229 alluserit,
1635 2153 1670 2215 in

85 2238 118 2298 ad
128 2238 267 2318 quintum
277 2242 370 2317 caput
383 2235 547 2298 deDiciois
561 2233 738 2312 semissibus,
755 2243 845 2318 ἀρχαι
893 2248 956 2309 (1¹10
969 2239 1071 2295 uate
1091 2233 1200 2299 iudam
1213 2235 1364 2315 sapientis
1376 2238 1491 2301 dicibir
1500 2240 1524 2302 ⁸.

84 2334 151 2405 stes,
165 2330 321 2393 removal
336 2328 496 2411 principia
515 2327 637 2389 isitium
658 2328 844 2408 mauginam
931 2324 1125 2402 Augustinus
1147 2344 1272 2406 quoque
1291 2329 1326 2390 in
1349 2336 1435 2393 sexto
1461 2331 1497 2394 de
1521 2333 1671 2399 Probitate

84 2419 185 2486 ictis.
211 2424 251 2485 Ut
271 2441 311 2483 ex
329 2421 451 2483 duobus
469 2421 646 2501 complexas
658 2436 724 2481 erse
737 2438 844 2483 camus
892 2414 965 2475 titiis
987 2415 1136 2492 indieti',
1158 2419 1345 2499 exemplaris
1366 2423 1519 2486 rationem
1538 2428 1671 2507 poetilio

84 2513 141 2576 illas
152 2515 342 2595 exemplares
356 2517 486 2588 constet,
502 2529 572 2591 qum
587 2518 739 2575 vocantur
752 2512 841 2591 idea,
891 2508 1134 2586 remeassent,
1154 2511 1205 2575 cui
1222 2516 1254 2575 at
1275 2512 1421 2592 imaginis
1443 2521 1474 2577 et
1491 2519 1602 2598 speciei
1616 2539 1670 2583 no·

84 2624 183 2688 nempe
204 2626 243 2669 en
264 2606 392 2668 notione
415 2603 578 2666 mentiret
603 2604 772 2666 voluntatis
793 2605 845 2667 de
892 2598 978 2659 minu
991 2618 1061 2679 quaa
1075 2601 1158 2662 illius
1171 2604 1296 2684 propria
1309 2611 1393 2683 sunt,
1408 2608 1572 2689 insigniter
1595 2632 1670 2693 quia.

83 2704 165 2761 erato.
192 2701 292 2779 Atque
314 2698 358 2759 ita
372 2697 451 2759 nihil
474 2715 493 2758 ιι
515 2695 620 2757 diuina
642 2696 709 2777 ipsa
731 2702 843 2759 natura
892 2690 995 2755 dsunt.
1015 2693 1093 2757 Nem
1117 2694 1226 2757 Hilarii
1239 2696 1357 2761 dictum
1371 2698 1465 2762 breve
1479 2708 1511 2763 et
1523 2711 1669 2783 argutum

83 2791 183 2852 dsunt
208 2793 297 2867 ideae,
312 2790 360 2850 uti
380 2806 483 2868 neque
505 2787 649 2851 notiones
671 2792 704 2849 at
720 2789 843 2851 decreta
891 2783 1034 2862 explicat,
1054 2804 1070 2843 c
1084 2786 1240 2849 eternitas
1254 2788 1289 2849 in
1304 2790 1403 2866 Patre,
1419 2793 1536 2871 species
1548 2795 1670 2859 inimu-

82 2882 230 2946 ubeudem
250 2884 305 2945 ille
327 2882 512 2961 discrepant.
537 2879 674 2959 Alioqui,
695 2886 731 2942 ut
752 2900 842 2961 argu·
890 2875 984 2951 gina,
1010 2894 1086 2939 usus
1104 2878 1139 2939 in
1161 2896 1304 2942 munere.
1335 2903 1350 2941 ιι
1379 2883 1439 2944 Ubi
1462 2888 1668 2952 eternitatem

83 2980 226 3036 mentitur
239 2973 407 3052 Dionysius
420 2977 452 3034 et
464 2970 630 3047 Maximus,
646 2977 725 3035 assat
737 2972 843 3052 aliqua
891 2968 974 3029 Patri
986 2969 1108 3044 tribuit,
1125 2970 1200 3049 quia
1214 2972 1297 3033 solus
1311 2992 1376 3034 non
1395 2974 1596 3058 hebetaque
1615 2982 1667 3059 sit,

82 3076 160 3144 aaut,
173 3067 205 3127 in
219 3069 296 3141 Deo,
310 3066 426 3126 hocest
439 3062 602 3145 duplicitas
616 3069 647 3123 et
660 3065 842 3143 compositio
889 3060 1024 3139 speeiem
1047 3061 1191 3140 imagini,
1213 3063 1316 3127 idest
1338 3066 1451 3143 Verbo,
1476 3071 1558 3149 quod
1582 3073 1617 3132 in
1631 3093 1669 3135 eo

86 3176 119 3219 cn
135 3161 196 3220 Deo
217 3160 286 3239 ipso
300 3163 331 3219 et
353 3155 455 3220 ideal.
472 3154 621 3229 Quocirca
646 3155 752 3219 divina
775 3157 842 3237 ipsa
890 3157 1027 3231 paterne
1052 3153 1193 3215 ementita
1222 3157 1428 3238 omniumque
1460 3179 1567 3225 rasum
1597 3182 1669 3244 qum

82 3259 180 3313 ustura
200 3257 236 3313 ut
258 3268 308 3311 rec
321 3249 528 3330 procreandas
556 3247 703 3324 conduct,
729 3265 841 3329 eosque
889 3243 998 3307 insunt
1011 3244 1083 3324 ipsi,
1103 3245 1325 3310 similitudines
1339 3252 1551 3331 continentur,
1567 3256 1668 3335 cujus-

82 3345 243 3405 nonsolum
267 3345 478 3422 representat,
503 3340 558 3401 sed
580 3338 675 3401 etiarn
702 3339 742 3401 ad
760 3340 842 3420 ipsus
890 3336 976 3400 modi
1000 3342 1073 3401 suut
1091 3337 1179 3400 ideae.
1192 3340 1253 3401 Sed
1275 3341 1360 3404 bunc
1381 3343 1484 3407 locum
1508 3347 1583 3409 abbi
1600 3348 1667 3428 jam

82 3436 240 3499 mobandas
266 3439 298 3494 et
311 3431 526 3513 producendas
549 3430 631 3491 illius
651 3430 717 3492 um
732 3438 763 3493 et
776 3450 842 3494 om·
890 3429 1101 3508 exposuimus.

81 3527 273 3607 nipotontinm
286 3525 401 3604 dirigit,
416 3524 485 3585 idea
494 3522 685 3585 nominatum.
929 3521 983 3581 ix.
1008 3523 1161 3583 ueterum
1176 3524 1286 3586 codem
1307 3526 1341 3587 in
1362 3529 1460 3608 capite
1473 3532 1667 3611 Augustinus

45 3640 62 3671 a
113 3621 187 3681 ulti.
200 3620 280 3680 Hinc
293 3614 841 3697 adsapientinrn,adeoqucdiuinu1u
893 3613 1059 3675 «Verbum
1082 3616 1137 3677 Dei
1161 3622 1261 3678 artem
1283 3620 1453 3698 quamdam
1466 3627 1668 3688 vocatomni·

82 3710 204 3773 Vcrbum
227 3709 313 3791 quod
328 3713 359 3769 et
381 3707 534 3788 sapientia
557 3711 604 3768 est
624 3712 656 3767 at
676 3724 715 3768 ιιι
728 3707 842 3769 intelli·
890 3706 1125 3786 potentisatque
1139 3709 1288 3788 sapientie
1303 3711 1369 3787 Dei,
1385 3713 1511 3792 plenam
1524 3719 1667 3781 omnium

79 3804 295 3879 ςιιιιίιοιίιιιι,
311 3800 450 3862 revocari
464 3819 484 3860 a
496 3798 638 3861 Patribus
653 3798 840 3860 solentideae
889 3799 1047 3861 rabanum
1080 3798 1252 3862 viventium
1283 3801 1603 3885 incommutabilium,
1636 3818 1668 3872 ot

80 3895 145 3957 dum
164 3915 215 3958 eas
238 3896 274 3955 in
297 3893 399 3954 Verbo
421 3891 575 3953 contineri
590 3891 707 3952 dicunt.
723 3893 767 3953 De
779 3910 842 3971 qua
889 3908 1000 3952 omnes
1013 3910 1115 3953 unum
1130 3892 1163 3952 in
1177 3912 1224 3969 co,
1240 3894 1401 3975 sicutipse
1419 3916 1517 3959 unuin
1537 3902 1576 3961 de
1589 3920 1665 3979 ιιιιο,

79 4005 108 4047 re
118 3988 245 4050 eximius
259 3991 306 4048 est
319 3984 462 4063 origenis
475 3981 581 4044 locus¹
598 3984 636 4044 sd
645 3982 700 4045 illa
710 3984 841 4045 ioannis
890 4002 964 4044 curn
978 4002 1041 4065 quo
1057 4001 1157 4045 unum
1168 3980 1191 4047 ⁸.
1206 4006 1223 4042 ο
1240 3987 1357 4047 Auctor
1369 3989 1465 4050 etium
1478 3990 1551 4052 libri
1563 3993 1600 4054 dc
1612 3993 1665 4055 ia·

79 4077 466 4162 vehulnprinoptoems
484 4073 781 4155 volcientium
795 4075 842 4136 in·
889 4076 1079 4151 cornminus,
1104 4076 1158 4154 qui
1189 4076 1266 4139 falso
1297 4079 1471 4157 Augustino
1494 4082 1663 4148 tribuitur:

77 4176 250 4254 terpretetur
264 4171 409 4234 rotimus
432 4167 607 4257 cuiusmodi
620 4172 667 4228 eet
688 4166 723 4228 in
737 4173 841 4229 mente
893 4187 910 4224 ι
931 4167 968 4228 lu
989 4167 1047 4228 hac
1059 4167 1127 4246 ipsa
1146 4168 1306 4247 sapientise
1328 4171 1535 4249 subsistentia,
1550 4175 1663 4256 inquit,

78 4265 201 4342 nereis,
221 4287 237 4324 s
252 4270 289 4325 ut
301 4263 474 4325 secundum
488 4258 672 4339 sapientiem
682 4263 715 4319 et
734 4278 841 4321 secun-
889 4258 1064 4337 maomnis
1076 4258 1174 4320 virtus
1189 4278 1225 4321 uc
1239 4261 1425 4325 deformatio
1438 4265 1551 4328 luituras
1565 4268 1666 4332 meroe

78 4356 142 4419 dum
154 4352 470 4437 flgmuseollectionis
479 4351 758 4431 intelligentiarum
769 4370 840 4431 qum
890 4351 1240 4425 ercammarum
1259 4372 1331 4434 quaa
1352 4354 1566 4437 principaliter
1582 4361 1664 4423 exis-

77 4451 184 4511 suntin
197 4450 276 4531 ipsa,
293 4447 370 4508 fient
383 4445 500 4507 omnia.
516 4442 635 4523 Opinon
648 4442 745 4519 enim,
761 4444 842 4505 siam
888 4447 971 4519 tunt,
994 4443 1044 4504 val
1065 4461 1174 4505 eorum
1195 4462 1266 4525 qum
1286 4448 1429 4510 accidunt
1442 4459 1665 4532 cousequenter

77 4540 175 4605 dumus
188 4548 220 4604 ct
232 4539 322 4603 navis
334 4538 501 4600 fabricatum
513 4536 564 4597 vel
577 4534 841 4614 edificaturjurtu
889 4534 1003 4596 virtute
1016 4536 1217 4615 prescientia
1231 4538 1429 4618 praeformata
1448 4549 1541 4622 atque
1559 4545 1663 4625 dispo-

107 4752 125 4794 s
142 4736 243 4795 Hirta.
252 4732 493 4807 mutilium-part.
506 4730 527 4786 l.
536 4733 649 4801 Patwp.
664 4728 706 4784 lli.
719 4728 767 4784 lli.
779 4728 842 4791 Tdst
888 4729 945 4791 τώς
956 4728 1047 4801 λόγους
1057 4731 1172 4802 γινώσκει
1179 4731 1259 4786 πάντα
1268 4733 1324 4805 spis
1332 4734 1451 4806 γινςιςως
1459 4735 1551 4793 vim
1562 4741 1663 4805 ,οὔτως

77 4817 157 4890 λόγοις
175 4820 274 4874 saeos
300 4822 349 4872 τῶν
371 4816 510 4889 aspectans
535 4812 599 4885 lpus
622 4812 711 4875 aaut
728 4810 840 4883 spiras
889 4812 916 4867 bl
939 4812 996 4873 sabe
1017 4812 1142 4884 λόγοοςδ
1168 4815 1341 4888 Ἀριοισγίτιις
1358 4818 1484 4882 Διονύσιοι
1497 4825 1663 4896 ιιρσορισμοος

78 4900 164 4961 Qua
177 4902 319 4975 οφιιτῶται
330 4897 455 4971 talmatii,
467 4895 522 4955 κατ’
535 4895 622 4959 stau
632 4896 677 4962 tis
686 4913 713 4953 ss
723 4893 839 4966 ἀόρατον,
888 4894 1017 4959 astitui
1028 4895 1082 4949 θιῖιι
1096 4896 1234 4968 usitasse.

77 4985 113 5038 nt
132 4985 173 5054 τὴν
193 4984 283 5057 ipsuis
304 4983 459 5050 ὑπωτήσατο
482 4978 576 5047 κτίσιν,
611 4976 674 5037 κατὰ
689 4977 732 5033 τοι
752 4977 840 5031 δέοντα
923 4977 1064 5035 bliarttt.
1093 4978 1124 5031 El
1153 4979 1200 5053 γὰρ
1221 4980 1254 5053 μὴ
1276 4981 1361 5045 istm
1383 4986 1424 5038 sel
1445 4983 1540 5047 lamias
1558 4981 1607 5043 tlte
1636 4989 1662 5045 et

78 5068 152 5139 rupit
165 5075 243 5123 τοιιῖοιι
258 5068 289 5123 τά
302 5085 329 5121 τι
342 5065 458 5128 καθόλου,
474 5064 515 5117 sel
527 5060 558 5116 sis
571 5062 624 5115 καθ’
636 5061 748 5117 ἕκαστον·
764 5062 839 5132 λόγος
888 5057 959 5121 ἰδέαι,
975 5061 1071 5127 νοήσεις
1080 5058 1285 5135 ὓτιρηπλιομέναι
1299 5059 1370 5121 οὖσαι
1384 5070 1429 5125 τοῦ
1443 5066 1660 5143 inmoriemur»,

78 5148 119 5221 γὰρ
131 5148 229 5205 histos
242 5157 293 5205 τῶν
307 5148 386 5205 ὄντων
404 5145 620 5221 προκαθηγήσατο,
641 5143 695 5198 καθ’
714 5144 743 5198 ὃν
765 5146 839 5198 τοῦτο
886 5143 926 5195 καὶ
938 5140 1124 5215 οπερηνωμὲνοο
1138 5145 1204 5209 θεοῦ,
1218 5146 1329 5210 σύνθετος
1340 5150 1368 5202 ἂν
1380 5146 1419 5217 εἴη
1430 5149 1483 5212 θεὸς
1495 5148 1662 5229 agapeta?

78 5232 162 5302 γέγοιι·
175 5236 304 5305 τοιγαροῦι
320 5229 394 5302 ἓντῷ
408 5228 456 5301 θεῷ
468 5229 566 5283 πάντων
582 5224 605 5280 oi
616 5226 688 5299 λόγοι
703 5229 837 5298 scripum,
888 5242 964 5297 ματος
978 5225 1019 5278 sul
1034 5223 1130 5279 ἑαυτοῦ·
1148 5227 1208 5300 ὅπερ
1222 5229 1325 5299 διπλόην
1340 5229 1464 5303 ὠνόμσσι.

79 5314 124 5367 nu
137 5317 177 5378 οὓς
191 5324 268 5371 ταῦτα
291 5312 320 5373 te
341 5312 375 5385 μὴ
395 5312 474 5367 ὄντων
490 5308 599 5378 ἐποίησε,
611 5310 652 5363 καὶ
665 5308 728 5363 κατὰ
739 5309 838 5371 τούτους

103 5493 112 5536 t
123 5495 180 5541 ton.
192 5497 209 5542 t.
220 5496 247 5541 iss
257 5498 355 5543 tosse-
365 5493 380 5538 i
390 5493 452 5540 Pius.
467 5503 515 5537 urs.
529 5510 558 5526 —
568 5492 582 5535 a
592 5491 643 5546 cap.
655 5502 674 5534 ι.
682 5509 710 5525 -
722 5489 735 5533 t
746 5487 865 5535 tidsGuit.
878 5487 946 5535 Paris.
959 5487 1040 5535 tusas
1050 5489 1131 5536 mett.
1142 5495 1213 5537 esest.
