3942 6168
279 350 335 410 taz
781 348 1107 409 'l'flEoLoutcoltUM
1132 346 1359 409 nosnatura

276 510 451 573 inveniatur
470 513 503 574 in
522 531 569 574 ea.
590 514 707 593 Nempe
732 512 765 573 in
787 517 885 574 semet
903 530 1046 587 manens,
1099 512 1328 592 Deiproprium
1339 510 1742 572 aitutuihilsitnisibeus.
1759 511 1855 584 «Quo

276 604 361 683 quod
378 604 481 682 babet,
502 611 563 681 est;
579 611 611 667 et
624 606 709 684 quod
723 609 779 681 est,
795 622 917 684 semper
938 609 970 665 et
985 623 1049 665 uno
1098 605 1184 666 niam
1195 605 1301 678 homo,
1315 604 1427 682 inquit,
1441 622 1506 664 non
1524 603 1642 681 integre
1654 602 1757 682 ipsum
1773 602 1856 663 homo

276 696 370 757 modo
384 703 440 759 cst.
457 699 493 758 ln
506 716 543 759 ea
556 703 587 759 et
600 697 698 759 multa
711 698 744 758 in
758 715 869 772 unum,
886 702 918 759 et
930 696 1050 758 diversa
1099 702 1156 773 est,
1169 716 1205 758 ac
1216 715 1271 776 per
1283 696 1342 757 hoc
1353 715 1411 756 nec
1421 695 1600 756 substantia.
1615 695 1704 769 Quod
1714 693 1798 755 enim
1810 700 1855 769 cst,

277 788 311 849 in
326 789 408 873 idepr
425 791 619 870 rediguntur,
637 796 672 851 ut
687 808 745 851 nec
760 789 981 851 numerositate
999 808 1049 849 re·
1099 788 1168 849 aliis
1179 789 1346 868 debetque
1359 806 1423 849 non
1434 788 1620 848 sunthomo.
1634 790 1715 848 Deus
1725 806 1799 850 vero
1810 787 1858 849 boc

276 899 349 942 rum
363 888 465 943 sumat
478 883 695 964 planitatem,
712 902 769 944 nec
782 882 996 943 alterationem
1012 882 1050 942 dc
1099 882 1203 961 ipsum
1213 882 1298 960 quod
1310 886 1366 957 ast,
1379 883 1461 941 Deus
1471 886 1527 943 est.
1545 881 1607 941 Nec
1623 881 1709 940 enim
1724 879 1808 940 aliud
1821 884 1859 940 cst

278 974 423 1035 vmetate
440 976 560 1036 sentiat.
574 998 589 1032 u
1100 974 1160 1033 nisi
1182 973 1267 1053 quod
1290 978 1346 1049 est,
1370 978 1463 1052 atque
1486 972 1545 1033 boc
1567 972 1670 1052 ipsum
1682 972 1763 1033 Deus
1774 976 1856 1032 csta

119 1083 177 1125 acus
188 1080 241 1142 stu·
319 1066 370 1126 tx.
384 1065 486 1128 Aliam
498 1067 700 1147 simplicitatis
711 1085 847 1143 caumas,
861 1072 892 1127 et
903 1084 973 1128 eam
985 1065 1051 1144 qui·
1101 1065 1190 1139 Nam,
1205 1070 1241 1125 ut
1263 1064 1306 1125 ait
1317 1065 1507 1126 Novatianus
1528 1064 1561 1126 in
1579 1063 1678 1144 capite
1696 1069 1782 1125 sexto
1800 1062 1860 1124 libri

123 1137 241 1232 liborii?
279 1158 351 1218 dem
363 1159 516 1220 eruditam
528 1159 681 1221 Maximus
700 1165 821 1240 martyr
832 1160 915 1238 apud
932 1158 1049 1236 Euthy·
1100 1155 1135 1218 de
1152 1156 1321 1217 Trinitctc:
1343 1178 1359 1214 «
1371 1157 1441 1218 Non
1458 1156 1552 1219 habet
1569 1155 1603 1217 in
1614 1174 1646 1217 se
1664 1156 1862 1217 diversitatem

280 1250 379 1310 mium
391 1252 529 1330 suggerit
541 1250 563 1312 ¹.
582 1274 597 1308 a
615 1251 753 1331 Simplex
772 1256 828 1327 est,
849 1251 961 1329 inquit,
978 1249 1052 1329 quia
1101 1249 1148 1310 sui
1160 1248 1310 1329 quidquid
1322 1254 1368 1309 est
1379 1249 1520 1330 simplex.
1535 1271 1551 1306 a
1566 1249 1730 1313 Ansehnus
1743 1249 1777 1309 in
1793 1248 1860 1310 Pro·

279 1341 1047 1423 interminatus.Interminatusquiactinfiuitus.»
1100 1340 1218 1421 relegio,
1245 1341 1343 1422 cupite
1366 1358 1440 1402 xrnr
1462 1363 1478 1399 c
1497 1341 1652 1420 Quidquid
1670 1346 1716 1402 cst
1734 1340 1863 1420 partibas

281 1435 430 1496 Praeclare
448 1437 577 1497 omuino
597 1435 823 1515 simplicitatem
841 1452 881 1495 ex
899 1433 1050 1494 infinitate
1096 1433 1253 1513 junctum,
1265 1452 1330 1493 non
1340 1439 1387 1495 est
1397 1433 1525 1494 omnino
1536 1451 1648 1508 unum,
1661 1433 1715 1494 aed
1725 1434 1863 1513 quodam·

279 1526 404 1606 colligit.
419 1528 463 1588 Ita
474 1529 560 1589 enim
577 1527 719 1588 infinitus
726 1533 772 1588 est
782 1526 960 1604 Deus‚nihil
971 1532 1007 1587 ut
1017 1526 1051 1587 in
1102 1526 1196 1587 modo
1208 1525 1298 1605 plura
1316 1530 1347 1586 et
1364 1525 1551 1586 diversuma
1574 1525 1685 1604 seipso,
1700 1524 1793 1585 etrel
1803 1531 1862 1586 actu

280 1635 317 1678 eo
328 1618 440 1679 sitnon
452 1619 622 1695 infinitum,
632 1620 690 1681 hoc
698 1624 743 1681 est
750 1619 834 1697 quod
841 1637 905 1679 non
912 1618 951 1679 sit
958 1620 1049 1680 Deus.
1102 1618 1151 1679 vel
1163 1617 1321 1680 intellectu
1332 1617 1456 1677 dissolvi
1468 1621 1585 1697 potest:
1607 1635 1677 1696 quae
1689 1616 1791 1677 abens
1802 1622 1864 1677 sunt

280 1710 386 1790 Neque
398 1711 483 1771 euim
495 1717 642 1791 potestas
653 1730 718 1772 uon
730 1712 794 1771 ileo
806 1715 945 1771 constare
957 1713 1050 1773 Deus.
1102 1716 1173 1784 ate,
1187 1728 1250 1791 quo
1261 1710 1339 1771 nihil
1351 1708 1463 1771 melius
1474 1709 1602 1788 cogitari
1613 1715 1748 1789 potest.»

280 1803 362 1864 Tum
374 1821 412 1864 ex
424 1803 519 1864 finitis
530 1804 612 1865 inter
623 1803 779 1883 sejunctis
791 1802 916 1863 nonnisi
927 1803 1052 1865 finitum
1142 1803 1181 1862 X.
1195 1801 1484 1880 Hisetiamadjrnrgi
1491 1801 1637 1881 potestad
1647 1800 1864 1881 simplicitatem

279 1894 421 1956 efficitur.
435 1897 535 1970 Quare
545 1896 697 1976 quidquid
708 1896 787 1956 inest
799 1896 873 1971 Deo,
894 1895 1053 1957 infinitum
1101 1895 1336 1956 mersandam
1347 1893 1425 1954 ratio
1437 1894 1504 1969 ista,
1518 1893 1603 1972 quod
1615 1894 1697 1954 Deus
1709 1911 1747 1954 ex
1766 1912 1829 1955 sese
1838 1898 1865 1955 et

280 1987 319 2047 sit
331 1993 462 2067 oportet.
478 1988 576 2050 Nullae
599 1988 824 2067 igittnsuntin
842 1993 1005 2068 copartes.
1021 1989 1053 2050 Si
1102 1993 1238 2065 quantus
1267 1991 1402 2065 quantus
1426 1991 1481 2063 est,
1507 1985 1660 2065 perfectus
1681 1990 1727 2046 est
1756 1985 1865 2066 sibique
1969 2011 1970 2032 t

280 2079 407 2159 quidem
428 2099 500 2160 pars
518 2080 632 2156 omnis,
653 2099 718 2142 aon
730 2079 832 2141 solum
850 2098 869 2140 a
884 2085 950 2141 toto
961 2080 1055 2142 distat
1102 2079 1266 2153 sufficiens,
1280 2079 1365 2158 quod
1387 2077 1516 2139 minime
1539 2096 1650 2139 verum
1674 2084 1754 2139 εεεεῖ
1772 2077 1798 2137 si
1819 2096 1866 2157 per
1970 2145 1971 2170 χ

280 2190 379 2252 eoque
396 2172 501 2234 minor
521 2178 577 2248 est,
601 2172 767 2234 sedetiam
779 2172 819 2233 ab
838 2172 935 2233 altera
952 2178 1050 2253 parte.
1102 2176 1205 2251 partes
1227 2171 1323 2232 veluti
1345 2169 1645 2231 factamscdirisam
1664 2170 1865 2249 haberetpcr-
1970 2171 1971 2186 ¹

281 2264 360 2325 Nam
372 2264 434 2325 fine
452 2264 556 2343 aliquo
575 2265 772 2344 terminoque
793 2264 1054 2326 circumscribitur
1100 2264 1276 2339 lectionem,
1289 2281 1420 2343 eamque
1432 2261 1562 2342 singular
1582 2263 1745 2342 qualitates
1756 2281 1792 2323 ac
1807 2280 1867 2342 pro

281 2360 335 2415 aut
343 2355 541 2433 extensionis,
555 2361 590 2416 ut
601 2356 635 2417 in
642 2356 822 2436 quantitatis
836 2357 973 2436 partibus
982 2378 990 2433 ;
999 2362 1054 2418 aut
1102 2358 1246 2436 prietates
1256 2356 1357 2436 reipsa
1368 2356 1495 2416 diversa
1509 2354 1701 2434 complerent
1712 2354 1866 2434 particula·

281 2448 403 2508 virtutis
421 2447 685 2527 repensatione,
711 2448 791 2509 utin
809 2448 973 2528 qualitate;
999 2456 1054 2512 aut
1102 2449 1221 2528 timque
1243 2448 1439 2510 conficerent.
1453 2448 1544 2508 Hunc
1555 2447 1659 2508 locum
1667 2447 1867 2527 pulcherrime

282 2540 421 2601 essentie
444 2560 480 2601 ao
500 2540 709 2616 delinitionis,
740 2540 803 2602 sive
835 2552 879 2602 τοῦ
894 2549 918 2604 τί
931 2547 960 2618 lv
976 2544 1050 2619 εἶναι,
1102 2541 1135 2602 in
1158 2560 1244 2604 nouo
1264 2540 1344 2601 libro
1362 2540 1496 2601 Hilarius
1518 2539 1661 2614 illustrat,
1687 2558 1786 2619 eoque
1808 2540 1867 2619 imo

282 2636 318 2692 nt
329 2632 362 2693 in
374 2632 551 2693 substantiis
575 2632 687 2694 evenit.
701 2634 801 2706 Quare
824 2651 1053 2713 quamcumque
1101 2634 1292 2695 demonstrat
1302 2632 1382 2693 nibil
1392 2650 1457 2693 esse
1468 2633 1502 2693 in
1515 2634 1603 2693 Patre
1616 2632 1786 2710 quodcum
1798 2630 1867 2691 Filio

281 2724 315 2783 in
334 2725 398 2785 Deo
417 2728 538 2804 partem
559 2724 769 2799 constitueris,
790 2744 827 2785 aa
845 2730 881 2785 ut
899 2725 938 2785 ab
957 2726 1053 2787 altera
1103 2744 1167 2786 non
1199 2725 1418 2800 communicet,
1453 2726 1530 2786 dum
1566 2742 1640 2785 eum
1664 2743 1682 2783 e
1704 2723 1868 2785 substantia

281 2815 484 2894 murensis,
499 2817 583 2896 quod
595 2816 691 2897 hujus
703 2817 865 2896 proprium
884 2822 930 2879 est
947 2820 1052 2879 exclu-
1102 2818 1202 2897 gignit
1223 2836 1289 2879 sua.
1318 2839 1334 2874 c
1357 2818 1447 2877 Pater
1471 2817 1556 2878 enim
1579 2815 1789 2877 universitatis
1810 2815 1869 2894 ejus

282 2906 334 2968 det
341 2915 372 2968 et
378 2926 415 2969 eo
428 2909 552 2970 carebit.
567 2909 784 2970 Eodemsensu
794 2908 873 2969 illud
885 2910 1053 2989 Ephroemii
1102 2929 1172 2990 quae
1184 2910 1218 2971 in
1230 2929 1263 2971 se
1275 2915 1331 2985 est,
1352 2910 1442 2969 Pater
1455 2915 1511 2983 est,
1533 2926 1661 2969 omnem
1673 2926 1707 2969 se
1725 2909 1759 2969 in
1771 2926 1807 2970 eo
1817 2908 1868 2969 ba·

282 2999 466 3062 tnumhcni
496 3000 614 3062 dictum
643 3001 830 3080 interpretor
859 3002 943 3081 apud
973 3002 1051 3064 Pho·
1103 3005 1190 3079 heus,
1205 3003 1255 3064 cui
1265 3021 1331 3064 non
1349 3001 1389 3062 sit
1406 3020 1445 3062 ex
1457 3001 1599 3080 portione
1611 3001 1696 3081 quod
1710 3002 1867 3062 Paterast:

282 3092 383 3154 thium
396 3092 419 3169 ¹,
437 3114 453 3151 r
465 3092 574 3155 Solum
585 3095 686 3155 Deum
705 3111 770 3154 csse
782 3093 964 3173 simplicem,
978 3114 1054 3175 quo
1103 3114 1169 3156 non
1182 3095 1267 3175 quod
1276 3094 1336 3155 sibi
1345 3112 1456 3155 eorum
1467 3111 1603 3173 quasue
1612 3097 1697 3167 sunt,
1714 3094 1802 3153 Pater
1811 3093 1870 3172 ipse

282 3184 367 3246 niam
390 3184 520 3246 minime
542 3185 790 3264 circumscriptus
813 3190 859 3246 est
868 3206 876 3260 ;
903 3188 1054 3267 quidquid
1104 3188 1159 3263 sit;
1173 3188 1227 3249 sed
1239 3186 1323 3266 quod
1333 3186 1368 3247 in
1380 3186 1429 3247 his
1440 3186 1553 3266 quibus
1571 3187 1637 3265 ipse
1656 3190 1713 3260 est,
1735 3186 1764 3246 ei
1775 3185 1871 3265 quiex

282 3276 366 3338 enirn
379 3277 643 3357 circumscriptum
651 3281 707 3353 est,
716 3277 748 3336 id
754 3296 820 3338 non
831 3278 1052 3359 essesimplex:
1103 3298 1136 3341 se
1148 3284 1204 3355 est,
1220 3283 1401 3359 patertotus
1417 3279 1466 3339 sit.
1492 3279 1612 3339 Etcum
1625 3277 1799 3339 secundum
1820 3278 1872 3338 lra-

282 3369 389 3430 omnia
400 3386 493 3448 porro
508 3372 622 3447 praeter
634 3371 734 3428 Deum
746 3386 811 3430 esse
823 3371 1050 3449 compositae»
1104 3369 1449 3451 manorumcorporum
1462 3376 1590 3432 naturas
1608 3389 1680 3449 quae
1698 3370 1871 3449 exdispari·
1946 3390 1951 3403 ·

322 3460 363 3520 dt
374 3459 539 3538 Gregorius
557 3460 714 3538 Nyssenus
731 3478 770 3520 ex
788 3461 843 3521 Dei
861 3461 1054 3540 simplicitate
1103 3465 1163 3525 bus
1173 3462 1363 3525 conveniunt
1385 3468 1417 3524 et
1434 3481 1473 3524 ex
1494 3462 1672 3542 compositis
1693 3463 1870 3535 musistunt,

282 3549 837 3630 vicbsimejusinfinitatemapprohat
849 3551 871 3629 ³,
886 3553 959 3632 quia
970 3558 1055 3634 quod
1105 3576 1170 3618 non
1188 3555 1283 3636 possit
1306 3554 1365 3616 nisi
1389 3554 1534 3616 omnium
1556 3572 1687 3615 suorum
1705 3553 1774 3634 quis
1791 3559 1873 3634 pater

283 3641 500 3722 simplexea,
527 3642 614 3703 nulla
637 3644 683 3704 rei
705 3643 798 3704 ullius
821 3645 1055 3725 participatione
1105 3667 1187 3711 esse:
1202 3648 1369 3726 dumquod
1381 3648 1874 3727 inunoquoqueestgenerumac

283 3732 369 3794 relat
376 3733 501 3811 formae,
521 3733 583 3795 tale
595 3752 660 3795 esse
671 3734 789 3814 aliquid
811 3735 934 3812 dicitrn,
958 3739 1056 3802 veluti
1105 3742 1256 3822 partium,
1269 3739 1302 3800 id
1312 3739 1346 3800 in
1364 3739 1429 3800 filio
1442 3739 1586 3800 nativum
1603 3737 1737 3818 perfecta
1755 3756 1871 3799 conser-

284 3824 414 3901 bonum,
438 3825 570 3906 sapiens,
595 3846 635 3887 ne
658 3846 697 3888 ex
715 3827 851 3906 subjecto
868 3830 1056 3908 etqualitate
1105 3840 1172 3894 vet:
1187 3832 1553 3912 omniumergosuorum
1560 3832 1787 3910 quispaterest‚
1802 3832 1874 3892 dam

285 3918 465 3999 compositio
477 3919 587 3979 existat
604 3919 718 3998 aliqua.
733 3920 866 3982 Proinde
878 3940 979 4002 neque
992 3942 1057 3985 ma·
1105 3944 1144 3987 ex
1156 3924 1301 3986 omnibns
1313 3923 1456 3986 nativitas
1468 3929 1500 3984 et
1510 3923 1545 3984 in
1555 3921 1701 3984 omnibus
1712 3928 1827 3983 manet.
1840 3923 1875 3982 it

281 4009 334 4088 jus
345 4011 515 4072 autminus
532 4011 637 4072 locum
648 4012 710 4074 illic
721 4012 824 4089 babet,
838 4018 874 4074 ut
887 4016 1055 4094 magismi-
1105 4017 1222 4079 cumin
1234 4017 1298 4078 lieo
1310 4033 1375 4077 non
1386 4016 1448 4077 sint
1462 4014 1634 4095 corporalia
1651 4014 1706 4075 sed
1725 4012 1871 4087 absolata,

285 4121 382 4164 nusae
400 4103 520 4164 bouum
537 4105 576 4163 sit
594 4123 694 4165 unum
712 4105 826 4181 altero;
847 4107 930 4167 unde
949 4126 1055 4170 conse·
1106 4127 1207 4189 neque
1228 4108 1410 4189 particulata
1425 4107 1479 4168 sed
1496 4111 1562 4167 tota
1580 4112 1611 4167 et
1633 4106 1790 4181 universa,
1816 4121 1875 4165 non

286 4212 384 4273 quens
394 4195 444 4269 sit,
458 4196 582 4257 nullum
604 4196 751 4259 bonitatis
768 4196 812 4257 ibi
829 4215 894 4258 esse
913 4198 1009 4260 finem
1021 4219 1057 4261 ac
1106 4201 1259 4261 aiiificata
1270 4198 1618 4276 sedviva‚totusvivens
1629 4203 1769 4259 etunum
1778 4201 1877 4258 totum

285 4286 466 4348 torminum.
481 4289 581 4361 Quare
592 4289 750 4350 inlinitum
761 4289 800 4349 sit
811 4295 943 4369 oportet.
1107 4295 1199 4369 Deus,
1220 4293 1297 4353 dum
1319 4310 1384 4353 non
1397 4310 1436 4351 ex
1459 4290 1801 4370 portionecompositus
1823 4294 1876 4365 est,

137 4393 243 4456 ariera
326 4377 1058 4446 Athanasiusinlibrchontradrianosrationes
1107 4386 1161 4448 sed
1173 4402 1211 4445 ex
1233 4382 1426 4464 simplicitate
1440 4382 1593 4462 perlectus
1610 4387 1673 4457 est;
1694 4399 1817 4443 neceme
1836 4386 1880 4442 εεῖ

116 4449 265 4548 afflig.
288 4468 378 4531 affert
404 4477 468 4533 tres
496 4491 592 4551 quare
614 4474 695 4535 Deus
725 4475 947 4554 compositione
971 4477 1059 4538 omni
1108 4484 1144 4540 ut
1155 4477 1325 4539 secundum
1338 4476 1421 4554 quod
1434 4476 1591 4550 estPater,
1610 4473 1878 4555 ipsesitomniam

138 4561 244 4655 rffiffl·
289 4568 400 4623 eareat.
414 4564 517 4626 Prima
528 4571 573 4626 est
584 4567 668 4645 quod
679 4566 719 4626 sit
738 4573 825 4647 μονὰς,
837 4566 869 4627 id
887 4572 933 4628 est
944 4567 1057 4645 unitas,
1109 4588 1238 4632 suorum
1251 4569 1279 4630 ei
1291 4586 1386 4647 quem
1397 4586 1477 4629 exse
1483 4566 1689 4646 genuitPater
1699 4572 1792 4641 totus,
1806 4564 1880 4627 dam

289 4671 360 4733 quar
382 4661 485 4734 partes
508 4657 610 4718 attilas
632 4658 743 4733 habet3
768 4660 913 4736 secunda,
939 4661 1060 4738 quoda
1111 4680 1185 4724 eum
1202 4662 1325 4721 Patrem
1337 4678 1376 4720 ex
1399 4660 1462 4720 suis
1480 4660 1625 4721 omnibus
1648 4659 1791 4719 natiutas
1809 4656 1876 4718 rtlti

289 4744 377 4805 nullo
389 4752 436 4807 est
445 4748 559 4824 iactum
573 4749 664 4810 tertia
682 4751 766 4829 quod
783 4749 823 4811 sit
840 4751 1058 4813 immutabilis:
1110 4753 1244 4835 perlecta
1256 4757 1491 4812 consummat.»

290 4836 378 4916 cujus
389 4839 484 4901 rerba
495 4846 601 4920 postea
611 4841 788 4903 reddemus.
806 4843 931 4903 Boetius
941 4861 1016 4904 vero
1029 4843 1063 4904 in
1151 4843 1285 4905 Hrrcilla
1307 4849 1449 4904 veterum
1471 4842 1698 4922 argumentatio
1711 4845 1827 4922 spectat
1842 4839 1880 4901 de

290 4928 370 4990 libro
389 4929 424 4992 dc
451 4930 599 4994 Trinitatc
622 4933 732 5012 primae
750 4933 796 4993 illi
814 4935 1011 5015 rationique
1024 4954 1063 4997 ex
1113 4954 1175 5016 qua
1186 4935 1259 4996 alibi
1270 4935 1389 4996 dicetur
1402 4931 1413 4966 ⁸
1428 4952 1435 4993 :
1449 4934 1519 4995 ideo
1545 4953 1709 5014 nunquam
1728 4951 1793 4995 non
1805 4931 1881 4994 exat

291 5023 425 5085 monade
442 5026 535 5086 ducta
546 5031 602 5098 cst,
623 5024 810 5104 suffragatur
822 5026 899 5087 dum
921 5027 981 5088 hoc
999 5045 1064 5089 esse
1112 5027 1183 5089 tissa
1198 5025 1320 5105 Filium,
1334 5027 1567 5107 quiaperpetuo
1578 5026 1637 5088 fuit
1648 5029 1735 5088 Pater
1745 5023 1879 5103 sapiens,

330 5269 351 5309 a
372 5250 476 5315 Ἁπλοῦς
498 5252 525 5305 δὲ
540 5254 615 5325 μόνος
633 5251 697 5307 ἐστὶν
711 5251 726 5305 ὁ
739 5251 809 5324 θεὸς,
826 5251 1004 5325 ἀπεριγραπτος
1017 5252 1063 5306 ὧν·
1113 5254 1178 5307 trior
1192 5254 1274 5307 πάντα
1287 5252 1397 5307 σύνθετα.

294 5339 341 5392 πᾶν
355 5335 404 5408 γὰρ
428 5335 458 5389 rb
475 5336 638 5407 uapqpcrrrbr
658 5334 707 5408 οὐχ
725 5334 830 5389 ἁπλοῦν
862 5336 893 5390 τὰ
910 5334 937 5389 δὲ
956 5334 1023 5407 παρὰ
1036 5335 1066 5390 rb

322 5534 332 5577 t
347 5531 395 5577 Par.
407 5529 426 5581 l,
440 5528 473 5574 ur.
486 5528 633 5578 11.-tc'od.
644 5531 747 5578 raa-a
760 5530 808 5575 bib.
820 5529 908 5583 1,cou.
920 5531 1013 5577 durem.
1026 5540 1077 5585 pag.
1088 5530 1116 5573 tn
1125 5528 1178 5573 edit.
1191 5527 1317 5575 areu-t
1328 5526 1375 5573 Lib.
1391 5526 1426 5579 ll,
1439 5530 1466 5572 rte
1479 5526 1558 5573 recta
1571 5538 1621 5589 asp.
1635 5538 1684 5570 uu.
