4030 6204
411 294 460 355 DE
479 293 555 355 nro
575 292 717 367 DEIQUE
737 288 1078 365 PROPRIIs'l'ATIBUS,
1100 290 1173 350 LlB.
1195 289 1247 365 VI,
1270 291 1353 351 CAP.
1375 290 1427 351 Vl.
1657 291 1717 352 est

118 466 217 538 atque
241 458 507 521 incommutabilis
536 459 624 529 boni,
653 459 712 520 hoc
739 463 785 519 est
810 456 896 519 illius
946 454 1051 516 didem
1060 471 1159 516 cemes
1167 454 1230 515 illes
1246 455 1487 530 constituuntur,
1501 464 1628 538 propter
1641 478 1719 539 quas

119 552 289 614 ineffabilis
297 552 467 627 Trinitatis,
481 570 572 631 aquo
581 570 714 627 summo,
730 556 766 612 ut
779 552 896 613 dietum
946 547 1021 607 mali
1048 553 1133 608 actor
1147 552 1291 608 auctorne
1309 565 1385 625 esse,
1400 548 1461 624 rel,
1477 550 1561 628 quod
1572 551 1648 613 inde
1661 572 1717 615 ne·

120 649 179 721 est,
209 650 302 724 atque
327 644 575 705 incommutabili
606 644 690 704 hono
717 644 896 705 universam
946 639 1075 700 eemerio
1096 640 1246 719 sequntur,
1266 657 1391 719 peccare
1414 643 1496 702 Deus
1517 642 1647 704 omnino
1661 664 1716 707 ne-

119 736 282 797 eonditam
306 735 382 797 dicit
404 754 468 797 esse
496 741 680 811 creaturam,
707 741 896 815 naturasque
946 738 1050 810 queat.
1076 731 1110 792 ld
1128 732 1214 792 enim
1234 732 1336 792 solum
1354 732 1429 793 muli
1451 739 1498 795 cst
1520 752 1612 796 causa
1634 738 1718 816 quod

119 845 233 889 omnes
243 827 509 907 bonas,quamvis
521 828 656 907 impares
669 827 811 903 creatori,
822 828 897 907 quie
945 822 1067 900 delicie
1087 825 1161 903 qrria
1179 829 1339 904 peccatum
1361 827 1487 886 nonnisi
1505 828 1640 889 delectus
1660 835 1716 891 est.

119 938 161 981 ex
181 919 282 981 nihilo
305 925 432 996 creatas,
452 920 585 999 ideoque
607 919 787 995 mutabiles3
803 919 848 981 ita
862 926 898 981 ut
947 915 1013 975 Hoc
1033 933 1108 976 vero
1131 916 1262 977 deficere
1280 916 1382 977 solum
1404 923 1514 997 potest,
1538 922 1622 1000 quod
1635 927 1667 981 et
1680 940 1718 983 ex

119 1012 254 1073 omnino
275 1012 362 1073 nulls
380 1017 492 1095 natura
509 1012 559 1089 sit,
580 1030 650 1091 quas
672 1030 738 1073 non
760 1017 814 1073 aut
831 1013 896 1092 ipse
946 1006 1043 1068 nihilo
1064 1008 1180 1069 iactum
1201 1015 1256 1084 est,
1285 1015 1316 1069 et
1333 1015 1380 1070 est
1401 1012 1582 1073 mutationis
1609 1032 1715 1094 capax.

118 1103 174 1179 sit,
199 1110 255 1164 aut
280 1104 409 1184 abipso
433 1104 514 1165 facta
540 1104 611 1164 sit:
637 1110 673 1164 ut
692 1109 895 1183 quantacum-
947 1099 1034 1173 Quod
1045 1106 1150 1161 autem
1170 1101 1251 1161 nihil
1264 1101 1324 1162 nisi
1337 1108 1449 1164 neutra
1460 1109 1515 1178 est,
1530 1123 1631 1184 neque
1645 1126 1719 1186 que·

119 1213 197 1275 que,
208 1201 263 1257 aut
276 1196 508 1275 qualiscumque
522 1201 633 1259 natura
647 1196 697 1271 sit,
705 1196 783 1257 etin
797 1215 897 1275 quan-
945 1190 1065 1252 litatem
1101 1193 1217 1269 ullam,
1257 1199 1310 1254 eut
1350 1196 1555 1257 accessionem
1591 1198 1719 1262 alterius

118 1293 319 1350 tumnsturu
333 1295 390 1365 est,
405 1288 581 1350 bonumsit.
599 1290 747 1363 Quaerunt
761 1289 896 1368 itaquae
947 1285 1167 1364 cujuscumque
1213 1304 1323 1365 capere
1361 1292 1482 1367 potest,
1529 1290 1563 1351 id
1603 1294 1719 1354 mutari

120 1378 236 1458 nobis,
264 1381 348 1442 unde
370 1381 411 1441 sit
437 1381 567 1442 malum.
599 1382 831 1461 Respondemus
858 1400 897 1443 ex
948 1378 1076 1438 omnino
1105 1397 1170 1439 non
1201 1383 1312 1457 potest,
1338 1398 1440 1460 neque
1469 1380 1509 1441 eh
1539 1389 1661 1459 nauus,
1687 1385 1719 1447 id

119 1471 223 1547 beno,
252 1473 307 1535 scd
341 1491 406 1534 non
432 1490 556 1534 summo
588 1478 620 1533 et
648 1472 896 1535 incommutabili
947 1474 993 1529 est
1029 1488 1048 1530 a
1089 1471 1188 1551 seipso
1234 1472 1376 1533 deficere.
1421 1494 1436 1530 (ι
1455 1473 1559 1549 Mela,
1615 1477 1719 1555 inquit

120 1563 220 1626 beno.
233 1565 278 1625 Ex
292 1565 383 1625 bonis
394 1565 491 1644 igitur
499 1565 698 1627 inferioribus
722 1573 815 1646 atque
829 1585 896 1628 mu·
946 1561 1138 1640 Augustinus
1162 1564 1197 1623 in
1226 1562 1307 1625 lihro
1329 1565 1413 1625 XXII
1435 1563 1471 1626 de
1493 1564 1622 1629 Ciuitate
1643 1567 1716 1639 Dei,

119 1655 272 1718 labilibus
289 1662 358 1718 orte
370 1662 443 1718 sunt
463 1656 554 1718 mola
575 1658 650 1732 Quas
671 1658 754 1719 mulo
767 1659 837 1720 lieet
850 1660 897 1721 in·
946 1672 1013 1733 cap.
1030 1672 1051 1731 1,
1068 1656 1198 1716 omnino
1215 1656 1303 1717 nulla
1320 1664 1432 1733 essent,
1449 1657 1512 1718 nisi
1527 1665 1640 1720 natura
1653 1678 1721 1722 mu-

118 1748 301 1828 telligemus
313 1768 379 1810 non
396 1767 461 1811 esse
481 1755 617 1823 natiuae,
635 1751 689 1811 sed
709 1751 784 1811 vitia
803 1757 896 1813 ustu-
945 1746 1057 1817 tabilis,
1074 1748 1216 1826 quemvis
1239 1748 1364 1809 bonaet
1376 1767 1527 1811 asumma
1541 1752 1720 1833 Dee,atqnc

119 1858 242 1916 renim,
258 1847 365 1904 umen
386 1843 481 1903 simul
498 1842 701 1922 intelligimus
714 1861 761 1920 es,
783 1844 845 1904 nisi
859 1862 898 1904 ex
946 1837 1192 1901 incommutabili
1213 1838 1307 1917 hono,
1332 1842 1387 1922 qui
1412 1842 1496 1903 bona
1518 1844 1623 1906 omniu
1645 1864 1719 1907 con·

119 1933 294 2013 aliquibus,
317 1940 350 1996 et
370 1936 404 1996 in
427 1935 581 2014 aliquibus
601 1935 722 1996 naturis
744 1954 809 1997 esse
832 1954 897 1998 non
947 1931 1037 2008 didit,
1058 1932 1210 2008 instituta,
1235 1935 1391 2013 peccando
1414 1936 1495 1996 mele
1514 1954 1551 1997 ee
1578 1937 1638 1998 sihi
1661 1938 1720 2019 ipsi

119 2044 224 2106 pesse,
236 2045 293 2089 nee
304 2028 422 2107 aliquid
431 2046 496 2089 esse
509 2029 640 2105 malum,
654 2028 715 2090 nisi
728 2047 746 2089 a
759 2029 898 2090 bonitate
946 2023 1111 2086 fecisset.»
1154 2027 1221 2100 Quo
1261 2026 1338 2087 illud
1379 2028 1474 2087 etiam
1512 2029 1720 2110 Athenagoras

120 2118 289 2180 delectum.
313 2121 373 2182 Sed
394 2120 482 2199 cuim
502 2120 665 2198 delectum,
684 2121 745 2182 nisi
768 2122 898 2200 eliqu'ns
947 2116 1081 2178 refertur
1107 2118 1259 2198 superiori
1293 2118 1392 2199 capite
1424 2128 1717 2203 commemoratum,

119 2211 193 2272 sine
206 2212 399 2273 dubitatione
408 2213 554 2275 naturoe‘l
568 2214 647 2287 Quia
661 2218 692 2274 et
705 2213 772 2294 ipse
784 2216 896 2276 volun·
951 2211 1071 2270 «Deum
1085 2209 1123 2270 ud
1144 2209 1178 2271 id
1191 2211 1275 2290 quod
1298 2218 1405 2272 contra
1427 2219 1573 2274 neutram
1591 2221 1637 2275 est
1654 2235 1719 2279 non

119 2308 170 2364 tas
184 2304 401 2365 malanonnisi
414 2305 543 2384 alicujus
555 2306 753 2367 estvoluntas
760 2308 897 2386 profecto
947 2318 1035 2381 posse
1049 2319 1212 2364 movere.»
1231 2303 1281 2364 Sic
1294 2304 1381 2365 Titus
1395 2304 1565 2368 Bostrensis
1578 2307 1658 2369 libro
1671 2327 1719 2371 se·

120 2400 257 2457 naturae.
273 2397 311 2456 Et
330 2396 467 2476 Angelus
487 2398 602 2477 quippe
624 2396 763 2459 ethome
777 2404 896 2461 neturae
948 2394 1050 2455 cundo
1071 2399 1179 2456 contra
1201 2394 1404 2472 Munichae083
1430 2399 1647 2473 «tamenim,
1668 2402 1718 2463 in-

120 2493 208 2548 sunt.
231 2489 301 2549 Non
315 2489 401 2549 enim
417 2493 518 2569 potest
532 2508 597 2550 esse
611 2490 728 2551 ntdlius
741 2491 896 2569 volumtas,
948 2485 1025 2565 quit,
1043 2487 1083 2547 sit
1103 2488 1276 2549 secundum
1288 2493 1444 2567 naturam,
1460 2488 1655 2554 immutabile
1673 2501 1722 2556 est

121 2580 249 2659 quando
277 2586 323 2642 est
346 2580 500 2643 voluntas.
525 2584 564 2642 Et
584 2587 707 2643 mutum
726 2583 831 2644 velem
853 2602 897 2645 ere
947 2580 977 2640 ei
991 2579 1255 2660 nollequidquam
1267 2580 1504 2644 malihccre¹.o
1523 2585 1566 2644 De
1580 2602 1643 2664 quo
1657 2587 1720 2647 Titi

120 2671 312 2748 voluntates,
343 2677 379 2733 ut
404 2692 513 2735 earum
538 2678 736 2751 naturarum,
764 2694 898 2754 querum
947 2670 1015 2732 loeo
1033 2671 1104 2734 vide
1118 2692 1188 2752 quae
1202 2690 1296 2753 supra
1313 2673 1459 2750 diximust,
1477 2694 1549 2737 cum
1562 2676 1601 2739 de
1616 2680 1721 2740 Omni·

121 2769 209 2839 sunt,
237 2765 350 2825 faeiem
377 2765 551 2844 qualitates.
576 2767 655 2827 Nam
686 2767 712 2827 si
740 2774 898 2846 quaeratur
947 2764 1086 2843 potentia
1098 2766 1155 2827 Dei
1168 2767 1376 2845 loqueremur.

122 2856 226 2936 qualis
259 2857 300 2917 sit
330 2858 474 2938 angelus,
506 2857 556 2919 vel
581 2858 676 2918 homo
714 2859 805 2920 malae
841 2878 895 2921 vo·
988 2857 1120 2936 Cyrillus
1144 2858 1372 2919 Alexandrinus
1397 2860 1547 2938 exquisita
1579 2860 1720 2927 oratione

121 2948 263 3025 lunhtis,
277 2950 447 3011 rectissime
458 2951 672 3030 respondetur,
688 2951 789 3012 malus
799 2953 898 3032 magis
947 2947 1032 3009 hunc
1045 2948 1178 3009 illustrat
1186 2949 1290 3010 locum
1300 2950 1334 3009 in
1347 2950 1428 3011 libro
1442 2953 1553 3031 quinto
1569 2952 1720 3017 Commen-

120 3040 278 3121 accipiens
287 3042 445 3121 qualitatis
459 3060 576 3104 nomen
587 3060 626 3104 ex
633 3042 792 3105 voluntate
803 3045 895 3123 mala,
946 3040 1092 3101 terrerum
1104 3041 1137 3101 io
1149 3041 1302 3110 joannan,
1315 3060 1388 3103 cum
1397 3042 1450 3103 ills
1464 3044 1559 3105 verba
1568 3044 1718 3125 declarat3

120 3148 221 3212 quam
241 3151 280 3194 ex
298 3139 410 3195 natura
427 3134 512 3194 bone
530 3154 537 3195 z
554 3134 704 3214 quoniam
725 3142 839 3196 natine
852 3141 898 3198 est
947 3131 1089 3213 smmpto
1111 3133 1190 3213 sacro
1213 3132 1304 3201 nibil,
1329 3134 1389 3195 hoc
1409 3140 1455 3196 cst
1478 3143 1584 3198 centra
1607 3138 1719 3200 volun-

120 3224 191 3305 ipsa
201 3225 373 3287 substantie
386 3230 418 3286 et
428 3226 586 3303 bonitatis,
602 3231 633 3287 et
646 3226 773 3288 malitias
787 3245 894 3308 capax.
946 3228 1042 3286 tatem
1055 3231 1227 3306 putenm.
1243 3226 1331 3301 Quod
1345 3226 1388 3288 sic
1401 3227 1640 3308 intelligendum
1651 3250 1719 3296 mo·

121 3317 275 3379 Bonitatis
288 3336 384 3398 capax
396 3324 443 3380 est
451 3318 688 3398 participatione
702 3319 777 3379 boni
792 3320 897 3382 :meli-
947 3322 1017 3391 net,
1050 3323 1086 3378 ut
1121 3336 1186 3379 non
1219 3318 1334 3380 virtute
1366 3320 1518 3398 quadam,
1552 3322 1721 3386 voluntatis

119 3409 200 3469 fiam
213 3427 288 3471 uero
302 3411 385 3490 capit
399 3429 464 3471 non
486 3410 721 3490 participatione
742 3412 827 3490 mab,
842 3414 897 3474 sed
947 3409 1097 3471 electione
1119 3411 1264 3490 quaesita,
1291 3418 1322 3472 et
1342 3411 1376 3471 in
1392 3411 1536 3473 habitum
1558 3433 1717 3492 conversa,

120 3501 298 3582 privatione
313 3502 403 3578 boni;
418 3502 452 3563 id
471 3508 595 3564 estnon
614 3503 831 3566 commiscetur
843 3524 898 3567 na·
946 3520 1109 3581 nunquam
1123 3505 1235 3564 abono
1245 3509 1276 3565 et
1287 3504 1420 3566 honesto
1434 3505 1571 3567 Christus
1585 3508 1717 3586 recedat,

121 3599 215 3667 terra,
242 3613 312 3674 quse
339 3594 456 3674 aliquid
479 3595 598 3656 malum
625 3600 685 3671 est3
711 3597 784 3675 quia
809 3598 897 3660 nulla
946 3595 1000 3655 sed
1020 3601 1056 3655 ut
1084 3595 1123 3656 sit
1143 3595 1346 3658 immutabilis
1373 3603 1494 3659 natura>
1514 3598 1572 3661 iste
1589 3599 1718 3664 fruetus.

120 3692 248 3764 namra,
269 3687 304 3747 in
324 3692 478 3766 quantum
492 3692 603 3748 natium
616 3692 673 3763 cst,
698 3688 817 3749 malum
831 3696 893 3751 est:
946 3686 1026 3746 Nam
1043 3687 1101 3747 sin
1114 3687 1207 3749 rebus
1221 3689 1341 3759 creatis,
1359 3690 1472 3770 inquit,
1488 3696 1595 3772 utpote
1607 3693 1720 3773 quain

120 3779 178 3842 sed
201 3779 273 3858 quia
282 3779 385 3841 deficit
397 3799 417 3840 a
430 3785 542 3841 notura
552 3798 623 3859 ques
636 3788 896 3862 summumatque
945 3778 1101 3840 deteriora
1111 3780 1226 3840 mutari
1239 3787 1377 3860 possunt,
1396 3788 1427 3842 et
1438 3783 1722 3849 conversionibusa

119 3872 378 3934 incommutabile
401 3876 447 3933 est
472 3872 602 3947 bonum,
632 3879 796 3952 propterea
822 3876 896 3954 quia
946 3870 1127 3932 melioribus
1151 3873 1190 3933 ad
1210 3871 1352 3952 tmpiora
1374 3876 1492 3943 cedere,
1518 3876 1638 3939 fruetus
1660 3880 1721 3940 erit

120 3980 189 4025 non
203 3964 242 4025 de
254 3964 319 4039 illa,
333 3964 389 4025 sed
407 3964 446 4025 de
464 3964 563 4024 nihilo
576 3963 655 4024 loeta
668 3970 724 4025 est.
747 3965 897 4046 Alioquin
945 3962 1098 4041 religiosas
1119 3964 1243 4032 mentis,
1270 3971 1302 4024 et
1324 3964 1359 4024 in
1376 3965 1524 4027 virtutem
1544 3987 1717 4050 propensae,

120 4075 182 4118 nec
203 4056 320 4117 malem
339 4057 533 4118 voluntatem
553 4055 667 4117 habere
695 4062 807 4136 posset,
833 4058 896 4119 nisi
945 4054 1074 4115 bouum.
1103 4054 1143 4115 At
1170 4056 1203 4115 in
1227 4056 1333 4116 dimna
1357 4062 1389 4117 et
1408 4058 1515 4119 omnia
1551 4063 1720 4125 excedente

119 4148 284 4209 mutabilis
304 4154 393 4210 emet.
408 4148 564 4210 Mutabilis
586 4155 811 4227 personatum
830 4168 896 4210 non
945 4147 1127 4224 substantia,
1143 4166 1208 4208 non
1230 4148 1275 4208 ita
1297 4167 1346 4209 res
1367 4150 1471 4211 habet.
1491 4151 1619 4214 Sublata
1633 4154 1720 4217 enim

119 4245 214 4317 esset,
228 4241 255 4300 si
275 4241 314 4302 de
328 4242 392 4302 Deo
412 4246 501 4317 esset,
526 4258 592 4301 non
614 4240 653 4300 ab
667 4239 721 4301 illo
743 4241 781 4302 dc
795 4240 895 4303 nihilo
946 4239 1117 4300 mutatione
1136 4240 1223 4301 omni
1251 4245 1283 4301 et
1295 4243 1508 4318 conversione,
1532 4263 1634 4326 neque
1651 4247 1719 4310 loco

119 4335 332 4394 formasset.»
945 4331 1227 4405 huicullorslicto‚
1244 4332 1388 4414 deinceps
1401 4333 1720 4401 fructuseritimmn-

164 4425 204 4486 11.
225 4425 284 4486 Hic
300 4423 467 4503 Augustini
489 4424 575 4485 locus
596 4424 689 4503 paulo
709 4424 804 4486 etiam
825 4426 895 4486 lon·
944 4422 1048 4485 tabilis
1059 4424 1249 4501 substantiae,
1260 4424 1380 4487 bonum
1392 4443 1399 4487 ε
1412 4429 1677 4507 quemadmodum
1688 4440 1721 4494 et

118 4516 194 4597 gior
209 4517 380 4596 descriptum
400 4522 447 4578 est
465 4534 485 4576 a
502 4515 603 4593 nobis,
624 4516 773 4594 quoniam
795 4516 892 4595 adid,
945 4517 979 4579 in
993 4517 1066 4596 igne
1080 4517 1173 4591 calor,
1195 4517 1275 4577 etin
1296 4519 1369 4580 nive
1390 4518 1549 4600 frigam.»
1571 4523 1616 4584 lta
1629 4523 1719 4587 Phile

119 4608 208 4691 qued
229 4610 376 4689 indagare
395 4609 565 4683 studemus,
585 4607 660 4669 mali
680 4609 897 4671 scilicetnatu-
945 4610 1073 4672 iudaeus
1112 4610 1147 4671 in
1177 4609 1259 4671 libro
1287 4609 1322 4671 dc
1350 4608 1511 4675 Nominum
1543 4617 1717 4695 motatione,

118 4719 203 4777 ram,
218 4721 283 4764 non
301 4718 414 4783 parum
429 4698 601 4781 adjumenti
615 4700 801 4781 suppeditat,
816 4706 897 4764 utet
944 4700 1023 4764 illud
1050 4721 1218 4783 exponens,
1242 4704 1327 4783 quod
1347 4704 1506 4768 Abraham
1527 4704 1660 4772 cecidisse
1685 4710 1719 4771 in

119 4794 217 4877 paulo
231 4796 302 4877 post
314 4794 437 4875 plenius
447 4792 610 4872 constabit,
626 4798 657 4854 et
671 4811 755 4855 nunc
770 4802 832 4855 tres
845 4794 894 4856 in·
945 4794 1055 4876 facian
1076 4793 1179 4857 suom’
1213 4813 1317 4857 coram
1339 4799 1403 4858 Deo
1430 4802 1530 4863 stante
1552 4801 1714 4865 scribitur:

161 5023 293 5079 actutu.
309 5020 358 5077 lib.
374 5022 397 5079 V
412 5023 445 5076 to
458 5024 543 5076 lours.
568 5014 629 5072 ’Est
649 5019 692 5093 pb
710 5018 757 5093 γὰρ
775 5026 825 5075 τῶν
843 5038 896 5075 nrt·
946 5020 1031 5083 etates
1046 5019 1094 5094 οὐχ
1108 5019 1196 5083 οὕτως.
1213 5019 1372 5084 ἀλλοιώσεως
1386 5021 1445 5095 γὰρ,
1459 5025 1500 5078 ccl
1514 5026 1607 5097 τροπῆς
1621 5025 1716 5098 ἁπάσης

118 5106 237 5179 σμένον,
248 5107 291 5160 ἅτε
304 5104 334 5172 δὴ
349 5102 390 5157 καὶ
405 5105 537 5177 τραπέσθαι
551 5104 691 5175 δυναμένων
706 5101 746 5159 cu
759 5104 791 5157 τὰ
809 5103 894 5178 χείρω,
947 5103 1103 5178 ἐξῃρημένης,
1116 5103 1157 5156 καὶ
1167 5105 1243 5157 τόπον
1258 5103 1302 5157 οὖν
1318 5101 1421 5178 ἐχούσης
1435 5104 1635 5180 obbianum&
1648 5108 1716 5166 ἔσται

117 5190 165 5244 καὶ
173 5186 434 5263 μεταὸολαῖςύπείνειν
442 5187 497 5248 ταῖς
507 5185 670 5259 ἐξάμεινόνων
679 5186 718 5243 ἐπὶ
726 5184 758 5241 τὰ
767 5185 895 5260 αἰσχίονα,
945 5186 1032 5241 λοιπὸν
1054 5184 1139 5247 οὐσίας
1160 5186 1361 5257 ἂπαραποιήτον,
1385 5188 1414 5241 rb
1435 5187 1545 5261 ἀγαθὸν,
1568 5193 1651 5267 ὥσπερ
1673 5190 1716 5250 οὖν

116 5275 217 5345 sapuit
237 5273 266 5324 ἂν
285 5268 324 5338 εἴη
344 5270 471 5332 θεοσεὸοΰς
493 5289 519 5323 τε
541 5270 582 5322 καὶ
596 5270 726 5342 φιλαρέτον
740 5271 840 5343 γνώμης
866 5269 896 5323 rb
946 5268 1031 5343 ἀμέλει
1044 5268 1085 5322 set
1098 5265 1123 5321 lu
1138 5268 1195 5342 πυρὶ
1210 5270 1240 5323 rb
1254 5270 1351 5342 θερμὸν,
1365 5269 1519 5346 κα1ἐνχιόνι
1532 5275 1562 5329 τὸ
1575 5275 1678 5351 topper

118 5357 225 5430 ἀγαθόν.
241 5353 281 5408 ἐπὶ
294 5355 322 5408 δέ
336 5373 365 5427 γε
379 5357 423 5422 τῆς
437 5352 515 5417 θείας,
534 5353 574 5406 sul
587 5351 619 5407 τὰ
632 5353 712 5408 πάντα
725 5352 896 5426 ὑπερκειμένης

163 5476 174 5519 1
187 5477 251 5522 Tem.
263 5474 291 5519 11
302 5473 358 5520 hibi·
370 5474 470 5519 rurum.
483 5472 534 5516 *2
545 5474 599 5519 deo·
610 5483 664 5517 sun
