4030 6204
326 349 385 408 teo
831 340 1157 406 r'aeotouleolttltt
1177 341 1396 407 DOGMATUM

325 509 464 571 animam
485 523 611 567 omnem
634 506 753 568 occulto
776 506 923 585 quodam,
949 511 981 566 at
1001 504 1093 566 insito
1144 523 1237 569 usum
1250 505 1900 586 quemdam,aclructum,sivccommeduar
2007 490 2008 505 ¹

326 601 427 663 ιιιιιιιο
452 599 526 660 lerri
551 598 586 659 in
613 599 732 659 benum
759 599 885 675 ament,
916 598 1037 660 etiamsi
1063 597 1095 659 id
1144 597 1277 658 refertur
1293 618 1300 658 :
1318 599 1595 678 eoquemedonen
1607 598 1674 659 aliia
1685 603 1900 677 tanmmmedo,

327 694 459 772 ignoret,
474 691 560 752 velut
573 690 767 753 divinitatem
782 689 805 752 ¹.
1144 690 1198 751 sed
1211 690 1269 751 sibi
1286 690 1381 752 edam
1401 692 1481 752 Deus
1502 690 1561 770 ipsi
1574 690 1675 751 bonus
1692 697 1749 765 est,
1768 692 1835 770 quia
1850 693 1903 754 sibi

367 785 483 845 Verum
507 783 587 844 inest
612 784 646 844 iu
670 783 746 845 boni
772 789 885 844 natura
908 788 939 844 et
963 780 1095 843 essentia
1146 782 1280 845 maxime
1296 782 1629 862 convenit,eteoipso
1645 783 1905 846 escendisse

326 878 412 956 prius
425 875 541 954 aliquid
554 875 941 954 etantiquiushabitudine
954 875 1018 948 illa,
1033 892 1096 952 erra
1146 873 1273 951 quidem
1291 875 1392 954 reipsa
1412 892 1444 936 se
1462 879 1557 951 amat,
1576 879 1608 935 et
1625 875 1707 950 ideo,
1724 875 1796 953 quia
1814 875 1907 937 bonas

168 956 294 1054 ,ξξξξξὶζῗίξ
326 971 375 1030 sui
389 974 586 1049 appetentem
605 968 739 1047 respicit.
762 969 839 1029 Cum
863 968 949 1029 enim
967 985 1023 1027 eur
1046 983 1096 1026 res
1146 970 1201 1037 est,
1218 966 1277 1029 hoc
1292 972 1338 1027 est
1350 966 1408 1027 sibi
1421 967 1576 1041 convenit,
1592 972 1623 1029 et
1638 967 1678 1027 ed
1692 967 1853 1029 beandum
1866 974 1909 1030 cst

173 1064 280 1108 causeo.
326 1062 429 1141 aliqua
443 1061 476 1121 in
490 1065 572 1121 certo
592 1077 707 1138 genere
729 1060 908 1139 reponenda
929 1059 968 1119 sit
992 1056 1096 1137 inqui·
1145 1058 1331 1137 aptissimus,
1353 1064 1446 1138 atque
1469 1059 1503 1119 iu
1528 1077 1561 1120 se
1585 1059 1751 1139 acquiescit
1768 1079 1840 1121 uno.
1862 1061 1908 1122 Sia
2008 1124 2009 1153 ,

325 1155 419 1229 renti,
434 1172 527 1213 causa
544 1152 632 1213 reddi
645 1152 757 1213 melior
774 1152 860 1212 nulla
880 1149 985 1231 possit,
1001 1167 1097 1228 quam
1146 1149 1239 1211 etiam
1253 1156 1362 1211 create
1375 1168 1426 1211 res
1438 1150 1530 1211 bene
1546 1156 1620 1213 sunt
1632 1169 1670 1211 ea
1682 1150 1909 1231 bonitateque

325 1247 407 1307 illius
416 1244 554 1307 definitio
567 1264 574 1319 ;
586 1250 622 1304 ut
631 1245 656 1303 si
668 1244 738 1305 ideo
747 1245 831 1305 dicas
843 1245 969 1304 Petrum
981 1240 1097 1303 animal
1146 1253 1190 1303 τοι
1209 1250 1293 1319 ὄντος,
1308 1243 1341 1303 id
1354 1249 1401 1304 est
1412 1243 1486 1304 cetri
1501 1243 1673 1323 proprietas
1686 1243 1809 1320 dicitur,
1823 1244 1910 1324 idque

325 1357 400 1407 esse,
417 1338 491 1417 quia
503 1354 615 1416 corpus
627 1342 673 1396 est
685 1336 832 1403 sentiens,
848 1336 908 1396 hoe
926 1333 999 1395 siin
1013 1333 1096 1393 beno
1145 1334 1286 1412 proxime
1307 1336 1505 1415 consequitur
1523 1355 1530 1397 :
1558 1335 1660 1410 bone,
1684 1336 1822 1414 inquam,
1842 1344 1911 1399 sunt

324 1432 477 1505 instituas,
493 1448 557 1490 uon
569 1428 623 1488 illa
635 1429 682 1488 uti
695 1428 875 1489 delinitione
885 1427 1011 1506 poteris.
1027 1425 1097 1486 Non
1145 1423 1270 1501 idcirco,
1283 1428 1367 1507 quod
1376 1429 1439 1488 Deo
1449 1434 1627 1506 congruunt
1636 1446 1671 1488 ae
1680 1428 1757 1489 tales
1768 1434 1849 1501 sunt,
1862 1448 1911 1490 ca·

326 1524 410 1584 enim
425 1541 480 1583 cur
493 1520 614 1581 bonum
632 1520 749 1599 aliquid
773 1521 812 1580 sit
835 1537 934 1580 causas
957 1517 1095 1590 affertur,
1144 1516 1281 1594 jusmodi
1294 1538 1359 1580 esse
1376 1520 1485 1595 veluit,
1506 1520 1560 1599 qui
1575 1538 1646 1599 qum
1665 1520 1802 1581 condidit
1820 1522 1911 1583 estere

326 1616 410 1695 quod
423 1613 589 1695 appetitur,
603 1613 656 1672 sed
670 1630 686 1671 e
700 1611 853 1673 contrarie
870 1629 925 1671 cur
936 1613 1098 1690 appetatur
1147 1609 1231 1671 uelde
1244 1629 1301 1671 esse
1316 1611 1391 1673 eona
1405 1611 1482 1673 cidit
1493 1611 1516 1673 ².

326 1726 419 1769 causa
444 1705 595 1779 redditur,
626 1705 707 1784 quod
739 1704 858 1764 bonum
884 1704 933 1763 sit.
959 1702 1028 1763 Non
1054 1706 1099 1762 est
1187 1702 1239 1763 Vl.
1262 1705 1336 1763 llaec
1348 1705 1496 1784 primaria
1507 1710 1563 1779 est,
1578 1709 1609 1764 et
1619 1704 1909 1783 antiquissimsbeai

326 1800 420 1879 igitur
433 1799 508 1860 boni
521 1797 663 1864 essentia,
681 1801 711 1856 et
725 1804 754 1857 τι
768 1805 792 1858 τι
805 1800 835 1872 ιν
851 1798 924 1862 ilvae,
941 1794 980 1855 eb
994 1794 1097 1872 aliquo
1147 1794 1237 1872 ratio,
1257 1814 1318 1875 qua
1337 1804 1401 1857 tam
1420 1797 1485 1877 ipse
1508 1815 1564 1877 per
1581 1816 1625 1873 se,
1648 1804 1680 1858 et
1695 1798 1735 1858 ad
1747 1816 1791 1873 se,
1806 1804 1841 1859 ut
1854 1800 1909 1860 Aa
2009 1844 2010 1873 ,

325 1893 429 1971 appeti
443 1911 451 1951 ι
467 1889 732 1970 quemadmodum
745 1888 844 1948 videri
856 1905 956 1967 posse,
974 1905 1040 1948 non
1053 1891 1099 1947 est
1147 1889 1289 1967 gostinus
1309 1889 1458 1968 loquitur,
1478 1889 1579 1951 bonus
1599 1894 1646 1950 est
1663 1890 1756 1965 Deus,
1771 1892 1908 1968 quemad
2009 1888 2010 1933 ³

325 1985 392 2065 ipsa
405 1984 516 2045 coloris
526 1987 647 2049 natura,
661 1981 872 2059 sedquiddam
885 1979 987 2040 colere
1001 1984 1100 2058 poste·
1147 1982 1293 2043 eumdem
1313 1988 1500 2061 comparatas
1517 2001 1568 2043 res
1585 1987 1705 2043 ceteras
1725 1982 1816 2043 bonai
1831 1990 1908 2044 siat

325 2077 390 2137 rius
403 2096 410 2137 :
424 2076 497 2156 quia
510 2075 596 2155 prius
610 2079 656 2134 est
668 2073 805 2134 colorem
814 2091 890 2141 esse,
905 2090 1000 2151 qtram
1012 2088 1099 2150 posse
1147 2073 1193 2133 Ex
1204 2072 1257 2133 illa
1267 2092 1342 2134 vere
1352 2073 1515 2135 efflorescit
1523 2075 1622 2135 altera
1631 2074 1799 2135 benivelut
1808 2093 1908 2137 semn-

326 2169 435 2230 videri.
458 2168 596 2247 Denique
617 2184 699 2233 cuna,
723 2170 758 2225 ut
778 2184 816 2226 ex
839 2164 986 2244 Dionysio
1005 2163 1098 2242 paulo
1147 2165 1234 2226 daria
1244 2166 1334 2239 ratio,
1351 2172 1491 2245 quatum
1503 2167 1569 2247 ipse
1583 2168 1664 2229 Deus
1678 2167 1718 2227 ad
1729 2186 1779 2228 res
1790 2175 1908 2241 creatas,

326 2267 399 2322 ante
412 2260 664 2334 memoravimus,
680 2258 800 2320 bonum
819 2257 863 2316 ita
879 2256 957 2317 illud
976 2274 1041 2317 esse
1055 2255 1100 2317 di·
1147 2263 1215 2318 tum
1239 2277 1284 2319 eae
1305 2259 1441 2320 invicem
1462 2259 1650 2321 reici-eamr.
1676 2260 1714 2320 ln
1735 2261 1795 2321 lise
1815 2267 1911 2323 autera

326 2358 414 2415 catrrr
432 2352 514 2432 qued
536 2341 642 2411 omni'a
663 2355 825 2430 appetunt,
848 2353 884 2409 ut
902 2366 972 2426 quaa
992 2347 1097 2425 cogni·
1147 2349 1317 2430 posteriore
1334 2352 1479 2412 bonitatis
1500 2352 1600 2432 specie
1619 2352 1719 2413 multe
1740 2353 1849 2414 olarios
1863 2355 1912 2415 illa

326 2445 411 2506 tione
437 2448 510 2505 sunt
536 2443 684 2523 predita,
708 2442 786 2503 illud
813 2439 1025 2520 cognoscendo
1048 2458 1099 2500 ex·
1148 2443 1363 2503 convenientia
1382 2444 1529 2518 cemitur,
1548 2445 1582 2504 in
1601 2463 1664 2523 qua
1681 2444 1758 2505 boni
1777 2450 1913 2507 naturam

326 2541 444 2617 petant,
460 2552 583 2596 necesse
601 2540 648 2594 est
666 2535 802 2613 priorem
821 2538 933 2595 natura
946 2550 1011 2593 esse
1024 2532 1099 2593 boni
1148 2535 1234 2614 prius
1248 2535 1449 2614 Augustinus,
1466 2542 1706 2615 quamautego,
1721 2543 1777 2597 eut
1788 2538 1912 2599 aliiante

326 2628 548 2708 cognitionem,
565 2644 660 2706 quam
680 2625 747 2703 ejus
764 2625 996 2705 appetitionem.
1018 2626 1099 2686 Ante
1147 2644 1209 2702 me,
1229 2626 1398 2688 collocavit.
1418 2628 1498 2688 Nam
1515 2627 1549 2688 iu
1568 2627 1649 2688 libro
1664 2626 1701 2688 de
1713 2627 1835 2691 Nature
1851 2628 1913 2690 ee
2010 2640 2011 2699 ζ

327 2738 401 2800 ergo
420 2720 540 2780 benum
557 2723 613 2794 est,
629 2717 765 2797 bonique
783 2718 924 2793 essentie,
940 2735 1035 2796 quam
1049 2718 1097 2777 ln·
1147 2716 1285 2779 adversa
1305 2718 1495 2796 Manichaei,
1518 2721 1624 2802 *capite
1646 2720 1793 2781 vioedmo
1818 2722 1911 2791 tertio.

326 2812 482 2891 telligatiu
497 2810 611 2890 appeti.
631 2811 731 2883 Quare
749 2828 814 2873 non
834 2815 881 2870 cst
900 2815 1020 2885 οισιιιιης
1033 2809 1096 2885 illa,
1147 2811 1222 2871 mali
1236 2816 1381 2872 naturam
1394 2811 1560 2891 explicam,
1573 2810 1606 2871 id
1617 2811 1651 2873 in
1664 2812 1731 2889 ejus
1742 2812 1913 2875 delinitione

326 2923 428 2985 neque
447 2903 574 2983 propria
587 2901 737 2977 delinitio,
753 2920 824 2980 quea
841 2900 935 2979 vulgo
953 2902 1096 2978 traditur,
1147 2902 1260 2981 posuit,
1277 2904 1361 2982 quod
1372 2903 1473 2964 catilli
1483 2902 1553 2983 ipsi,
1565 2903 1600 2963 in
1610 2903 1761 2983 queboni
1769 2907 1914 2967 rationem

330 3018 346 3057 a
361 3000 483 3058 Bonum
496 2995 528 3055 id
540 3013 616 3071 esse,
632 2995 716 3074 quod
730 2994 835 3055 omnia
848 2998 1006 3072 expetunt.
1018 3014 1034 3050 e
1147 2995 1373 3072 mastitidmus,
1384 2996 1608 3056 convenientias
1616 2997 1821 3058 carnarium.
1836 3000 1915 3060 «lis

366 3090 403 3151 V.
428 3088 568 3149 Aliorum
577 3088 656 3147 ratio
670 3086 848 3166 explicatior
859 3091 915 3161 est,
928 3090 958 3145 et
972 3102 1042 3146 mco
1049 3084 1100 3163 ju·
1147 3086 1207 3163 lus,
1218 3087 1331 3166 inquit,
1343 3088 1466 3161 modus,
1477 3087 1527 3148 vel
1536 3087 1752 3167 malaspeeies,
1763 3089 1814 3149 vel
1822 3090 1915 3151 males

327 3181 419 3257 dicio,
443 3180 661 3259 anteponenda
682 3177 810 3253 crateris,
836 3178 889 3256 qui
912 3176 986 3237 boni
1012 3182 1099 3238 natu·
1148 3181 1236 3254 ordo,
1259 3180 1316 3261 (bis
1331 3186 1437 3241 autem
1458 3181 1492 3240 ia
1509 3180 1621 3250 tribus,
1642 3181 1748 3254 modo,
1765 3183 1874 3261 specie,
1887 3188 1915 3244 st

167 3295 229 3339 astro
242 3294 294 3338 ιοηι
326 3291 407 3349 ram,
421 3292 491 3352 qum
505 3276 551 3332 est
568 3283 612 3333 τοι
627 3279 707 3345 ὄντος,
721 3269 753 3330 id
767 3274 813 3329 eat
826 3268 902 3329 entis
916 3270 1097 3348 proprietas,
1148 3272 1266 3343 ordine,
1276 3272 1351 3333 boui
1359 3273 1512 3333 rationem
1522 3273 1689 3334 consistere
1699 3273 1855 3355 docuerat)
1865 3282 1914 3336 aul

157 3348 297 3445 ,³,¹,¹„,⁰¹2,‘⁰„,2,‘,
327 3366 361 3424 m
376 3371 447 3444 apte
461 3370 492 3424 et
503 3360 683 3423 convenienti
697 3362 786 3422 sitam
798 3379 864 3422 esse
878 3366 1002 3441 putant3
1019 3367 1055 3421 ut
1068 3361 1098 3422 id
1147 3363 1217 3425 ideo
1238 3365 1394 3439 dicuntur,
1408 3365 1482 3443 quia
1501 3365 1625 3426 minora
1643 3371 1727 3439 aunt,
1744 3386 1842 3446 qvmm
1855 3386 1913 3428 csse
2011 3386 2012 3411 ³

204 3454 255 3498 διι-
327 3455 447 3515 bonum
465 3455 627 3529 habeatur,
641 3453 725 3531 quod
747 3458 792 3512 est
811 3451 857 3513 rai
875 3452 968 3513 alicui
985 3471 1097 3512 conve·
1147 3456 1332 3529 debuerunt,
1350 3463 1404 3517 aut
1418 3457 1491 3536 quia
1502 3476 1569 3518 non
1581 3456 1632 3517 his
1644 3456 1739 3518 rebus
1751 3477 1913 3523 acromate

328 3546 428 3623 niens,
442 3552 473 3607 et
493 3551 745 3606 consentaneum.
763 3545 837 3617 Quae
854 3549 901 3605 est
913 3543 1019 3622 opinio
1040 3546 1100 3605 Du·
1148 3550 1272 3624 dentre,
1289 3550 1402 3629 quibus
1415 3550 1679 3611 accommodanda
1697 3556 1784 3625 sunt,
1804 3552 1912 3613 utidse

328 3638 418 3700 randi
430 3636 646 3716 aenignobilis
655 3635 966 3714 deScholamegistri.
977 3636 1099 3697 Etenim
1147 3641 1292 3702 dicantur
1305 3643 1398 3716 mala,
1412 3643 1486 3722 qiua
1498 3648 1572 3705 sunt
1580 3642 1682 3703 aliem
1694 3649 1726 3703 et
1737 3644 1909 3723 incongm.

327 3732 353 3792 si
374 3731 537 3810 diligenter
555 3749 592 3791 ea
614 3734 730 3809 spectes
753 3747 823 3807 qua
841 3728 949 3789 insunt
971 3728 1005 3788 in
1024 3728 1100 3789 beni
1148 3734 1198 3796 Sic
1211 3740 1318 3814 postes
1337 3735 1471 3814 speciem
1490 3733 1606 3795 malem
1619 3734 1680 3795 dici
1698 3735 1751 3809 ait,
1771 3736 1845 3815 qma
1856 3754 1910 3799 soa

327 3823 544 3903 appellatione,
565 3821 784 3900 communique
802 3838 895 3881 sensu
908 3839 944 3881 ac
958 3820 1096 3897 nodone,
1147 3828 1291 3905 congrait
1306 3827 1378 3888 huic
1395 3827 1451 3901 rei,
1470 3826 1519 3887 cui
1533 3826 1671 3887 adbibita
1683 3832 1740 3902 est,
1759 3832 1795 3888 nt
1807 3827 1907 3901 alicus¹

327 3915 474 3994 quamde
488 3933 526 3975 eo
540 3914 621 3975 docti
636 3913 812 3991 indoctique
834 3930 942 3973 omnes
960 3912 1096 3991 capiunt,
1148 3924 1180 3979 et
1191 3918 1413 3979 inconveniens
1427 3917 1578 3979 videabrr.
1595 3938 1611 3976 a

326 4009 405 4069 nihil
425 4008 510 4069 aliud
528 4007 668 4067 invenies
681 4025 736 4067 eur
753 4004 890 4084 quidque
910 4005 950 4065 sit
965 4004 1096 4079 bonum,
1188 4012 1225 4070 Et
1237 4010 1271 4070 in
1292 4010 1373 4069 libro
1394 4009 1529 4071 seeundo
1542 4008 1578 4070 de
1591 4008 1727 4070 Meridie
1746 4008 1910 4073 sameas

325 4107 380 4162 aut
402 4101 621 4181 expetendum,
644 4117 739 4179 quam
760 4098 843 4177 quod
866 4102 974 4177 aptum
997 4098 1047 4174 sit,
1068 4102 1099 4158 et
1148 4121 1226 4169 rein,
1261 4102 1380 4162 malum
1414 4101 1522 4162 itidem
1558 4101 1824 4163 inconvenientiam
1852 4121 1909 4164 ease

326 4193 490 4255 conveniat
506 4212 514 4252 ι
535 4212 632 4272 eaque
651 4190 874 4251 convenentia
890 4207 952 4250 vox
971 4194 1002 4250 et
1020 4191 1098 4250 ratio
1147 4192 1262 4253 scribit.
1282 4214 1298 4251 c
1312 4192 1429 4255 Malum
1443 4198 1500 4266 est,
1514 4193 1626 4271 iuquit,
1644 4194 1730 4272 quod
1743 4200 1849 4255 centra
1858 4214 1909 4255 aa·

325 4284 562 4365 amplitudinem
572 4301 699 4345 omnem
712 4282 857 4343 bonitatis
871 4282 1023 4342 exhaurit.
1038 4284 1097 4342 Ne·
1147 4291 1393 4361 turemestetc,
1404 4285 1437 4345 id
1448 4291 1494 4346 est
1503 4285 1571 4364 ipsa
1579 4285 1835 4358 inconvenientia,
1846 4305 1909 4365 qua

326 4395 479 4457 querere
503 4377 588 4456 qnod
607 4381 717 4437 centra
737 4375 928 4454 superiorem
947 4374 1099 4437 definitio·
1146 4376 1213 4438 sine
1227 4377 1321 4439 dubie
1335 4396 1401 4439 non
1415 4376 1652 4453 estsubstantia,
1663 4377 1783 4439 imccst
1794 4378 1911 4441 inimica

326 4486 399 4529 nem
414 4469 594 4547 objecimus,
606 4467 638 4528 id
647 4468 792 4527 adversus
805 4466 886 4526 hanc
896 4465 1098 4545 posteriorem
1147 4469 1337 4532 substantie.
1355 4491 1371 4527 a
1394 4471 1475 4534 Tum
1493 4489 1500 4530 :
1520 4490 1536 4527 a
1555 4470 1694 4543 Quatuor
1707 4470 1782 4549 ipsa,
1800 4488 1867 4550 quse
1880 4471 1911 4531 ia

326 4561 442 4639 opponi
460 4565 569 4639 potest,
585 4561 672 4640 prius
689 4577 754 4620 esse
774 4576 842 4619 rem
860 4557 987 4633 bonam,
1003 4576 1097 4636 quam
1147 4567 1294 4642 promptu
1321 4566 1405 4635 suut,
1430 4561 1592 4635 elementa,
1614 4561 1685 4641 qiris
1706 4562 1823 4623 dubitet
1842 4581 1911 4642 pre

326 4652 512 4712 conveniens
524 4652 573 4728 sit,
589 4670 662 4713 cum
670 4652 730 4711 hoe
740 4650 817 4730 ipso,
829 4649 913 4729 quod
923 4652 1097 4726 conveniat,
1147 4654 1231 4715 desse
1246 4674 1305 4735 per
1314 4653 1578 4729 convenientiam
1595 4654 1845 4715 inconvenienter
1857 4673 1911 4716 aa·

326 4743 365 4804 sit
378 4744 581 4822 bona,ueque
595 4743 888 4823 priusbona,quam
898 4745 1096 4805 conveniens.
1146 4750 1210 4806 tem
1233 4746 1370 4806 adhibita
1393 4745 1595 4806 vehementer
1620 4745 1750 4807 adversa
1775 4765 1838 4807 esse
1861 4765 1913 4807 aa

326 4836 496 4896 Convenire
510 4853 603 4915 porro
613 4834 691 4895 illud
704 4838 759 4902 est,
776 4852 841 4894 non
855 4835 1011 4914 adequari
1025 4854 1098 4897 cum
1146 4844 1225 4898 turae
1240 4837 1281 4898 8ι
1302 4860 1317 4896 e
1342 4839 1379 4898 Et
1397 4837 1538 4909 subinde,
1563 4838 1746 4918 ultespicite
1768 4858 1841 4919 ergo
1862 4839 1912 4899 ali

325 4928 397 5006 alio,
415 4933 565 5007 tanquam
578 4927 696 5005 regula,
712 4945 774 5005 qua
792 4944 864 4988 cum
878 4927 994 5009 aliqrrid
1013 4946 1097 4988 com·
1147 4930 1282 5009 quande,
1295 4935 1325 4989 et
1334 4928 1493 5001 advertite,
1505 4929 1530 4988 si
1542 4929 1784 4991 substantiaulls
1797 4929 1912 4993 malvam

325 5021 483 5081 metimur.
509 5019 558 5081 Sic
580 5020 665 5080 enim
691 5018 828 5080 veritatis
856 5019 935 5080 ratio
962 5019 996 5079 iu
1016 5038 1099 5080 cem·
1146 5026 1202 5094 est,
1227 5021 1297 5082 ideo
1320 5021 1402 5100 qued
1425 5020 1512 5081 laedit
1525 5020 1671 5101 aliquem,
1692 5022 1805 5097 lucem,
1821 5042 1912 5103 quam

325 5130 437 5173 mensu
457 5111 557 5193 posita
576 5112 698 5185 dicitur,
717 5129 779 5191 quo
800 5129 871 5173 cum
894 5111 1097 5190 intelligentia
1147 5113 1254 5186 colitis,
1284 5112 1324 5175 ab
1348 5113 1407 5175 hoc
1430 5112 1559 5177 ommino
1580 5132 1643 5177 aon
1672 5133 1761 5197 posse
1781 5114 1911 5178 delendi.

327 5204 381 5264 [lei
392 5222 441 5265 res
455 5222 563 5264 omnes
576 5203 786 5271 conferuntur,
798 5202 887 5282 eique
896 5203 1095 5283 respondent.
1147 5204 1341 5274 Considerate
1350 5204 1452 5285 potius
1460 5206 1541 5273 banc
1554 5206 1839 5273 inconvenientiam
1845 5208 1912 5271 uni·

326 5294 387 5355 Sed
405 5313 476 5374 quae
503 5294 578 5354 boni
598 5295 723 5373 propria
747 5300 792 5354 est
819 5296 1031 5372 congruentia,
1057 5296 1096 5356 ad
1147 5297 1263 5357 versele
1283 5297 1402 5356 malum
1425 5314 1501 5369 esse,
1523 5315 1579 5376 per
1601 5315 1698 5376 quam
1717 5298 1790 5361 selis
1813 5300 1914 5365 radius

354 5524 363 5568 l
377 5522 424 5568 tie.
434 5523 461 5568 vt
474 5524 501 5570 dt
512 5523 591 5578 ιιιριιι.
603 5545 631 5557 -
640 5522 654 5567 ι
664 5524 716 5568 Ger.
730 5535 745 5566 1.
759 5542 786 5555 -
796 5524 810 5567 e
821 5523 873 5580 Gap.
882 5535 932 5569 ιιιι.
