4008 6170
357 286 414 345 ίίθ

354 429 537 509 exprimere,
554 429 630 489 adeo
643 435 677 489 nt
689 428 793 488 nullus
802 428 874 488 huie
887 426 1022 487 sermoni
1035 425 1131 486 relin-

354 528 467 603 quatur
480 522 566 582 loeus
583 521 637 600 qui
651 540 689 581 ex
706 521 868 581 nominum
890 519 1036 580 varietate
1054 537 1129 579 oon·

860 276 1190 339 l'HEOLOGlCORUll
1216 277 1448 339 nostrarunl.

1184 424 1313 504 {lignem
1323 425 1363 485 ab
1379 444 1415 486 00
1430 427 1514 506 quod
1525 427 1663 521 gignitur
1676 433 1706 488 et
1716 429 1779 490 sine
1789 430 1847 492 ulls
1864 434 1921 496 θινὶ..

1184 517 1268 578 sione
1277 519 1389 597 prodit,
1406 538 1504 580 unum
1519 526 1623 581 tumen
1637 526 1683 583 est
1698 528 1803 583 ranna
1819 531 1845 583 et
1858 526 1921 588 iden

354 617 464 678 uarias
482 615 666 676 substantias
686 614 813 674 inducit.
841 635 854 670 ν
880 615 923 672 De
952 612 990 672 iis
1023 617 1128 672 autem
1183 617 1360 690 utrumque,
1375 613 1508 673 necnllo
1524 614 1616 674 modo
1635 613 1763 675 alterum
1776 623 1819 676 est
1830 617 1883 679 siae
1891 621 1922 680 el-

355 730 424 790 quae
437 708 560 789 proprie
573 707 719 768 attributa
735 707 943 783 nominentur,
957 705 998 766 ad
1007 724 1045 766 ea
1059 723 1128 784 quor
1184 709 1281 764 teror.
1295 724 1311 761 n
1330 705 1368 764 Et
1381 704 1480 765 alioin
1493 705 1652 768 loeoidem
1662 713 1807 787 repetens,
1818 709 1921 775 illustrat

355 801 495 883 superius
523 820 561 861 ex
596 800 729 879 antiquis
760 799 901 860 Patribus
934 798 1126 874 adducimus,
1185 797 1326 876 exemplo
1357 797 1528 878 splendoris
1557 819 1651 879 quem
1680 800 1814 862 luoidnm
1838 822 1922 885 corpu

356 915 454 957 unum
480 913 517 955 ex
539 894 686 974 Gregorio
711 893 899 954 Nazianzeno
922 893 1127 972 adjungemus
1184 891 1312 951 emittite
1333 893 1398 952 «Ut
1410 893 1504 972 igitur
1516 893 1660 973 splendor
1668 895 1798 974 exempli
1810 898 1922 976 graisie

354 989 457 1049 loonm
469 987 523 1067 qui
537 987 569 1047 in
589 987 726 1047 oratione
748 1003 863 1047 xxxvnr
887 985 1124 1065 simplieitatem.

355 1177 421 1250 eius
435 1176 569 1237 affirmat
581 1184 606 1237 ⁰.

611 1411 795 1492 CAPUT
828 1415 876 1491 Χ.

1184 1001 1221 1044 eo
1234 985 1373 1063 estquod
1387 985 1582 1064 splendorem
1594 988 1715 1064 emittit,
1726 994 1799 1049 etex
1811 1008 1843 1049 eo
1854 996 1923 1070 atque
1981 1040 1982 1043 ,

354 1102 424 1162 qnae
438 1087 483 1143 est
497 1081 551 1141 llei
569 1080 750 1162 proprietas,
766 1098 828 1141 non
842 1098 907 1141 esse
925 1079 1127 1141 substantiam
1184 1076 1223 1137 uh
1236 1095 1272 1138 eo
1289 1079 1445 1139 diversum
1463 1079 1612 1158 quiddam
1627 1081 1816 1159 cogitatione,
1831 1090 1857 1143 et
1872 1104 1923 1144 run
1981 1086 1982 1105 ³

1185 1189 1237 1230 sus
1246 1189 1309 1231 non
1330 1172 1515 1250 diversum„
1538 1179 1628 1235 eta.»
1657 1175 1702 1234 lte
1716 1175 1868 1255 Gregorius
1879 1179 1924 1237 Na·

1181 1264 1341 1325 zianzenns
1361 1266 1497 1327 oratione
1513 1284 1577 1344 rin,
1593 1267 1749 1329 Trinitatis
1765 1287 1925 1347 «personam

1184 1377 1448 1438 imamquamque,
1490 1360 1516 1419 si
1544 1361 1708 1440 separatim
1738 1363 1924 1439 consideratu,
1984 1392 1985 1395 ¹

1181 1469 1246 1512 esse
1259 1452 1358 1512 Deum
1371 1452 1488 1527 asserit,
1502 1460 1604 1515 mente
1618 1454 1761 1515 videlieet
1771 1473 1806 1516 ea
1816 1475 1875 1535 qna
1890 1477 1925 1519 se-

360 1590 402 1649 ιιι
432 1583 621 1647 artificante
653 1584 710 1645 ιιιι
741 1601 807 1664 ινα
835 1582 895 1642 ...τ’
921 1581 1056 1663 αιτιοι,
1093 1584 1127 1647 n
1180 1545 1693 1626 pararr1nq110untseparana,„

412 1690 455 1742 est
475 1678 645 1740 seeundum
659 1678 874 1755 cogitationem
889 1675 1015 1739 dicitnr.
1043 1677 1124 1739 Eam

414 1774 565 1835 interdum
585 1771 693 1832 reatem
708 1770 858 1847 constitui,
876 1778 963 1850 atque
977 1769 1023 1829 ita
1040 1769 1123 1832 dioi-

413 1886 466 1927 nar
486 1883 625 1946 patanae
660 1870 690 1924 et
715 1871 837 1924 naturas
853 1864 886 1924 in
909 1863 1029 1926 (Ἰονίοιο
1047 1864 1123 1926 dnae

354 1950 358 1957 ⁴
410 1960 462 2021 ίιοο
473 1956 702 2019 mododiaaerni.
718 1956 805 2018 Atiae
819 1967 917 2019 antem
926 1957 1018 2019 satias
1030 1957 1123 2039 diffe-

410 2053 538 2113 rentiam
551 2050 678 2111 rationis
690 2058 718 2110 et
726 2049 933 2130 intelligentia
942 2052 1121 2133 significare,

411 2144 489 2227 qnod
513 2145 608 2206 oariir
633 2143 824 2224 antiquaram
845 2144 917 2206 loeis
938 2144 1118 2206 adstruitur.

412 2239 513 2319 Hajna
527 2238 598 2298 item
620 2235 750 2298 seranda
762 2236 946 2316 differentiae
968 2240 1046 2299 alias
1064 2258 1122 2301 esse

410 2331 519 2412 speeies
531 2328 659 2410 majores
667 2336 696 2389 et
704 2328 841 2391 minores.
853 2331 1037 2412 Explicatur
1050 2333 1121 2394 aba·

410 2425 473 2485 ιίιιο
493 2422 709 2484 attributorum
727 2420 894 2485 distinctio.

392 2643 415 2701 l.
430 2641 489 2702 Sed
498 2646 533 2700 nt
546 2639 656 2701 certius
669 2637 758 2699 nobis
768 2657 804 2698 ao
819 2638 966 2717 liquidius
987 2641 1122 2703 veritatis

351 2735 428 2795 ratio
448 2738 575 2808 constet,
592 2732 631 2792 de
651 2731 706 2791 illo
724 2731 791 2810 ipso
804 2732 888 2810 quod
906 2734 1018 2795 Graecis
1032 2736 1122 2796 theo·

351 2826 429 2906 logis
467 2825 641 2905 accepimns
681 2829 729 2896 τῆς
769 2825 882 2892 ἐπινοίας
932 2827 1119 2904 discrimine,

175 2952 320 3006 ,tw-mm„
350 2920 494 3000 quaedam
526 2918 735 2998 expromenda
754 2925 836 2995 sunt,
862 2939 996 2998 quornm
1016 2922 1049 2982 id
1078 2927 1123 2982 est

184 3197 302 3261 Sciendum

206 3264 228 3292 or
244 3257 287 3293 ιίιι·

181 3784 309 3827 Differentla

186 3838 307 3881 amandum

206 3904 232 3934 σο
255 3895 289 3934 ta-

193 3946 273 3988 tionem

175 4010 231 4052 saepe
251 3999 316 4041 realta

349 3015 551 3095 praecipuum,
571 3031 634 3072 non
648 3029 746 3071 unum
762 3011 845 3073 illius
862 3032 927 3075 esse
941 3016 1073 3094 gradum
1087 3036 1122 3076 ao

350 3127 458 3188 genus,
473 3106 526 3168 sed
545 3105 630 3166 aliud
651 3104 711 3165 alio
725 3124 790 3167 esse
803 3106 914 3185 majus,
926 3127 962 3169 aa
977 3127 1122 3170 nonnun-

350 3219 445 3281 quam
454 3201 497 3261 sio
506 3197 684 3259 aveteribns
692 3198 895 3261 differentiam
902 3202 989 3262 illam
999 3221 1068 3281 quae
1078 3209 1123 3264 est

348 3388 382 3449 in
391 3386 503 3449 scholis
511 3385 619 3445 reatem
628 3384 797 3445 nominant.
805 3385 933 3458 Qneeres
941 3390 1121 3469 profectone

349 3478 654 3560 ambignitatelallat,
668 3486 737 3540 ante
751 3487 797 3541 est
804 3483 908 3544 animo
918 3486 1118 3565 providenda.

388 3576 432 3636 Αο
441 3578 513 3633 sunt
525 3571 665 3651 plerique
676 3573 730 3651 qui
741 3572 860 3635 divinas
871 3595 1028 3656 personas,
1045 3599 1121 3660 quas

348 3669 450 3748 reipsa
458 3667 613 3726 distinctas
623 3683 688 3726 esse
701 3684 792 3727 nemo
805 3670 973 3732 catholicus
987 3674 1119 3753 ignorat,

348 3765 381 3842 τῇ
418 3756 517 3840 ἐπινοίᾳ
541 3757 663 3818 differre
690 3759 834 3837 sentiunt,
868 3762 927 3824 hoo
954 3771 1000 3826 est
1036 3765 1122 3828 intet-

232 3893 254 3945 ρ
349 3855 426 3917 tecta
451 3862 479 3914 rt
513 3851 619 3912 mentia
633 3852 821 3930 capitatione.
844 3856 884 3917 Ut
902 3860 1033 3937 Cyrillus
1053 3862 1122 3922 Ale-

348 3947 538 4009 xandrinus:
556 3968 569 4002 ι
601 3947 636 4006 ln
656 3945 847 4026 hujusmodi,
862 3950 973 4031 inquit,
984 3956 1121 4033 separari

1221 1637 1410 1717 Sophronias
1423 1639 1497 1699 item
1512 1640 1806 1721 Hierosolymitanns
1821 1645 1925 1722 patriur-

1180 1730 1238 1790 eha
1251 1748 1394 1811 peraeque
1404 1732 1516 1811 piusae
1525 1732 1632 1794 doetus
1644 1734 1678 1795 in
1688 1734 1807 1796 erudita
1819 1735 1866 1797 illa
1877 1740 1925 1819 epi·

1179 1822 1258 1883 stola
1264 1825 1555 1905 quamodSergium
1563 1828 1692 1908 scripsit,
1699 1832 1925 1908 quaeestinartio

1179 1934 1218 1977 ne
1227 1917 1925 2006 nsynodisextae:inqueutoeuspnqnaiden

1180 2010 1280 2070 existit
1299 2013 1554 2091 unumquodque,
1570 2014 1664 2094 siper
1682 2036 1716 2077 se
1735 2019 1923 2091 consideran,

1179 2108 1281 2164 mente
1301 2123 1370 2183 quea
1381 2107 1518 2185 separari
1528 2115 1686 2187 nequeunt
1699 2118 1895 2192 separantem

1220 2197 1376 2258 Interdum
1389 2199 1483 2259 etiam
1502 2205 1629 2261 natiuae
1642 2221 1712 2281 quae
1731 2207 1840 2265 suntin
1858 2204 1925 2266 uur-
1948 2202 1990 2301 (σε

1179 2295 1225 2350 sto
1247 2291 1327 2366 duae,
1356 2292 1463 2354 itidem
1493 2294 1650 2379 τῇὲπινοίιρ
1668 2298 1720 2358 vel
1746 2298 1829 2372 νοήσει
1846 2297 1926 2359 disni-
1953 2306 1990 2353 ιιι

1178 2384 1310 2461 minant,
1337 2403 1407 2464 qnae
1438 2393 1542 2446 tamen
1565 2389 1666 2468 reipsa
1687 2391 1840 2453 differunt.
1864 2392 1927 2452 θοαί

1179 2477 1239 2537 lius
1251 2478 1284 2537 in
1297 2485 1406 2557 quarto
1419 2480 1565 2540 adversus
1580 2483 1788 2546 Eunominm:
1807 2489 1865 2547 «ln
1880 2485 1925 2557 his,
1989 2480 1991 2513 ³

1179 2571 1289 2650 inquit,
1303 2571 1517 2634 omnibusnon
1530 2575 1592 2635 dno
1602 2576 1746 2655 dicimus,
1762 2583 1852 2641 Deum
1866 2597 1929 2639 sear·

1178 2665 1238 2739 sim
1247 2671 1276 2725 et
1286 2665 1446 2727 hominem
1453 2667 1601 2749 seorsim(
1616 2690 1691 2732 nam
1705 2692 1788 2736 unus
1797 2671 1876 2751 erat),
1889 2671 1928 2732 sed

1179 2757 1361 2836 cogitatione
1379 2764 1523 2820 aetrnum
1542 2762 1705 2839 cujuslibet
1725 2766 1926 2845 rogitamus.»

1179 2850 1277 2923 Quem
1293 2850 1397 2911 locum
1418 2853 1491 2913 uitat
1512 2855 1721 2937 Entlrymins)
1745 2859 1779 2920 in
1797 2858 1930 2938 Panopiin

1178 2950 1265 3024 parte
1278 2946 1478 3024 primatitulo
1497 2967 1538 3009 rr.
1556 2951 1645 3011 Sioin
1665 2954 1797 3032 epistola
1810 2953 1930 3033 synodica
1988 2992 1989 2995 =

1179 3039 1219 3098 ad
1233 3039 1365 3099 Paulum
1387 3041 1623 3105 Samosatenum
1645 3047 1752 3108 Patres
1768 3048 1813 3109 illi
1826 3047 1872 3128 qui
1884 3048 1931 3107 ln·

1177 3131 1298 3192 tioohiae
1318 3141 1524 3196 convenerant
1539 3156 1579 3196 :a
1602 3140 1772 3218 Christum,
1789 3162 1847 3222 qua
1864 3140 1931 3201 Cirri-

1179 3230 1242 3285 stns
1275 3232 1331 3302 est,
1362 3246 1461 3288 unum
1485 3236 1515 3291 et
1543 3231 1626 3293 idem
1646 3235 1737 3296 aiunt
1766 3256 1830 3298 essa
1855 3235 1928 3297 sulis-

200 3263 290 3350 ιιοίαιι.
348 3295 412 3354 κατ’
422 3292 535 3355 ἐπίνοιαν
543 3291 963 3366 adhiberi‚uteademetinre
972 3297 1121 3375 sit‚qnam
1176 3320 1284 3396 tantia,
1311 3323 1452 3399 quamvis
1481 3323 1621 3403 pluribus
1644 3329 1824 3392 „Ogfflpbus
1836 3330 1929 3410 cogite.

1177 3418 1259 3474 tura.
1274 3435 1289 3470 n
1308 3414 1367 3474 Ubi
1381 3414 1470 3476 ούσίοιν
1484 3436 1540 3497 pro
1555 3420 1696 3481 ὑποστάσει
1710 3424 1746 3485 id
1763 3431 1808 3487 est
1823 3440 1930 3506 persana

1177 3514 1383 3587 sumpserunt.

1218 3601 1267 3662 Sia
1278 3602 1398 3681 Agatho
1410 3623 1491 3683 papa
1504 3606 1537 3666 in
1546 3608 1684 3689 Epistola
1698 3610 1742 3673 ad
1754 3613 1931 3694 imperaram,

1179 3712 1248 3772 quee
1273 3694 1367 3754 estin
1388 3696 1507 3758 actione
1523 3715 1555 3759 rr
1568 3708 1661 3763 sextae
1681 3705 1807 3783 synodi,
1826 3711 1931 3765 nenia

1177 3788 1301 3848 easdem
1320 3790 1398 3849 duas
1418 3790 1530 3868 unitas,
1555 3815 1571 3851 ιι
1584 3795 1651 3856 sola
1671 3796 1934 3879 intelligentiadis·

1177 3883 1261 3942 cerni
1273 3910 1286 3949 ι
1300 3904 1315 3939 n
1333 3885 1385 3944 ait.
1403 3884 1552 3965 EulogIns
1565 3889 1640 3950 item
1653 3890 1878 3954 Alexandrinus
1889 3909 1933 3971 pa·

1175 3975 1311 4037 triaroha
1326 3978 1408 4057 apud
1434 3980 1576 4042 Photium
1595 3984 1700 4045 oodiee
1715 4003 1811 4049 ccxxx
1829 3992 1935 4047 natum

174 4051 316 4105 struncon.
345 4044 472 4124 (1¹Iidem
503 4041 732 4121 ‘1¹¹⁰d3mm0d0
767 4045 950 4124 ⁰⁰illlflfi⁰¹¹⁰
996 4049 1118 4111 tidem?
1175 4068 1245 4130 illas
1259 4070 1372 4150 Cyrillo
1386 4072 1478 4133 refert
1491 4063 1520 4132 ¹⁴«
1532 4076 1696 4139 subtilibus
1715 4078 1933 4160 cogitationibus

381 4275 400 4314 α
412 4257 477 4313 Nat.
493 4256 527 4310 (li
541 4257 588 4327 γὰρ
598 4257 627 4324 δὴ
644 4261 716 4311 τοῦτο
740 4259 808 4327 φύσις
819 4259 884 4334 αύτῷ
896 4262 911 4330 ἡ
928 4261 1045 4331 ἁπλότης.

383 4342 398 4396 θ
417 4341 480 4397 Cra.
497 4345 521 4396 t.
540 4342 617 4395 Jaan.
644 4339 685 4393 Ἐν
703 4339 750 4411 γὰρ
772 4345 824 4406 τοῖς
842 4345 959 4408 τοιούτοις
971 4348 1117 4419 χωρίζεσθαι

347 4426 390 4498 pir
408 4445 459 4487 πως
478 4423 572 4494 ἐπινοίᾳ
593 4423 710 4477 δοκεῖτὸ
730 4431 820 4494 γεννῶν
841 4434 885 4482 τοῦ
895 4432 1056 4503 γεννωμένου,
1078 4434 1117 4487 καί

344 4510 549 4585 προεκκύπτοντσς
562 4507 706 4582 ἀμερίστως.
719 4510 756 4567 Εν
769 4513 796 4565 δέ
805 4511 856 4565 ίστι
869 4513 908 4566 καθ
917 4515 1002 4568 ταυτὸν
1011 4520 1041 4589 τῇ
1050 4518 1118 4588 φύσει

343 4595 374 4649 tl·
387 4594 577 4665 συναμφότερον,
590 4595 630 4647 καί
642 4597 700 4670 δίχα
712 4603 756 4653 τοῦ
765 4597 846 4670 ἑτέρου
858 4598 887 4651 τδ
900 4598 982 4671 ἕτερον
994 4598 1116 4672 οὐδαμῶς.

381 4695 394 4734 c
408 4679 453 4734 ld.
471 4675 524 4734 lib.
535 4678 584 4735 ltl.
593 4676 688 4755 Ὥσπερ
697 4678 740 4737 σύν
751 4683 790 4736 καί
802 4682 831 4735 τδ
847 4682 993 4757 ἀπαύγασμα
1004 4686 1077 4758 τοχδν
1092 4684 1116 4740 ἓν

343 4769 379 4836 τῷ
393 4762 568 4837 ἂποοαγάζοντι,
581 4767 622 4819 καὶ
640 4766 666 4820 ἐκ
686 4773 729 4822 τοῦ
738 4767 929 4839 ἀπαογάζοντος,
944 4770 982 4821 καὶ
997 4769 1080 4843 ἕτερον
1093 4792 1116 4826 τι

344 4850 406 4902 κατά
423 4868 450 4921 γε
464 4850 506 4904 τδν
519 4850 543 4904 ἔν
558 4854 640 4919 νοήσει
647 4853 732 4924 λόγον,
750 4853 790 4905 καὶ
803 4852 876 4904 πάλιν
889 4850 937 4924 οὐχ
946 4853 1039 4926 ἕτερον,
1054 4863 1111 4912 ete.

378 4934 524 4992 dNrrnn.
540 4942 610 4991 orat.
630 4940 672 4992 ⁴3.
689 4936 750 4989 θεδν
764 4936 875 5002 ἕκαστον,
890 4938 918 4989 ἂν
932 4938 1050 5010 θεωρῆται
1073 4943 1117 5014 ρό-

343 5012 395 5085 ror,
410 5023 453 5073 τοῦ
466 5024 509 5073 νοῦ
516 5020 666 5093 χωρίζοντος
678 5020 708 5073 τὰ
721 5020 856 5093 ἀχώριστοι.

268 5118 273 5125 “
378 5106 544 5161 eserenon.
570 5104 616 5157 Kal
636 5104 669 5166 ὡς
691 5102 735 5177 μὲν
755 5105 826 5169 Θεδς,
850 5105 879 5159 τδ
899 5105 958 5159 αὐτὸ
973 5108 1116 5178 καθέστηκεν

343 5187 443 5242 ἕκαστον
456 5191 508 5242 καθ’
527 5188 598 5244 tanti
611 5190 787 5263 θεωρούμενον,
801 5194 844 5244 τοῦ
861 5194 904 5243 νοῦ
922 5191 1071 5264 χωρίζοντας
1087 5195 1117 5249 τὰ

343 5271 478 5345 ἂχιίιριστα.
799 5298 801 5301 ’

378 5358 396 5425 Γ
417 5359 501 5415 Blslt.
528 5362 627 5417 icant.
660 5359 770 5419 Eanum.
798 5361 840 5415 Ἐν
863 5364 922 5415 πᾶσι
941 5360 967 5415 δὲ
979 5364 1072 5426 τούτοις
1089 5364 1118 5420 ού

1176 4273 1218 4326 δύο
1233 4273 1346 4346 λέγομεν,
1361 4277 1414 4330 θεδν
1434 4274 1494 4348 ἰδίᾳ,
1515 4279 1555 4330 καὶ
1568 4279 1708 4351 ἄνθθριοπον
1726 4279 1779 4352 ἰδίᾳ
1793 4276 1841 4349 (εἷς
1852 4281 1893 4352 γὰρ
1903 4276 1935 4347 ἦν)

1175 4356 1233 4410 ἀλλ’
1246 4361 1299 4412 κατ’
1318 4358 1425 4413 ἐπίνοιαν
1439 4361 1483 4430 τὴν
1497 4360 1598 4416 ἑκάστου
1611 4363 1680 4435 φύσιν
1694 4365 1863 4438 λογιζόμενοι.

1210 4458 1227 4509 q
1241 4441 1320 4497 Tam.
1338 4443 1362 4498 l.
1372 4444 1504 4502 Bittiotti.
1528 4447 1637 4501 Petram
1651 4448 1819 4505 draeo-Lat.
1832 4448 1895 4503 θίαν
1906 4446 1937 4498 ut

1174 4523 1233 4577 καθδ
1247 4525 1359 4597 Χριστὸς,
1380 4527 1417 4594 ἓν,
1436 4528 1476 4580 καί
1494 4528 1524 4581 τδ
1545 4528 1603 4582 αύτδ
1624 4531 1658 4582 ὢν
1676 4536 1707 4602 τῇ
1728 4531 1811 4603 nirata·
1827 4531 1848 4585 εἰ
1865 4532 1900 4584 καὶ
1912 4530 1935 4582 ri

1174 4609 1392 4680 ράλιοταπολλαῖς
1405 4610 1520 4675 ἐπινοίαις
1529 4612 1670 4668 ἐπινοεῖται.

1210 4695 1407 4767 ΙιΑοιινιιο,ρ.
1432 4700 1479 4752 35.
1503 4703 1523 4752 t.
1552 4698 1583 4753 V.
1608 4700 1710 4755 concil.
1728 4700 1803 4774 Μάνῃ
1827 4699 1938 4769 retain

1173 4777 1286 4849 ἡνωμένα
1308 4779 1470 4851 διακρίνοντες
1498 4780 1538 4833 διὰ
1562 4781 1606 4850 τὴν
1623 4787 1666 4850 τῆς
1683 4783 1827 4856 enudatam
1858 4782 1937 4850 δηθοθὴ

1175 4862 1278 4930 πλάνην.

1208 4948 1327 5019 iEnlog.
1343 4949 1418 5020 apud
1435 4949 1515 5005 Ptrot.
1530 4950 1594 5005 oad.
1618 4954 1679 5007 229,
1699 4950 1772 5005 Ἀλλ’
1787 4950 1938 5022 testaldi

1175 5032 1289 5103 μακάριος
1300 5032 1420 5104 litant<
1432 5051 1515 5102 φησιν,
1529 5031 1553 5085 ἐν
1568 5031 1662 5106 ίσχναίς
1674 5036 1826 5106 διαιροῦντες
1839 5036 1938 5098 ἐννοίαις,

1173 5116 1241 5182 ἤτοι
1252 5119 1295 5167 νοῦ
1312 5117 1462 5185 φαντασίαις,
1477 5122 1514 5188 τῷ
1532 5119 1617 5190 τρόπῳ
1638 5122 1681 5186 τῆς
1699 5119 1818 5192 θεωρίας,
1841 5121 1939 5191 ἑκατέρας

1174 5198 1266 5268 φύσεως
1279 5198 1375 5271 θριῗιρεν
1386 5198 1446 5272 ἰδίᾳ,
1461 5203 1501 5254 καί
1513 5202 1566 5255 καθ’
1581 5201 1653 5256 taor&
1665 5203 1840 5276 γνωρίαρατα,
1860 5211 1909 5258 etc·
1926 5202 1938 5265 l
1990 5216 1991 5251 t

1173 5283 1223 5349 rai,
1237 5283 1270 5345 ὡς
1287 5284 1429 5357 θθεολθγος
1442 5286 1584 5359 Γρηγθριος,
1598 5287 1670 5356 ἡνίκα
1684 5308 1699 5341 α
1719 5289 1805 5359 φύσεις
1818 5285 1941 5343 διίστανται

1174 5369 1227 5428 ταῖς
1246 5365 1370 5430 ἐπινοίαις.
