3952 6170
295 423 357 483 290
803 413 1131 481 THEOLOGIGORUM
1152 412 1385 479 DOGMATUM.

296 585 516 650 Pslsmituum
532 583 650 664 opinio.
673 582 786 658 Quare
799 581 911 644 Fausto
931 596 1068 643 mmmc-
1118 597 1158 643 ex
1177 578 1265 643 omni
1290 583 1375 641 retro
1394 574 1566 643 stabitne
1588 575 1706 641 statuit
1727 575 1814 651 Quod
1832 576 1886 637 eui

295 683 431 741 moratas
449 675 560 739 irridet
578 674 781 755 Augustinus.
809 675 961 737 «Patrem
983 673 1070 739 cuim
1117 671 1277 737 falsissime
1298 670 1489 747 defenditis,
1518 669 1623 735 minus
1645 676 1753 731 umen
1773 685 1835 749 pre
1857 686 1887 733 se

294 771 346 833 illc
359 768 480 832 dioebet
491 769 594 831 lucem
610 767 745 831 incolere
759 783 914 830 summam
933 785 969 829 so
982 765 1069 847 prin·
1117 764 1178 829 tert
1195 765 1362 844 impietatis
1383 782 1419 826 so
1435 762 1628 839 encauto,
1648 779 1744 842 quem
1761 760 1887 823 Palnmi·

295 863 436 944 ripariam,
466 879 562 941 qiam
586 860 701 923 Paulus
730 860 804 922 alim
831 859 1070 923 mecaemibilem
1118 863 1222 923 taam
1236 863 1267 919 et
1280 856 1437 937 Eugubini
1448 855 1564 932 fabula,
1577 872 1648 935 quse
1662 855 1695 917 id
1706 854 1789 935 quod
1801 872 1888 919 sensi

294 953 414 1031 vooot¹‚
431 959 517 1017 etc.»
535 954 649 1015 mnus
659 971 753 1032 quem
772 953 983 1032 Augustinus:
1000 953 1070 1015 «De
1120 950 1278 1031 oculisque
1295 948 1489 1025 discernitur,
1504 948 1678 1011 increatum
1694 946 1765 1008 facit
1781 965 1817 1008 oc
1830 947 1888 1008 lieo

296 1048 394 1111 Petris
410 1043 464 1127 (sit
481 1064 548 1109 non
566 1046 672 1107 minus
687 1046 763 1107 istos
776 1062 872 1125 mam
885 1044 1071 1107 Monichoeos
1120 1048 1320 1118 coeternum,
1335 1042 1425 1122 quasi
1436 1041 1571 1103 alterum
1582 1057 1702 1103 numen
1710 1044 1765 1099 eut
1776 1038 1889 1103 idolum

234 1194 240 1203 .
295 1138 502 1221 compellans>
541 1143 658 1203 secreto
695 1138 831 1215 lumine,
871 1137 946 1217 quid
983 1136 1071 1199 vobis
1120 1136 1234 1216 potius.
1258 1135 1353 1214 Atqcu
1373 1151 1467 1197 nemo
1485 1139 1531 1196 est
1553 1138 1619 1195 tam
1642 1132 1737 1194 bebes
1758 1132 1813 1213 qui
1829 1150 1890 1195 non

296 1233 397 1295 dicam
410 1232 471 1293 nisi
483 1231 557 1311 quia
574 1232 683 1292 lumen
703 1230 837 1310 cogitare
854 1247 920 1290 non
932 1228 1070 1309 potestis,
1119 1227 1283 1308 intelliget,
1297 1228 1376 1289 nihil
1392 1227 1475 1289 inter
1492 1227 1591 1289 Deum
1604 1226 1668 1287 sive
1681 1230 1850 1287 nestorem
1862 1231 1890 1287 et

296 1324 357 1386 nisi
370 1324 462 1404 quale
478 1323 584 1385 cidere
601 1322 791 1384 consuestis?
809 1323 875 1385 Hoc
894 1321 979 1383 enim
996 1338 1070 1383 con-
1120 1326 1294 1383 mesauam
1316 1319 1513 1398 interjectum
1538 1338 1574 1380 ac
1594 1318 1733 1383 medium
1757 1335 1834 1395 esse,
1858 1323 1891 1380 ut

296 1415 675 1497 spiceumetomnicarni
689 1419 890 1477 nontantum
907 1413 1072 1475 hominnm
1121 1413 1272 1493 quidquid
1303 1412 1476 1475 inuectum
1505 1416 1561 1489 est,
1591 1410 1624 1472 id
1652 1428 1718 1472 non
1746 1409 1787 1471 sit
1811 1409 1890 1473 ebed

295 1510 501 1570 verumetiam
514 1508 684 1569 bestiarum
707 1511 739 1568 ct
756 1505 998 1568 vermiculorum
1018 1524 1073 1567 no-
1121 1524 1217 1585 quom
1237 1507 1329 1582 Deus,
1349 1523 1385 1567 oc
1404 1505 1539 1569 nussim
1563 1503 1714 1584 quidquid
1734 1503 1815 1564 Deus
1831 1521 1890 1564 non

295 1601 450 1663 dsdmum
463 1601 572 1662 lumen
587 1600 755 1675 intuentes,
771 1617 810 1661 cs
825 1599 879 1659 illo
892 1604 1073 1678 oonocptsm
1121 1604 1177 1675 eet,
1195 1598 1255 1661 boc
1268 1616 1334 1661 csse
1357 1605 1530 1659 mouturam
1550 1596 1589 1658 sit
1610 1613 1745 1659 necasse.
1765 1597 1891 1658 «Omnis

296 1694 388 1756 corde
398 1693 591 1773 phantasiam
601 1692 830 1754 inimmcnsum
836 1690 1071 1772 soletisaugere‚
1120 1691 1302 1767 substantie
1318 1709 1388 1772 quae
1398 1693 1480 1753 Deus
1488 1708 1554 1752 non
1567 1695 1624 1766 est,
1637 1689 1682 1751 eit
1694 1689 1888 1767 dargustinus,

296 1793 328 1847 et
348 1803 418 1848 cam
432 1786 534 1847 lucem
549 1785 650 1847 dicere
669 1783 723 1845 ubi
743 1786 825 1847 Deus
845 1785 934 1846 Peter
954 1783 1074 1845 habitat
1121 1790 1263 1846 ereeuue
1280 1789 1336 1860 eet,
1357 1789 1389 1847 et
1408 1802 1479 1863 quse
1496 1787 1638 1845 creatura
1655 1800 1722 1843 non
1738 1787 1796 1857 est,
1817 1783 1890 1844 Deus

296 1897 369 1941 cum
380 1878 547 1958 regnicolis
567 1876 669 1940 suis.»
1121 1875 1241 1938 cst¹⁰.»
1267 1877 1351 1939 idem
1366 1877 1400 1938 in
1418 1875 1573 1939 Psclmum
1599 1889 1693 1935 cxxx*
1706 1892 1739 1933 :c
1762 1874 1889 1953 Excepto

336 1973 388 2033 lv.
411 1971 628 2050 Procrrligitur
641 1967 1028 2031 absitoiideliumanimis
1041 1972 1074 2029 et
1123 1969 1197 2045 Deo,
1223 1969 1374 2049 quidqaaid
1401 1970 1485 2031 aliud
1507 1974 1554 2030 est
1577 1967 1612 2028 in
1640 1970 1751 2029 nemra
1776 1984 1888 2042 reram,

296 2066 424 2126 auribus
444 2071 509 2125 tam
529 2064 626 2144 impia
643 2062 885 2141 detestandaque
907 2079 979 2136 vox,
1002 2079 1073 2141 quae
1121 2060 1432 2123 factumestelieo.e
1449 2063 1488 2124 Et
1498 2061 1636 2123 Alcimus
1649 2058 1777 2121 Avitm:
1792 2059 1889 2121 cNibil

295 2158 460 2237 gentilium
491 2157 631 2236 ipsorum
660 2154 912 2236 superstitionem
936 2159 1074 2218 veterem
1122 2155 1252 2230 omnino
1266 2173 1331 2217 esse
1344 2154 1665 2235 prseterdueinquit,
1680 2152 1888 2214 idestcrcuto

295 2251 425 2325 redolet,
442 2250 507 2309 imo
524 2251 618 2311 etiam
631 2249 724 2326 longe
740 2253 787 2309 est
802 2246 964 2307 absurdior
979 2265 1074 2326 quam
1122 2264 1200 2323 rem,
1230 2253 1465 2326 creaturamque
1484 2265 1564 2326 saepe
1591 2245 1754 2306 definitum
1773 2249 1820 2305 cst
1832 2242 1886 2305 ¹¹.»

296 2342 555 2421 philosophorum
573 2340 626 2400 illa
649 2340 868 2419 quorumdem,
895 2338 1008 2418 quibus
1030 2340 1074 2402 sic
1123 2340 1289 2419 Gregorius
1301 2341 1376 2403 item
1390 2337 1783 2420 Nyssenusinduodecimo
1796 2344 1888 2399 contro

297 2433 462 2495 abaeterno
478 2433 633 2494 mundum
646 2432 780 2493 extitisse
788 2432 914 2511 placuit,
929 2437 965 2492 ut
977 2449 997 2493 e
1010 2433 1073 2494 Deo
1123 2431 1307 2495 Euemeriam
1322 2453 1334 2495 .·
1359 2432 1476 2508 «Nihil,
1503 2431 1556 2500 ait,
1586 2431 1761 2493 necatam
1783 2435 1889 2510 prem

297 2526 457 2589 conditum
471 2543 536 2587 csse
545 2529 803 2606 procreatumque
815 2524 963 2585 dicerent.
975 2525 1074 2598 Quam
1123 2525 1261 2587 divinam
1282 2531 1488 2588 esenowa>
1512 2524 1592 2587 Nam
1605 2522 1684 2585 nibil
1703 2522 1889 2603 a'seipso‚id

296 2618 390 2681 fuisse
419 2618 553 2679 Platonis
587 2622 726 2680 mentem
755 2616 930 2696 complures
956 2617 1074 2697 opinati
1123 2618 1301 2680 estanullo
1318 2618 1448 2695 estalio,
1471 2622 1680 2698 preterquam
1693 2616 1786 2678 Deus.
1805 2615 1890 2695 Cujm

297 2715 381 2786 sunt,
406 2711 453 2771 uti
478 2709 632 2786 Procius¹‚
658 2706 861 2788 Simplicius⁸‚
893 2708 1072 2788 Apuleium,
1123 2716 1229 2773 autem
1239 2711 1357 2789 ingenii
1370 2718 1416 2772 est
1434 2727 1619 2791 corporeum
1637 2708 1754 2788 aliqcrid
1768 2707 1889 2788 etquod

298 2800 514 2879 Censorinus⁸‚
525 2799 726 2878 Macrobius⁸,
740 2807 818 2863 etex
830 2801 943 2862 nostris
955 2802 1075 2883 Augus·
1122 2803 1181 2864 sub
1207 2808 1316 2865 sensus
1339 2804 1439 2881 cadat,
1460 2822 1479 2863 a
1500 2803 1588 2867 nullo
1610 2808 1750 2864 creatum
1775 2820 1812 2862 ec
1833 2802 1888 2862 Deo

297 2893 397 2956 tinus⁷
411 2900 442 2957 et
455 2893 800 2974 Boetius⁸.Quanquam
806 2893 1074 2957 hcricenonnullis
1122 2901 1311 2958 coeternum
1327 2897 1388 2959 hoc
1402 2902 1449 2959 est
1465 2898 1565 2959 mum
1581 2913 1646 2959 esse
1663 2893 1812 2957 credere?
1825 2894 1888 2955 lieo
1974 2898 1975 2923 ¹

297 2988 525 3063 conandicitrm
540 2989 594 3068 qui
607 2988 737 3068 perinde
748 2988 783 3048 in
795 2992 936 3067 temporo
948 2988 1074 3068 ooepisse
1122 2988 1888 3069 saneilcgitiasuntquaeiisdemprorsussrgumen·

297 3087 390 3161 etque
401 3099 421 3141 a
431 3082 494 3142 Deo
510 3082 626 3142 famum
646 3098 712 3141 esse
730 3080 885 3141 mundum
899 3079 958 3140 dici
972 3099 991 3140 a
1004 3080 1073 3143 Ple·
1120 3081 1160 3142 tis
1174 3083 1477 3159 convincendasunt,
1490 3081 1603 3162 quibus
1614 3098 1715 3143 unum
1725 3081 1887 3143 Deumcssc

296 3178 371 3234 tone
393 3173 541 3249 sentiunt,
562 3174 646 3252 quod
665 3179 697 3234 et
712 3173 878 3253 Eugubino
896 3171 1026 3251 plooet’,
1043 3180 1075 3236 et
1122 3173 1281 3236 christiam
1298 3176 1461 3255 scriptores
1476 3175 1623 3237 adversus
1637 3173 1778 3237 ethnicos
1792 3178 1886 3235 osten·

297 3271 370 3327 onte
387 3266 473 3327 hunc
496 3265 660 3327 Ambrosio
680 3265 770 3326 initio
789 3265 892 3345 operis
910 3264 1073 3328 ichcoe·
1121 3267 1218 3341 dunt,
1232 3267 1335 3347 qualia
1347 3286 1405 3329 nos
1417 3269 1452 3329 in
1464 3267 1675 3348 superioribus
1685 3266 1726 3329 ud
1736 3266 1885 3327 duximm.
1973 3316 1974 3327 ,

296 3374 407 3434 moon,
422 3376 481 3420 neo
493 3374 559 3418 non
572 3356 726 3418 Zacharia
734 3357 911 3437 lllitylenoeo
923 3357 958 3418 in
971 3358 1074 3438 dispu-
1162 3360 1199 3421 V.
1222 3360 1302 3421 Nam
1319 3361 1404 3439 quod
1421 3360 1604 3440 Eugubinus
1621 3358 1770 3421 Basiliam
1790 3357 1888 3420 suffia·

297 3447 464 3511 tutioncde
484 3448 800 3531 Mundiopificiuqui
813 3467 853 3510 cx
866 3448 1001 3511 Platonis
1013 3451 1074 3514 hoc
1121 3451 1189 3531 geri
1212 3452 1350 3532 opinioni
1375 3452 1544 3531 palatioli,
1572 3451 1777 3515 vehementer
1801 3455 1884 3513 urst
1915 3464 1962 3527 ῳ

298 3543 415 3603 Timeo
429 3542 556 3622 probst3
572 3560 751 3621 quanquam
767 3542 852 3604 hunc
870 3541 928 3603 sibi
949 3548 1072 3605 conus·
1124 3564 1141 3604 a
1153 3544 1238 3619 Erat,
1256 3545 1359 3623 inquit
1376 3544 1517 3620 Basilius,
1536 3548 1609 3608 ente
1623 3544 1735 3607 mundi
1749 3543 1888 3607 constitu·
1905 3517 1973 3631 'm

298 3634 399 3695 dicero
408 3634 535 3714 ejusque
549 3634 714 3714 discipulos
721 3634 923 3709 demonstret,
933 3636 1073 3699 oooolam
1120 3636 1240 3698 tionem
1257 3637 1385 3716 quidam
1402 3637 1558 3716 antiquior
1579 3642 1687 3711 status,
1707 3652 1886 3716 supermun-
1913 3636 1934 3667 ¹³¹

297 3726 461 3788 mstedam
475 3729 539 3789 Deo
556 3733 680 3789 wratisl
697 3744 807 3788 revue
823 3727 974 3802 aleaume,
988 3730 1073 3809 quod
1122 3727 1210 3790 danis
1233 3729 1399 3791 virtutibus
1428 3746 1614 3809 congruens,
1643 3734 1716 3795 ante
1740 3734 1885 3809 temporo,
1905 3688 1960 3773 ff

298 3823 330 3880 et
338 3819 528 3900 Theophilus
540 3820 629 3881 docet
642 3818 676 3880 in
690 3820 825 3882 secundo
834 3818 1070 3902 cddntclycum.
1121 3826 1266 3897 eternus,
1284 3827 1462 3902 perpetuus,
1480 3822 1514 3885 in
1530 3841 1593 3903 quo
1607 3829 1726 3887 mentor
1741 3826 1775 3884 et
1795 3820 1887 3901 opifex

298 3912 416 3973 Atticus
424 3913 500 3974 item
511 3913 684 3974 Platonicus
698 3912 782 3992 apud
790 3913 921 3974 AEncarn
930 3914 1073 3977 Gnaeum
1121 3918 1277 3976 uesanos
1284 3914 1542 3977 absolvitzluoem
1550 3913 1887 3994 intelligibilemeomm

297 4006 795 4084 posterioremistsmsententiam
804 4006 1071 4087 anteponitalteri.
1120 4005 1304 4069 beudtudini
1323 4007 1555 4069 accommodam
1578 4006 1632 4087 qui
1657 4011 1765 4068 amant
1790 4005 1885 4067 Domi·

297 4097 375 4158 Vide
389 4098 551 4160 Philonem
569 4098 649 4159 libio
662 4097 699 4160 dc
716 4097 840 4160 Mundo.
857 4099 975 4160 Verum
988 4101 1073 4179 prior
1121 4116 1210 4176 num,
1233 4103 1360 4161 naturas
1377 4100 1498 4161 meone
1511 4099 1655 4179 proditos
1676 4104 1708 4161 et
1727 4098 1886 4161 invisibiles

127 4214 163 4258 en
187 4211 273 4268 aliquis
297 4189 350 4251 illc
372 4192 526 4252 mutantia
549 4190 705 4252 Platonica
723 4191 801 4253 mihi
820 4192 919 4270 magis
936 4193 1070 4270 udam,
1121 4196 1153 4251 et
1165 4209 1292 4251 omnem
1304 4191 1546 4272 intelligibilium
1561 4192 1802 4268 ordimtioncm
1814 4208 1887 4275 qiu»
1971 4224 1972 4257 1

138 4265 261 4365 gtssffl
297 4300 393 4361 quern
407 4287 438 4344 et
451 4284 617 4363 origenem
626 4283 806 4362 amplexum
820 4300 885 4344 esse
899 4284 1073 4347 Methodius
1121 4300 1255 4362 cumque
1283 4285 1396 4347 mentis
1424 4290 1539 4347 nostre
1567 4289 1694 4363 coptum
1727 4289 1883 4365 superent,
1971 4266 1972 4357 l

147 4381 254 4421 emaum.
298 4380 418 4454 martyr
427 4373 612 4451 affirmabat,
622 4376 668 4436 uti
677 4374 1069 4455 supredemonstravimus.
1121 4392 1256 4456 quorum
1271 4394 1311 4438 nc
1329 4376 1550 4457 appellationes
1566 4376 1693 4457 quidem
1708 4376 1885 4455 investigere

299 4467 372 4527 Hac
384 4484 458 4528 vero
472 4467 626 4528 metentis
642 4468 813 4529 secundum
827 4467 865 4529 ad
880 4474 972 4548 ceput
985 4488 1070 4549 quoe-
1121 4486 1295 4549 possumus.
1316 4469 1388 4531 Huc
1410 4469 1495 4533 enirn
1514 4468 1675 4533 invisbilia
1689 4469 1803 4532 mundi
1819 4466 1883 4529 snb

298 4559 407 4619 ationis
428 4558 561 4620 refertur
574 4577 615 4621 ex
635 4559 735 4621 tribus
752 4560 790 4620 iis
803 4576 873 4639 quas
886 4562 979 4641 paulo
1000 4567 1072 4624 onte
1119 4563 1265 4623 sunnam
1291 4560 1478 4641 complent,
1490 4566 1577 4623 etc.»
1595 4562 1653 4635 Qui
1672 4562 1759 4623 loeus
1772 4559 1884 4622 Basilii‘

298 4650 505 4726 disdnximus
521 4657 673 4730 munus
690 4658 829 4714 creatum
846 4653 962 4734 aliquid
976 4674 995 4715 a
1008 4656 1071 4716 ilco
1120 4653 1200 4715 nihil
1222 4654 1328 4717 minus
1355 4655 1463 4716 suadet
1487 4670 1583 4734 quem
1611 4653 1696 4735 quod
1722 4655 1883 4735 suspicatur
1970 4674 1971 4713 ι

335 4855 357 4895 α
376 4838 456 4899 Nise.
471 4836 646 4894 ”Axtcmrdl
667 4840 730 4910 πλὴν
752 4845 795 4910 τῆς
812 4841 877 4905 θείας
896 4842 991 4913 φύσεως
1005 4843 1071 4899 ἔστιν
1119 4844 1236 4917 δυνάμεσι
1259 4844 1431 4918 πρέπουσα,ἠ
1453 4840 1613 4917 ὓπέρχρονος,
1627 4842 1642 4912 ἡ
1658 4838 1757 4913 absia,
1772 4843 1787 4913 ἡ
1803 4838 1880 4903 ibor

299 4921 379 4977 οὐδέν.
1120 4929 1324 5001 δημιουργήματα
1336 4925 1363 4981 δὲ
1385 4926 1409 4981 ἐν
1437 4924 1499 5000 adep
1523 4928 1539 4982 b
1561 4932 1611 4981 τῶν
1635 4927 1701 4982 ὅλων
1714 4926 1826 4996 κτίστης,
1846 4920 1881 4978 art

335 5005 352 5060 b
372 5005 458 5061 Baete.
471 5005 546 5061 hom.
560 5003 589 5061 l.
604 5004 635 5061 in
649 5008 790 5062 Heronem.
809 5006 864 5061 'Hi
878 5026 914 5071 τις
922 5009 1071 5082 πρεσὸυτέρα
1120 5010 1267 5084 δημιουργὸς
1273 5009 1414 5073 ἀπετέλεσε,
1424 5015 1476 5081 φῶς
1484 5010 1571 5081 νοητὸν
1586 5012 1680 5083 πρέπον
1690 5015 1722 5085 τῇ
1731 5010 1881 5084 μαιφιότητι

297 5093 341 5157 τῆς
356 5092 398 5143 τοῦ
412 5092 507 5163 κόσμου
527 5090 644 5162 γενέσεως
664 5091 811 5155 κατάστασις
828 5093 883 5154 ταῖς
902 5090 1073 5167 ὕπερκοσμῑοις
1121 5098 1169 5147 τῶν
1184 5093 1319 5165 φιλούντων
1347 5092 1390 5149 τὸν
1412 5093 1504 5169 κύριον,
1531 5092 1575 5158 τὰς
1584 5091 1694 5167 λογικὰς,
1716 5094 1757 5148 καὶ
1772 5092 1882 5166 epira<
1969 5086 1970 5117 ³

1969 5190 1970 5219 l

332 5254 433 5309 ‘vnum
447 5263 483 5310 est
495 5258 578 5311 Badio
594 5264 660 5311 anua
673 5259 767 5325 angelos
788 5259 859 5312 mese
872 5260 985 5323 conditos,
1003 5274 1071 5327 quam
1120 5262 1308 5331 (iniiecccmcr.
1323 5262 1385 5317 hom.
1407 5275 1425 5317 1.
1440 5279 1465 5316 a.
1481 5263 1505 5317 5.
1523 5262 1782 5335 sthom.11.n.5.):
1800 5283 1810 5311 ι
1829 5262 1881 5316 Nm

298 5332 421 5399 conspicua
442 5347 519 5386 rerum
536 5334 668 5388 anicetus
684 5335 803 5398 endunt,
822 5335 961 5403 proindeque
980 5336 1073 5404 scripsit
1119 5342 1143 5390 ct
1155 5344 1206 5390 ante
1224 5339 1284 5391 hunc
1302 5338 1420 5404 mundum,
1437 5345 1464 5392 ut
1474 5338 1597 5393 cumnis
1610 5346 1654 5405 est,
1669 5345 1718 5394 erat
1731 5338 1813 5408 aliquid
1824 5336 1879 5407 quod

324 5492 335 5536 l
349 5489 397 5534 lit.
409 5489 454 5534 XX.
466 5492 761 5548 cett.Futstt.cep.t11.-i
772 5494 798 5537 ln
810 5493 850 5538 lib.
858 5494 885 5538 de
897 5492 974 5539 liundi
985 5498 1077 5539 aieret
1088 5493 1113 5537 ln
1126 5493 1180 5537 nm.
1188 5496 1304 5541 -ssdom
1313 5496 1336 5540 ln
1344 5495 1365 5541 8.
1374 5498 1437 5555 phys.
1445 5498 1493 5542 -l
1504 5498 1552 5543 lib.
1560 5500 1587 5544 dc
1599 5500 1643 5546 Deo
1654 5502 1729 5547 Suom
1737 5500 1783 5544 -5
1792 5498 1842 5554 Cup.
1850 5506 1877 5539 lt.

297 5554 345 5599 -s
358 5551 406 5597 Lib.
420 5550 448 5597 li.
462 5552 485 5596 ln
503 5555 560 5624 som.
579 5554 636 5608 scip.
650 5566 698 5610 cap.
715 5557 789 5599 x.-7
802 5555 850 5599 Lib.
867 5555 894 5599 ii.
909 5556 935 5601 dc
952 5557 1016 5602 utcu.
1028 5557 1076 5602 Dei,
1095 5568 1142 5612 cap.
1156 5559 1268 5604 xxxa-8
1280 5558 1327 5604 lib.
1344 5561 1368 5603 V.
1382 5560 1410 5605 dc
1425 5562 1499 5617 donc„
1515 5562 1876 5619 prosse.-ol.is.t11.se1³e·.
1968 5580 1969 5649 q

296 5616 352 5669 pili.
365 5626 413 5670 cap.
424 5615 514 5660 r.-lll
524 5614 571 5659 Lib.
584 5615 620 5659 vl.
632 5616 659 5661 dc
672 5617 750 5662 raes.
763 5628 811 5672 esp.
825 5617 920 5663 vs-ll
934 5617 974 5673 Ep.
987 5620 1007 5663 l.
1021 5628 1072 5674 pag.
1084 5619 1106 5664 l.
