4096 6190
343 322 402 382 652
848 322 1174 385 rfluotuutcuutltt
1199 322 1417 385 DOGMATUM

343 506 447 565 nemo,
463 488 669 550 nisiextrema
681 487 763 550 linea
771 488 897 569 impius,
909 495 965 550 aut
974 488 1113 566 insanus,
1165 488 1252 565 trice,
1269 495 1302 550 et
1319 488 1502 569 providente
1520 507 1613 551 causa
1621 488 1891 569 sempiternorum,
1906 495 1937 551 et
2035 542 2036 545 ,

342 600 410 643 10111
419 581 515 644 ullam
526 582 695 663 quamlibet
705 583 861 644 modicam
870 583 1007 660 aliunde,
1019 602 1114 664 quam
1165 583 1275 645 eodem
1291 582 1385 643 modo
1403 599 1526 662 semper
1540 581 1726 643 habentium
1742 581 1803 642 illis
1814 581 1936 643 absurde

343 693 363 734 a
376 676 439 736 Deo
453 681 587 736 creatam
602 693 667 736 esse
687 674 813 750 seutiat3
830 674 874 735 ita
887 673 1055 754 gubernari
1074 675 1114 736 ab
1165 675 1382 756 prospieiabu3
1408 693 1510 752 causa,
1538 674 1687 754 inquam,
1712 693 1776 735 nen
1800 676 1936 754 generali

342 767 414 841 ubo,
431 784 526 847 qnam
547 767 586 828 ab
605 768 714 829 eedem
728 773 853 828 auctore
875 769 938 828 Dee
959 767 1113 829 nefarium
1164 768 1268 836 modo,
1286 772 1317 829 et
1330 767 1369 828 ab
1382 767 1476 828 rebus
1489 766 1726 847 particularibus
1738 774 1869 843 semota,
1884 767 1936 827 sed

342 866 388 922 est
413 860 552 936 eredere3
578 879 629 937 ue,
654 860 739 940 quod
763 860 910 921 adversus
934 859 1113 940 Pelagianos
1163 859 1402 938 quadametiam
1418 859 1579 938 singulari,
1593 864 1625 920 et
1638 860 1736 937 magis
1748 859 1933 938 propinqua.

342 959 497 1029 naturum,
509 958 540 1013 et
553 952 723 1033 beeipsum
733 953 912 1033 quodsum,
927 954 1001 1022 Deo,
1018 953 1113 1013 virtu·
1163 952 1432 1025 Quemadmodum
1439 952 1473 1012 in
1482 952 1648 1012 hominum
1657 970 1770 1031 genera
1779 951 1936 1012 cernimus

341 1051 416 1123 tem,
431 1050 462 1107 et
475 1045 560 1124 quod
568 1045 644 1105 boni
656 1051 729 1106 sunt
741 1045 800 1106 sibi
809 1045 990 1121 tribuentes,
1006 1045 1112 1122 objicit
1163 1062 1276 1123 pueros
1288 1044 1407 1123 majore
1420 1063 1499 1125 epus
1507 1044 1623 1106 habere
1633 1062 1719 1121 eura,
1733 1062 1829 1124 quam
1841 1044 1933 1121 νίτοσ,
2035 1056 2036 1107 3

341 1139 452 1219 sepius
466 1138 669 1217 Augustinus,
677 1138 761 1218 quod
770 1138 874 1199 minus
885 1143 931 1198 est
941 1139 1015 1207 Deo,
1028 1138 1112 1218 quod
1162 1142 1193 1197 et
1203 1138 1339 1213 stolidos,
1351 1156 1447 1216 qrsam
1459 1136 1678 1217 prudentem.»

341 1232 442 1311 majus
467 1251 503 1292 ac
523 1230 719 1310 praestantius
741 1235 796 1303 est,
822 1230 872 1290 vel
893 1229 1036 1305 fortunae,
1062 1230 1111 1291 vel
1203 1230 1292 1303 Quod
1307 1230 1392 1291 idem
1407 1236 1629 1309 argumentum
1642 1230 1761 1306 suadet,
1777 1249 1816 1291 ex
1830 1229 1933 1291 omni·
2008 1200 2036 1301 ,ἐ

339 1325 423 1386 fatali
448 1324 550 1386 nescio
573 1323 623 1383 cui
646 1322 831 1397 necessitati;
858 1323 955 1383 cuivis
976 1323 1110 1402 denique
1162 1320 1231 1397 hus,
1247 1341 1318 1402 quse
1333 1323 1367 1382 in
1381 1322 1560 1402 aspectabili
1572 1324 1631 1385 hae
1647 1322 1849 1384 universitate
1861 1342 1933 1384 een·
1993 1348 2011 1407 j

340 1417 452 1499 potius,
469 1435 564 1497 quam
580 1414 733 1477 conditori
746 1415 888 1476 omnium
906 1416 1108 1477 adscribatur.
1162 1419 1280 1491 santur,
1296 1414 1457 1476 bominem
1471 1415 1620 1495 peculiari
1634 1416 1687 1477 Dei
1700 1434 1759 1495 ope
1778 1434 1816 1476 ac
1833 1417 1935 1496 prori-

340 1510 549 1572 Necadidem
564 1507 814 1589 persuadendum
828 1508 906 1569 nihil
920 1509 1041 1584 attinet,
1055 1528 1109 1589 pa·
1162 1507 1267 1568 dentis
1292 1507 1424 1587 dignum
1450 1525 1534 1584 esse;
1562 1514 1631 1569 tum
1653 1509 1734 1569 inter
1758 1514 1935 1587 corporatas
2035 1524 2036 1575 ι

339 1622 449 1667 rumve
463 1602 644 1682 comprobat
663 1600 706 1674 id,
723 1601 807 1679 quod
821 1601 1056 1681 chrysostomus
1072 1603 1110 1663 de
1161 1617 1221 1676 res,
1235 1600 1471 1680 quodomnium
1481 1599 1815 1662 maximeimbecillum
1823 1619 1936 1680 corpus
2035 1670 2036 1675 γ

339 1695 545 1777 providentia,
569 1709 739 1770 rerumque
758 1692 984 1771 gubernatione
1009 1694 1107 1770 docet,
1161 1692 1288 1770 habeat3
1304 1696 1373 1753 tum
1391 1693 1472 1754 inter
1489 1693 1610 1754 ratione
1623 1693 1778 1773 praeditas,
1789 1693 1875 1771 quod
1889 1693 1935 1753 ul-

340 1789 440 1869 majus
449 1794 480 1850 et
489 1786 687 1849 excellentius
699 1785 847 1864 quiddam
857 1784 1111 1849 illamessecrea-
1162 1784 1275 1847 timum
1292 1787 1327 1847 in
1349 1786 1386 1845 iis
1410 1787 1544 1866 gradum
1565 1791 1681 1863 teneat,
1705 1805 1742 1847 ac
1764 1785 1878 1846 mentis
1904 1793 1934 1847 et

338 1883 440 1958 tione;
456 1880 539 1961 quod
562 1878 717 1959 precipua
735 1878 790 1938 Ilei
809 1878 973 1958 appellatio
990 1879 1030 1940 ab
1050 1879 1110 1941 hac
1161 1877 1281 1938 consilii
1293 1877 1474 1939 infirmitate
1487 1879 1581 1957 longe
1593 1879 1731 1939 maxima
1743 1878 1794 1953 sit,
1810 1883 1934 1939 etutro
2035 1902 2036 1945 1

338 1975 405 2056 ipsa
413 1971 597 2055 providendi
605 1970 1013 2044 functioncdeduciturzaa
1025 1972 1109 2033 enim
1162 1969 1256 2049 bique
1279 1970 1408 2031 infinitis
1428 1976 1460 2032 et
1477 1970 1665 2050 quotidianis
1677 1970 1875 2032 adminicffi
1895 1973 1933 2033 ad
2035 2012 2036 2051 γ

339 2067 388 2123 ἀπὸ
401 2070 513 2138 raetiae
535 2063 703 2138 derivatim,
727 2069 762 2123 ut
782 2068 890 2143 postea
909 2064 1062 2140 dicemus;
1077 2065 1109 2125 id
1161 2063 1210 2123 sui
1234 2062 1501 2125 conservationem
1530 2080 1609 2142 opus
1632 2062 1756 2124 babeat.
1780 2064 1933 2125 «Nullum
2035 2072 2036 2083 ¹

339 2155 632 2237 estaspeculctione‚
644 2174 739 2238 qnam
752 2156 796 2217 sie
809 2157 936 2236 exponit
945 2158 1110 2237 Gregorius
1161 2154 1246 2216 enim
1271 2155 1388 2216 animal
1415 2154 1568 2216 morosius
1592 2161 1649 2232 est,
1674 2156 1797 2217 nullum
1824 2156 1933 2236 majori
2035 2150 2036 2161 ’

339 2247 506 2326 Nyssenus.
536 2250 679 2330 clpsum
705 2249 826 2311 deitatis
846 2268 973 2326 nomen,
995 2250 1107 2331 iuquit,
1160 2253 1225 2309 arte
1245 2248 1457 2324 tractandum,
1481 2266 1576 2328 quam
1597 2247 1704 2324 homo,
1736 2248 1816 2309 nulli
1837 2249 1934 2328 magis
2035 2246 2036 2331 ᾗ

338 2340 402 2401 sive
422 2341 647 2422 inspectricem,
663 2343 726 2403 sive
745 2342 907 2423 providam
927 2348 1109 2422 potestatem
1160 2338 1407 2420 parcendum¹,»
1431 2341 1475 2400 ait
1493 2342 1619 2402 Seneca.
1643 2341 1726 2401 Facit
1739 2340 1833 2402 edam
1854 2341 1934 2402 illius
2035 2364 2036 2417 γ

338 2432 501 2511 significan,
520 2435 751 2516 quamproprie
769 2436 804 2495 in
821 2434 1109 2516 humanumgenus
1160 2432 1305 2512 dignitas,
1324 2438 1355 2494 et
1373 2439 1493 2493 nunnae
1507 2433 1696 2513 praestantia,
1715 2444 1751 2494 ut
1766 2434 1851 2509 ei,si
1871 2452 1933 2495 non
2035 2422 2036 2453 ³

338 2524 441 2586 habet.
459 2527 517 2600 Qui
530 2528 615 2589 enim
628 2528 676 2603 iis,
693 2546 764 2607 quae
782 2532 866 2604 sunt,
882 2527 946 2587 vim
958 2528 1108 2590 exntendi
1160 2525 1227 2601 soli,
1249 2530 1331 2587 certe
1352 2526 1506 2605 precipue
1527 2525 1698 2599 consulere,
1719 2544 1755 2587 ac
1773 2526 1934 2605 providere

337 2616 447 2678 tribuit
459 2619 550 2695 Deus,
564 2619 659 2681 etiarn
674 2620 829 2700 inspector
842 2625 888 2681 est
902 2638 1022 2697 eorum,
1037 2640 1108 2701 quae
1160 2617 1649 2694 divinabonitasdebeat3uth0c
1661 2619 1804 2679 nnumin
1817 2619 1933 2680 animal
2035 2666 2036 2697 ,

339 2709 378 2769 ub
392 2710 458 2789 ipso
472 2710 553 2772 facta
565 2716 638 2772 sunt
649 2722 704 2772 ι.»
1160 2728 1271 2789 perse,
1288 2710 1383 2789 hujus
1400 2716 1506 2772 01110111
1529 2710 1562 2773 in
1584 2716 1696 2773 caetera
1709 2711 1818 2791 gratia,
1833 2730 1933 2792 prona

378 2802 457 2863 XVI.
481 2805 532 2864 Fst
550 2804 634 2884 apud
653 2803 856 2865 Ammonium
877 2803 1047 2865 Aristotelis
1059 2806 1107 2866 in-
1160 2803 1321 2864 etintenta
1333 2821 1398 2865 esse
1412 2804 1564 2864 videatur.

337 2901 505 2976 terpretem
520 2896 829 2976 pulcherrimarum,
847 2914 909 2975 qua
923 2898 1021 2957 Deum
1034 2917 1107 2978 pro·
1199 2896 1292 2956 XVll.
1317 2897 1455 2958 Declarat
1477 2897 1536 2957 hoe
1561 2895 1696 2976 eleganti
1718 2897 1929 2975 similitudine,

337 2986 467 3050 batnon
480 2989 601 3069 magnis
614 2989 727 3065 solum,
743 2995 774 3050 et
787 2989 982 3068 sempiternis
998 2991 1108 3052 mundi
1159 3005 1195 3048 ac
1222 2989 1385 3065 sententia,
1409 2989 1443 3048 in
1466 2993 1576 3069 quarto
1597 2998 1700 3052 cosdro
1727 2989 1845 3051 Celsum
1869 2992 1932 3052 Ori

337 3080 499 3159 providere
512 3082 662 3162 partibus,
675 3081 834 3143 sedetiam
850 3080 976 3157 infimis,
993 3087 1108 3143 010011-
1158 3096 1264 3158 genes.
1293 3082 1383 3143 «Mea
1404 3081 1541 3160 qrridem,
1562 3081 1674 3160 inquit,
1695 3082 1762 3142 11ωο
1781 3084 1931 3167 sententia

336 3172 542 3252 tingentibus3
558 3180 651 3255 atque
668 3175 706 3236 iis
718 3175 846 3255 insuper
869 3175 1053 3254 prospicere,
1077 3180 1108 3237 et
1159 3178 1214 3239 est,
1241 3174 1505 3253 quemadmodum
1527 3174 1561 3234 in
1584 3174 1773 3243 civitatibus,
1799 3176 1854 3255 qui
1875 3196 1930 3237 an-

337 3266 544 3344 particulatr‘m
558 3285 665 3329 claram
677 3285 787 3328 eorum
803 3285 910 3346 gerere
929 3268 1028 3346 magis
1042 3286 1107 3330 esse
1158 3270 1295 3326 nonest
1313 3265 1556 3326 macellicuram
1574 3265 1700 3339 habent,
1718 3266 1836 3327 nullius
1856 3268 1929 3329 alte·

337 3359 1104 3439 cousentaneum,aedignumDeo,quamaliorum,
1157 3357 1223 3418 rius
1246 3375 1338 3419 causa
1360 3357 1516 3435 laborare,
1547 3376 1642 3438 quam
1662 3359 1845 3435 hominum
1867 3361 1931 3439 ejus

337 3469 407 3530 quas
424 3458 492 3513 rata
509 3459 592 3529 sunt,
616 3459 648 3514 et
666 3459 815 3534 perpetua
834 3452 902 3531 lege
920 3452 993 3514 fixa.
1008 3455 1106 3514 «Ρ10-
1157 3455 1264 3511 tamen
1277 3450 1480 3530 providentiae
1499 3450 1635 3512 bustum
1651 3452 1691 3512 ad
1705 3471 1798 3513 canes
1823 3459 1855 3513 et
1871 3454 1930 3514 alia

336 3548 442 3622 pterea
460 3545 545 3624 quod
559 3545 626 3606 haec
643 3551 755 3605 natura
768 3545 963 3605 suadefinita
977 3551 1058 3614 sunt,
1076 3551 1107 3607 et
1158 3544 1250 3604 bruta
1271 3543 1433 3623 pervenire
1457 3562 1464 3603 :
1485 3544 1530 3605 ita
1545 3544 1683 3606 dunum
1703 3546 1930 3624 providentiam

336 3635 556 3713 immutabilia,
578 3637 735 3716 talemque
756 3636 904 3698 divmitus
923 3638 1106 3698 exstantiam
1156 3637 1276 3697 ratione
1289 3637 1426 3716 praeditis
1437 3636 1592 3717 precipue
1604 3638 1797 3717 prospicere;
1810 3656 1849 3699 ex
1862 3658 1930 3700 eon·

336 3731 444 3790 sortita
469 3736 552 3791 sunt.
579 3732 654 3805 Quae
679 3736 785 3791 autem
806 3735 1007 3809 generantur,
1035 3730 1108 3810 quia
1155 3730 1297 3809 sequenti
1325 3734 1430 3790 autem
1454 3730 1547 3790 etiam
1579 3729 1671 3791 bruta
1694 3731 1868 3791 animantia
1894 3731 1929 3791 iis

336 3820 421 3882 llrrxa
442 3828 582 3884 constant
600 3823 739 3899 materia,
762 3828 792 3883 et
806 3822 846 3882 ob
859 3822 891 3883 id
905 3823 991 3883 omni
1004 3828 1106 3883 muta-
1156 3822 1292 3902 perfrui,
1332 3840 1402 3901 quae
1434 3822 1600 3883 homiuum
1636 3822 1737 3901 gratia
1771 3827 1925 3903 procreata

336 3911 428 3974 tionis
436 3934 550 3994 genere
561 3921 708 3994 agrmbu,
720 3933 821 3995 neque
834 3933 910 3990 esse,
921 3933 1022 3994 neque
1033 3934 1106 3976 con-
1156 3920 1257 3974 sunt&
1270 3936 1285 3972 ι)
1301 3914 1784 3993 Talequiddamtllemenseliam
1796 3915 1925 3976 Alexan·
2035 3920 2036 3925 ’

335 4004 438 4082 tineri,
455 4026 555 4087 neque
569 4007 706 4069 ordinari
722 4012 862 4088 possunt,
875 4007 936 4068 nisi
949 4007 989 4068 ab
1001 4006 1108 4068 condi·
1157 4007 1276 4085 drinus,
1290 4006 1412 4086 opinor,
1431 4007 1546 4086 innuit,
1562 4007 1639 4070 dum
1651 4007 1687 4068 in
1696 4013 1784 4070 sexto
1794 4008 1928 4069 Strenia-

373 4279 394 4318 α
413 4263 502 4318 Gara.
521 4262 602 4321 Ntss.
629 4261 678 4319 lib.
700 4261 724 4318 ll
748 4268 823 4319 root.
848 4265 925 4319 Eun.
946 4258 1107 4315 ίίαλαθτθθέ
1157 4260 1270 4326 δυνατόν,
1286 4260 1425 4333 μηπολλῆς
1439 4262 1548 4334 τυχόντα
1562 4264 1606 4329 τῆς
1622 4266 1672 4316 τῶν
1694 4259 1733 4314 ἀεὶ
1755 4261 1873 4324 ὡσαύτως
1884 4263 1930 4330 δη·

335 4348 417 4415 τὸτῆς
428 4348 541 4415 θεότητος
555 4347 643 4418 ὄνομα,
660 4344 707 4399 εἴτε
723 4345 766 4415 τὴν
778 4344 919 4417 ἐποπτικην,
931 4343 1033 4412 εἶτεν-ὴν
1048 4364 1108 4417 προ-
1159 4348 1299 4417 μιουργικῆς
1319 4363 1360 4407 τε,
1383 4346 1424 4398 καί
1442 4348 1603 4416 προνοητικῆς
1624 4343 1714 4417 αἰτίας,
1738 4345 1768 4399 οὗ
1792 4347 1865 4417 μόνον
1886 4348 1930 4414 τῆς

335 4429 449 4499 νοητικὴν
478 4429 585 4492 ἐξουσίαν
614 4430 736 4501 σημαίνει,
765 4432 794 4497 ἣν
819 4428 913 4490 οἰκείως
939 4422 992 4501 εἶχε
1006 4428 1065 4501 πρός
1078 4428 1108 4481 τό
1157 4425 1314 4499 όλιαωτέρας,
1326 4426 1367 4478 καί
1383 4424 1541 4499 ἐξῃρημένης,
1557 4427 1671 4480 ἐλλόωιαί
1680 4447 1745 4488 τινος
1753 4429 1929 4499 μεραιωτέρας,

337 4512 613 4586 ἀνθριθπινονόγθρτὴν
621 4512 722 4586 δύναμιν
731 4507 986 4586 superponenda
994 4506 1107 4565 τοῦεῖναι
1156 4511 1197 4562 καί
1207 4511 1407 4582 προσεχεστέρας.
1416 4511 1499 4582 ὥσπερ
1512 4512 1611 4564 καὶτῶν
1621 4511 1755 4582 ἀνθρώπων
1772 4513 1829 4574 τσίις
1836 4513 1930 4575 παῖδας

336 4596 399 4660 θεὸς,
414 4597 455 4650 καί
466 4595 571 4665 ἐπόπτης
585 4602 635 4649 τῶν
651 4594 774 4664 ἐπ’(ίὶοῐ.
789 4595 847 4665 ὑπ’)
862 4594 953 4650 ἐκείνου
968 4597 1106 4668 γεγονότων
1157 4591 1253 4665 όρῶμεν
1278 4593 1393 4656 πλείονος
1407 4593 1535 4665 δεομένους
1558 4592 1705 4666 ἐπιμελείας,
1720 4595 1737 4661 l,
1758 4595 1815 4656 τοὺς
1828 4594 1929 4667 ἄνδρας,

337 4677 413 4735 letio,
1032 4742 1035 4749 .
1156 4676 1266 4738 καὶτοὺς
1281 4674 1430 4744 matronali
1447 4676 1643 4749 τοθςέμρρονας.

373 4763 517 4820 bluuou.
542 4761 572 4818 in
596 4760 644 4818 lib.
673 4761 710 4818 de
737 4765 867 4835 interpr.
894 4763 1000 4817 Μῶλω
1015 4756 1105 4834 γὰρῆν
1193 4760 1341 4816 00110111.
1370 4759 1407 4816 ll'
1429 4765 1502 4815 cortt.
1532 4759 1606 4815 Cels.
1642 4759 1689 4813 liat
1707 4759 1814 4831 ἡγοῦμαι
1837 4779 1865 4829 γε
1888 4761 1932 4816 ὅτι

337 4845 443 4910 statut
457 4841 523 4899 ἀίδια
548 4851 598 4899 τῶν
619 4846 770 4917 πραγμάτων
794 4846 950 4918 περιορᾶσθαι
969 4844 1011 4898 ὑπ’
1025 4845 1105 4898 αὐτῶν
1156 4842 1238 4914 ὥσπερ
1251 4840 1274 4895 ἐν
1300 4843 1354 4903 ταῖς
1376 4842 1476 4895 πόλεσιν
1491 4841 1515 4896 el
1529 4843 1706 4915 προνοοόμενοι
1720 4849 1769 4897 τῶν
1782 4842 1872 4908 ὠνίων,
1888 4846 1934 4898 ul

336 4930 415 5003 ἔρημα
429 4948 464 4993 τις
485 4927 661 4997 ἔπιόαλλοιίσης
685 4927 937 5001 circumcursat
960 4928 992 4982 td
1006 4927 1105 5000 ῥευστὴν
1157 4929 1199 4991 τῆς
1212 4925 1312 4998 ἀγοραῖς,
1320 4923 1353 4977 δι’
1361 4923 1431 4978 οθδέν
1442 4925 1820 4998 ἅλλοπρονοοῦνται,ἢθιὰτοθς
1833 4925 1934 4998 ἂνθρῶ-

336 5012 426 5086 έχοντα
450 5012 530 5083 φύσιν,
547 5010 614 5084 εἴπερ
629 5010 707 5064 ἐκεῖνα
723 5011 765 5084 μὲν
781 5011 830 5065 ἀπὸ
848 5017 891 5080 τῆς
909 5011 1002 5065 ἑαυτῶν
1013 5011 1106 5081 μίσεως
1156 5026 1225 5071 πους,
1241 5007 1441 5081 παραπολαιίουσι
1468 5008 1496 5061 δέ
1516 5013 1559 5076 τῆς
1586 5009 1714 5081 δαψιλείας
1732 5009 1772 5063 καί
1793 5008 1871 5072 τώνες,
1887 5011 1934 5064 ul

336 5096 365 5150 τό
380 5096 515 5169 ὡρισμένον
530 5095 591 5168 ἔχει,
606 5095 647 5147 καί
671 5095 801 5168 ἄτρεπτον,
822 5096 935 5163 τοιαύτην
960 5095 1039 5149 θεόθεν
1061 5093 1104 5161 τὴν
1156 5091 1222 5144 ἄλλα
1234 5099 1284 5146 τῶν
1306 5091 1414 5164 ἀλόγων.
1430 5090 1507 5153 οότως
1532 5091 1549 5159 lp
1576 5095 1681 5164 πρόνοια
1698 5099 1747 5147 τῶν
1761 5090 1932 5165 μὲνλσγιιῦν

335 5178 469 5233 όπόστασιν
484 5177 610 5251 εἰληχότα.
627 5176 658 5232 τὰ
672 5178 694 5230 δ’
719 5176 743 5230 ἐν
760 5179 862 5250 γενέσει,
884 5178 925 5231 διὰ
951 5180 981 5232 τό
1005 5178 1104 5251 ῥευστόν
1156 5176 1345 5248 προηγουμένως
1368 5178 1476 5248 προνοεῖ.
1501 5172 1679 5244 ἐπητολοόθησε
1702 5176 1729 5229 al
1745 5176 1787 5228 καί
1815 5176 1847 5230 τὰ
1860 5176 1933 5231 ἄλλα

336 5265 379 5328 τῆς
392 5259 481 5322 οἰκείας
494 5261 563 5329 όλης,
580 5259 604 5314 ἐν
618 5263 764 5334 παντοδαπῇ
778 5263 901 5335 μεταόολῇ
909 5263 1021 5334 φέρεσθαι
1032 5265 1107 5337 'sepo-
1157 5258 1237 5331 ἄλογα
1252 5259 1382 5313 ἀπολαύειν
1398 5265 1448 5314 τῶν
1457 5256 1490 5312 δι’
1498 5257 1638 5332 ἀνθρώπους
1650 5260 1798 5333 γενομένων.

335 5346 406 5408 αότα,
430 5341 487 5398 οὔτε
513 5338 586 5416 εἶναι,
607 5343 663 5399 οὔτε
687 5345 841 5419 συνέχεσθαι,
863 5345 907 5399 καί
922 5337 1105 5420 διακοσμεῖσθαι

363 5502 371 5548 ί
387 5503 437 5547 San.
454 5499 493 5546 lib.
507 5500 535 5545 ds
546 5501 614 5547 arca.
626 5512 646 5545 c.
660 5511 713 5546 stu.
