4030 6204
426 319 478 379 DE
497 318 572 380 ulto
594 318 737 392 DEIQUE
757 318 1103 393 PROPRIETATIBUS,
1126 321 1198 381 LlB.
1223 321 1273 395 Vl,
1296 322 1379 382 CAP.
1403 322 1426 380 l.
1663 323 1722 382 tut

121 488 241 544 terram
266 483 423 555 deorsum,
448 489 539 561 atque
562 482 806 555 animadvertite,
834 501 896 561 quo
952 484 1101 560 secundo,
1135 491 1459 560 «commensuratum,
1485 490 1517 545 et
1538 485 1721 566 pulchrum,

119 580 216 654 pacto
237 579 303 635 totu
327 574 395 635 haec
416 592 521 634 rerum
546 575 643 635 moles
660 580 843 649 constructa,
867 581 899 636 et
950 576 1131 655 perfectum,
1150 582 1242 655 atque
1262 577 1455 638 sufficiens.»
1472 577 1514 637 Ut
1526 582 1673 656 appareat
1690 576 1724 639 iu

121 671 341 745 coagmentata
353 666 456 739 tuerit,
470 667 554 727 unde
572 667 723 745 originem
741 667 894 742 habuerit,
951 669 1085 746 quadeun
1110 669 1327 729 convenientia
1352 669 1472 729 bonum
1491 687 1530 730 ex
1552 668 1636 729 illius
1656 669 1723 748 opi-

117 758 199 838 quid
212 764 284 819 ante
302 758 537 819 exornationem
552 764 627 830 erat,
645 765 675 819 et
689 778 751 838 quo
763 759 830 837 jam
843 778 897 820 no
950 760 1043 819 nione
1057 760 1232 820 consistere.

117 851 208 911 minc
235 850 418 911 universum
442 851 624 930 appelletur.
649 851 762 912 Ordine
791 851 898 912 omnia
991 850 1036 910 lta
1066 851 1283 930 Euryphamus
1319 853 1530 931 Pythagoreus
1563 869 1725 913 summum

117 943 316 1015 concinnata,
338 947 370 1003 et
382 942 523 1003 distincta
544 948 627 1015 sunt,
649 948 679 1002 et
700 943 753 1022 qui
771 944 896 1003 eoncin-
950 940 1084 1002 hominis
1099 943 1228 1019 bonum,
1245 944 1308 1003 sive
1320 943 1498 1004 felicitatem
1516 943 1618 1005 tribus
1631 944 1725 1005 rebus

117 1034 208 1095 navit
223 1033 362 1095 Verbum
378 1039 433 1095 cst.
454 1035 638 1114 Quanquam
657 1040 692 1095 ut
710 1041 782 1095 sunt
796 1054 897 1096 unum
951 1033 1067 1094 absolvi
1081 1035 1199 1095 asserit.
1215 1037 1502 1109 «Quemadmodum
1513 1037 1582 1116 lyra
1595 1037 1725 1098 totidem

117 1125 238 1199 omnia,
254 1127 297 1186 sic
318 1127 445 1205 produci
460 1127 553 1187 simul
570 1132 724 1207 poterant.
745 1128 897 1206 Numqui
950 1125 1016 1186 istis
1029 1145 1107 1206 opus
1127 1126 1230 1202 habet,
1253 1133 1414 1207 apparatu,
1438 1128 1669 1207 compositione,
1695 1136 1724 1190 et

117 1237 168 1291 co,
186 1236 256 1297 ques
270 1223 448 1291 nouerant,
464 1232 529 1279 esse
546 1218 628 1294 lecit,
644 1218 818 1299 effectisque
836 1220 898 1279 for·
950 1218 1042 1295 pulsu
1057 1219 1186 1279 musico.
1201 1219 1375 1299 Apparatus
1384 1226 1430 1280 cst
1444 1221 1641 1299 propriarum
1656 1240 1726 1300 par-

116 1326 207 1369 mam
225 1328 260 1369 ac
277 1308 393 1389 {iginus
414 1309 508 1385 dedit,
526 1311 609 1371 idem
624 1310 761 1390 prolecto
776 1329 841 1371 nou
854 1312 897 1372 sic
950 1309 1031 1370 tium
1058 1310 1200 1371 omnium
1221 1311 1324 1390 copia,
1347 1317 1383 1372 ut
1409 1312 1608 1389 chordarum,
1633 1318 1663 1373 et
1686 1315 1724 1373 ad

117 1398 295 1461 imbecillus
309 1407 386 1471 erat,
397 1406 433 1462 ut
445 1421 509 1463 non
527 1402 620 1462 simul
629 1404 734 1463 omnia
748 1403 781 1463 in
795 1403 896 1464 lucem
951 1402 1087 1481 pulsum,
1108 1422 1143 1464 ac
1156 1421 1268 1464 sonum
1282 1404 1504 1483 pertinentium
1520 1423 1722 1484 organorum.

117 1493 231 1565 edere,
256 1498 287 1553 et
310 1511 460 1554 exornare
494 1501 605 1573 posset.
637 1494 753 1555 Verum
783 1496 895 1555 idcirco
950 1494 1136 1574 Compositio
1162 1514 1236 1556 vero
1262 1514 1410 1556 sonorum
1442 1496 1524 1557 inter
1552 1515 1584 1557 se
1610 1503 1725 1577 tempe-

117 1583 207 1644 aliud
220 1584 368 1664 primurn,
385 1585 467 1645 aliud
478 1587 649 1646 secundum
658 1592 851 1659 numeratio,
867 1592 898 1647 et
950 1586 1040 1646 ratio.
1055 1586 1165 1647 Pulsus
1177 1587 1313 1648 musicus
1324 1594 1369 1648 est
1378 1588 1493 1648 horum
1507 1588 1605 1649 motio
1615 1607 1724 1650 secun-

117 1676 260 1745 tertium,
277 1696 313 1737 ac
333 1678 377 1738 sic
395 1679 548 1757 deinceps,
566 1684 601 1738 ut
615 1679 708 1739 simul
720 1697 790 1740 cum
804 1679 898 1741 rebus
949 1677 1025 1738 dum
1047 1680 1315 1758 temperationem.
1333 1680 1382 1740 Sic
1400 1680 1565 1740 hominum
1584 1681 1648 1740 vita
1667 1682 1726 1741 tria

119 1769 233 1829 creatis
252 1769 328 1829 ordo
345 1769 448 1830 statim
469 1769 672 1848 ingrediatur.
691 1772 772 1832 Ordo
793 1770 897 1851 itaque
948 1767 1001 1829 illa
1015 1770 1176 1831 desiderat.
1189 1772 1364 1851 Apparatus
1375 1770 1501 1851 quidem
1509 1778 1555 1832 est
1567 1773 1639 1833 vitae
1654 1792 1724 1852 par·

117 1863 229 1921 omniu
247 1861 414 1933 constituit,
431 1867 461 1921 et
474 1861 639 1940 colligarit.
654 1863 736 1925 Ordo
751 1863 894 1935 coelestia,
948 1861 1027 1922 tium
1042 1863 1316 1941 complementum.
1333 1865 1429 1923 Porro
1449 1864 1521 1924 vitas
1536 1870 1639 1943 partes
1652 1871 1725 1926 sunt

116 1958 150 2012 et
172 1958 296 2013 terrena
314 1954 461 2013 continet.
486 1954 567 2015 Ordo
585 1955 620 2014 in
633 1954 682 2015 his
700 1973 771 2034 quae
786 1955 897 2015 intelli·
948 1955 1085 2033 corporis
1107 1954 1200 2029 bona,
1226 1974 1283 2016 nec
1310 1974 1374 2015 nou
1397 1955 1553 2034 pecuniae,
1576 1956 1675 2035 gloria
1694 1958 1728 2016 et

113 2044 224 2122 gentis
242 2044 454 2123 percipiuntur
477 2065 484 2105 :
505 2045 581 2106 ordo
603 2046 691 2106 iniis
714 2064 784 2125 quse
804 2064 897 2106 sensu
948 2046 1050 2105 amici.
1068 2046 1253 2125 Compositio
1265 2065 1339 2107 vero
1350 2052 1395 2106 est
1408 2046 1535 2106 illorum
1548 2066 1587 2107 ex
1602 2048 1725 2108 virtutis

112 2136 283 2216 capiuntur
297 2155 304 2195 :
319 2136 747 2215 ordoiudngelis⁴‚ctc.ollc
760 2137 895 2198 deinde:
948 2136 1114 2216 legumque
1140 2139 1325 2218 praescriptis
1349 2138 1565 2217 temperatior.
1578 2160 1593 2196 ν
1625 2139 1725 2200 Etiam

120 2228 255 2307 «Atque
275 2228 384 2289 ordine
405 2229 531 2308 quidun
545 2230 736 2301 dommaute,
758 2231 893 2291 mundus
948 2228 1000 2288 illa
1019 2229 1081 2289 tria
1101 2230 1269 2308 quamdam
1290 2249 1354 2309 prae
1374 2248 1406 2290 se
1427 2230 1663 2308 congruentiam
1683 2230 1726 2291 fe

118 2325 169 2380 est
181 2320 364 2393 hoctoturn,
379 2324 411 2380 et
420 2321 618 2399 pulchritudo
629 2326 711 2382 certa
722 2328 753 2382 et
766 2322 894 2382 stabilis.
948 2325 1033 2393 runt,
1050 2321 1192 2400 equibus
1206 2329 1221 2397 t
1237 2327 1369 2401 ἐξάριυσις,
1378 2321 1410 2381 id
1429 2327 1485 2397 est,
1502 2330 1678 2402 apparatus,
1695 2328 1726 2383 et

116 2412 235 2471 Contra
249 2416 355 2472 autem
365 2413 566 2491 pertrubatio,
580 2419 611 2474 et
626 2414 764 2474 conlusio
778 2414 812 2474 iu
825 2433 896 2476 aere
948 2413 1037 2489 quasi
1071 2413 1201 2473 materia
1228 2412 1350 2472 dnobus
1377 2412 1514 2490 subjecta
1545 2413 1672 2492 reliquis
1696 2414 1724 2474 ei

116 2503 248 2582 quidem
273 2503 404 2564 fulmina
425 2505 478 2579 ,in
499 2510 583 2565 terra
606 2512 726 2581 motus,
754 2504 787 2565 in
817 2507 896 2566 mari
948 2504 1125 2583 respondet,
1141 2504 1224 2582 quod
1238 2504 1469 2581 estdugustino
1489 2504 1615 2584 species.
1632 2505 1722 2564 Com·

115 2595 351 2667 inundationes,
373 2595 407 2656 in
427 2596 601 2657 civitatibus
620 2598 780 2677 dumisque
801 2596 893 2674 bella,
947 2596 1069 2674 positio,
1085 2614 1180 2675 quam
1194 2602 1349 2674 σωσρρογὰν
1364 2595 1507 2675 appellat,
1524 2595 1609 2656 modi
1629 2596 1725 2658 instar

116 2687 153 2748 iu
167 2687 348 2766 corporibus
365 2688 574 2768 egritudines,
590 2690 624 2749 in
643 2690 755 2749 animis
774 2696 897 2769 peccata
948 2693 1003 2747 est.
1017 2688 1097 2748 Nam
1108 2694 1139 2747 et
1152 2687 1224 2748 iude
1238 2686 1319 2746 νιιοάί
1327 2687 1435 2746 morici
1441 2687 1655 2761 nominantur,
1668 2690 1722 2767 qui

115 2779 293 2860 procreavit
304 2778 327 2840 l.
344 2801 359 2837 υ
373 2780 422 2841 Sic
433 2781 473 2841 ad
485 2781 731 2841 convenientiam
746 2782 892 2860 partium,
947 2798 986 2839 ex
1012 2785 1094 2839 certa
1125 2779 1296 2857 disparium
1324 2796 1473 2839 sonorum
1498 2779 1721 2859 temperatione

117 2889 161 2931 ex
181 2870 295 2951 quibus
317 2873 514 2951 componitur
531 2873 590 2933 hoc
604 2874 796 2941 universum.
813 2873 895 2933 illius
947 2871 1037 2930 siunt.
1062 2871 1195 2930 Pulsatio
1224 2869 1345 2943 fidium,
1375 2876 1406 2929 et
1432 2871 1574 2930 tractatio
1595 2888 1634 2931 ex
1656 2875 1721 2932 arte

118 2970 230 3033 εδειξια,
245 2963 304 3023 hoc
323 2970 369 3024 est
390 2964 510 3037 modus,
532 2965 656 3043 species,
676 2965 739 3024 sive
761 2964 895 3044 pulchri·
947 2962 1082 3036 cithara,
1113 2960 1264 3035 ordinem,
1290 2960 1583 3039 dispositionemque
1614 2960 1718 3035 refert,

116 3055 212 3129 tudo,
234 3061 326 3134 atque
351 3061 423 3135 apta
454 3056 626 3131 collocatio,
654 3056 707 3135 qui
733 3061 779 3117 est
801 3057 893 3131 ordo,
947 3054 1021 3133 quia
1041 3071 1104 3113 una
1132 3058 1200 3132 post
1223 3051 1316 3112 aliam
1337 3052 1462 3126 chorda,
1486 3053 1536 3113 vel
1561 3070 1634 3112 cum
1661 3052 1721 3112 alia

117 3147 284 3225 redigitur.
948 3151 1032 3205 mota
1042 3143 1179 3205 sonitum
1191 3143 1302 3205 reddit.

160 3240 241 3301 Xlll.
265 3240 394 3301 Platoin
407 3238 526 3301 Philebo
540 3240 598 3300 sul)
606 3241 678 3301 libri
691 3242 797 3315 finem,
810 3240 897 3301 volu·
988 3237 1067 3296 XlV.
1091 3238 1171 3297 Sunt
1191 3241 1221 3296 et
1239 3235 1299 3295 alia
1317 3236 1387 3307 tria,
1410 3235 1523 3315 quihus
1543 3234 1649 3296 omnia
1669 3235 1724 3296 llai

118 3336 204 3411 ptatc
229 3332 269 3393 ab
296 3332 452 3393 bonorum
475 3332 552 3392 serie
581 3332 705 3410 rejecta,
736 3333 836 3411 primo
862 3332 895 3391 iu
948 3347 1043 3408 opera
1069 3333 1208 3397 constare
1236 3327 1393 3407 Scriptura
1423 3328 1537 3408 prodit.
1573 3348 1588 3385 ιι
1607 3326 1721 3400 Omna,

117 3442 230 3485 eorum
240 3425 340 3502 gruem
350 3424 479 3484 collocat
496 3446 511 3481 ιι
521 3442 710 3497 mensuram,
725 3428 756 3483 et
770 3424 801 3483 id
812 3423 895 3502 quod
949 3422 1060 3500 inquit,
1078 3419 1110 3479 ιἰι
1124 3438 1271 3493 mensuro,
1287 3427 1313 3479 et
1330 3438 1459 3494 ιιιωιονο,
1476 3427 1505 3479 et
1522 3417 1654 3500 pondere
1667 3416 1725 3479 dt'a-

117 3517 331 3587 modcratum,
355 3521 629 3595 opportunumque
660 3515 826 3575 dieitur.»
859 3516 894 3574 ln
944 3511 1138 3592 pereutit»
1176 3512 1251 3585 Quae
1284 3528 1357 3571 cum
1386 3510 1597 3591 superioribus
1626 3509 1725 3570 tribus

155 3755 175 3795 a
197 3739 262 3795 Ntz.
276 3744 343 3794 orat.
359 3755 434 3794 xxti.
446 3736 603 3809 Ἐμὸλέψατε
616 3737 649 3801 εἰς
666 3736 707 3792 τδν
722 3734 825 3808 οθρανδυ
839 3734 901 3801 ἅνω,
952 3736 1049 3806 μέτρον,
1070 3733 1111 3786 καὶ
1133 3733 1162 3786 τὸ
1185 3734 1292 3805 μέτριον,
1313 3731 1353 3785 καὶ
1367 3733 1470 3803 καίριον,
1485 3732 1525 3784 καὶ
1539 3731 1627 3801 [πάντα
1645 3730 1725 3786 ὁπόσα

116 3824 158 3874 καὶ
173 3821 207 3886 εἰς
216 3822 261 3889 τὴν
276 3827 321 3893 γῆν
336 3823 413 3886 κάτω,
422 3822 461 3874 καὶ
470 3819 601 3888 ἐννοήσατε
614 3827 667 3883 πῶς
680 3821 782 3886 συνέστη
797 3819 826 3873 τδ
840 3822 898 3887 πᾶν,
951 3822 1052 3871 τοιαῦτα
1069 3815 1117 3889 χρὴ
1140 3817 1248 3887 νομίζειν
1270 3814 1313 3883 τὴν
1338 3811 1415 3868 attiae
1438 3814 1545 3886 εἰρῆσθαι
1566 3815 1646 3885 φύσιν,
1668 3819 1723 3870 clo.

118 3906 160 3958 καὶ
181 3906 249 3970 ὅθεν,
265 3906 305 3957 sal
331 3906 355 3959 τί
375 3906 423 3977 πρὸ
446 3908 489 3970 τῆς
502 3892 686 3976 διακοσμήσεως
710 3900 751 3971 ἦν,
763 3902 804 3955 καὶ
818 3902 842 3956 τί
856 3906 898 3955 νῦν
951 3901 1067 3971 Δεύτερον
1083 3897 1130 3970 μὴν
1145 3898 1200 3970 περὶ
1210 3898 1397 3969 τδσθμμετρον,
1407 3897 1531 3950 salrator
1544 3895 1724 3962 τθτάλιον,ιιαδ

117 3989 204 4060 ὄνομα
218 3993 255 4060 τῷ
269 3987 350 4042 παντί.
364 3986 428 4050 τάξει
443 3985 474 4040 τά
489 3988 569 4040 πάντα
587 3986 744 4059 διεκοσμήθη,
764 3984 804 4038 καὶ
818 3986 833 4038 θ
847 3987 900 4038 δια·
950 3981 1044 4045 ἱκανὸν,
1060 3987 1114 4037 cte.

119 4071 253 4142 κοσμήσας
263 4070 349 4142 λόγος’
365 4070 406 4122 καί
420 4071 460 4123 τοί
472 4088 500 4141 γε
515 4070 549 4132 ὡς
562 4070 587 4123 ἓν
602 4069 633 4123 τὰ
647 4070 737 4132 πάντα,
752 4067 901 4140 καὶάθράως
985 4065 1208 4120 dEuarrnttws
1223 4062 1252 4118 in
1272 4064 1393 4133 Fraqm.
1412 4060 1541 4132 Pythaq.
1557 4061 1623 4132 Γθρα
1637 4079 1664 4115 τι
1676 4061 1723 4133 γάρ

115 4152 255 4220 ὑποστῆναι
270 4153 371 4206 δυνατὸν
386 4150 427 4221 ἦν.
439 4153 453 4205 ὁ
467 4152 515 4224 γὰρ
527 4154 579 4214 τοῖς
592 4152 637 4205 οὖα
650 4146 703 4205 οὖσι
717 4151 746 4205 τθ
760 4146 823 4204 εἶναι
833 4153 899 4214 δοδς,
950 4150 1018 4200 πάσα
1038 4148 1127 4219 χρῄζω
1144 4151 1218 4216 τριῶν
1243 4145 1336 4197 τούτων
1358 4142 1441 4216 τυχὶν,
1464 4141 1611 4213 ἔξαρτθσιος,
1631 4162 1721 4214 συναρ-

118 4237 380 4308 ιιαὶεοῖςγινομάνοις
400 4236 451 4300 τάς
466 4235 544 4300 ἰδίας,
574 4236 616 4288 καὶ
644 4234 675 4288 τά
703 4235 830 4308 σχήματα,
846 4231 898 4286 οὐδ’
952 4231 1039 4301 μογᾶς,
1060 4226 1150 4299 ἰταμαῖς
1165 4246 1229 4288 τινος
1245 4228 1369 4298 μουσικᾶς.
1391 4220 1722 4298 sequerenturque

118 4322 184 4392 δμοῦ
201 4319 230 4373 tlt
248 4322 296 4372 πᾶν
321 4318 454 4383 ἀναδεῖξαι,
482 4319 524 4371 καὶ
552 4321 715 4390 διακοσμῆσαι
744 4315 843 4384 ἀσθενὴς
856 4312 897 4383 ἦν.
950 4317 1000 4364 τῶν
1011 4310 1102 4378 οἰκήων
1117 4309 1376 4382 μερέωντῶσιθματος
1384 4307 1525 4380 παρασιιιυὰ
1535 4309 1644 4362 πάντων·
1655 4309 1723 4380 λέγω

117 4402 187 4455 ἀλλὰ
202 4401 244 4455 διά
258 4406 332 4455 τοῦτο
345 4404 443 4473 πρῶτόν
457 4420 491 4467 τι,
506 4400 547 4453 καὶ
566 4400 676 4471 δεύτερον
697 4399 842 4471 ἀριθμεῖται,
858 4397 899 4450 καὶ
950 4392 1034 4447 δὲτῶν
1049 4395 1158 4466 χορδῶν,
1172 4395 1212 4445 καὶ
1227 4397 1276 4446 τῶν
1289 4391 1399 4463 ὀργάνων
1415 4398 1464 4444 τῶν
1474 4392 1531 4443 ποτ’
1543 4390 1723 4462 εὗρωυῑαυ,ιια“ι

116 4486 215 4557 τρίτον,
230 4484 272 4537 καὶ
287 4483 317 4537 τὰ
332 4482 394 4549 ἑξῆς,
410 4484 453 4536 ἵνα
465 4481 531 4546 τάξις
545 4481 611 4545 εθθθς
625 4483 763 4554 συνεισάλθῃ
786 4482 839 4544 τοῖς
854 4480 901 4533 ντί.
949 4477 1045 4549 πληγὴν
1058 4476 1289 4548 ἔπισυνεργοθντων.
1310 4473 1452 4546 συναρμογὰ
1465 4472 1492 4526 δὲ
1507 4472 1588 4528 ἁποτ’
1608 4473 1723 4542 uilloc

118 4589 210 4640 σμασι.
226 4566 293 4629 τάξις
307 4560 349 4620 οθν
367 4567 396 4620 τδ
409 4569 457 4620 πᾶν
472 4567 647 4633 συνεστήσατο,
663 4563 728 4628 τάξις
749 4565 845 4636 συνάγει
859 4562 901 4615 καὶ
950 4560 1079 4633 σύγκρασις
1085 4578 1134 4613 των
1143 4559 1265 4630 φθόγγων·
1277 4556 1358 4629 luced
1369 4556 1395 4610 δὲ
1409 4557 1524 4629 μουσικὰ,
1534 4556 1619 4611 &tart
1633 4575 1724 4627 συναρ·

118 4654 152 4705 τά
167 4651 311 4723 ἐπουράνια,
337 4651 379 4702 καὶ
406 4650 437 4703 τά
460 4648 563 4721 ἐπίγεια,
584 4648 658 4713 τάξις,
672 4654 778 4716 νοητοῖς,
794 4645 859 4710 τάξις
874 4645 898 4699 ἔν
951 4641 1030 4714 μογὰν
1041 4643 1135 4710 κίνησις
1145 4643 1192 4709 ἤδη
1200 4641 1303 4694 τούτων.
1320 4640 1398 4703 οθτως
1408 4635 1450 4694 οὖν
1461 4641 1501 4692 καὶ
1513 4640 1565 4711 βίος
1577 4639 1722 4712 ἀνθρώπων,

121 4734 260 4801 αἰσθητοῖς,
274 4731 339 4796 τάξις
354 4731 378 4785 ἐν
393 4731 514 4804 άγγέλοις.
949 4728 1036 4799 χρῄζει
1057 4730 1130 4797 τριῶν
1150 4724 1254 4787 τούτων,
1264 4722 1347 4796 τυχέν,
1368 4721 1491 4795 άξάρτυσις
1511 4723 1564 4796 μὲν,
1585 4722 1601 4775 ά
1617 4729 1668 4777 τῶν
1686 4727 1724 4775 τῶ

159 4815 267 4873 blbid.
282 4815 329 4867 tat
343 4812 432 4875 τάξιως
452 4813 494 4885 μὶν
514 4812 688 4885 ἐπικρατούσης
699 4813 791 4883 κόσμος
801 4810 830 4864 τ“ο
838 4812 898 4875 πᾶν,
951 4809 996 4878 βίω
1020 4807 1112 4880 μερέων
1132 4807 1181 4860 ἐντὶ
1203 4807 1386 4878 συμτλάρωσις·
1410 4806 1457 4877 βίω
1478 4803 1505 4858 δὲ
1526 4806 1615 4877 μάρεα,
1644 4805 1676 4858 τά
1698 4822 1724 4857 τε

122 4900 166 4953 aul
179 4899 210 4952 τδ
222 4898 314 4960 κάλλος
327 4896 454 4964 ἀκίνητον,
477 4894 563 4957 άταξθα
584 4896 620 4958 st,
635 4896 676 4948 tel
691 4894 800 4966 ἀκοσμία
816 4892 839 4947 ἐν
857 4893 900 4965 μὲν
950 4892 1063 4962 σώματος
1075 4889 1164 4962 άγαθά,
1175 4889 1216 4941 καὶ
1225 4889 1257 4943 τά
1267 4895 1316 4943 τῶν
1328 4889 1475 4962 χρημάτων,
1490 4888 1531 4939 καὶ
1545 4887 1575 4941 τὰ
1588 4889 1631 4950 τᾶς
1642 4884 1722 4949 δόξας,

124 4982 180 5054 άάρι
191 4983 249 5044 τοὺς
262 4979 393 5048 σιιηιττοθς,
406 4977 429 5032 ἐν
437 4978 502 5052 δδγῇ
509 4980 564 5042 τοθς
577 4979 701 5050 σεισμοὺς,
717 4976 742 5030 ἓν
757 4976 784 5029 δὲ
792 4977 900 5048 θαλάσσῃ
949 4972 989 5026 καὶ
1001 4971 1032 5025 τά
1045 4979 1095 5025 τῶν
1109 4973 1198 5043 φίλων.
1211 4971 1355 5043 συναρμογά
1363 4969 1476 5024 δὲᾶιιατ’
1486 4969 1573 5042 άρετδν
1586 4970 1628 5021 καὶ
1642 4969 1724 5040 νόμως

124 5066 169 5129 τάς
184 5063 330 5125 ὶιτικλθσιις,
346 5060 370 5115 ἓν
384 5059 411 5115 δά
424 5062 521 5127 πόλεσι,
542 5061 584 5113 καὶ
601 5059 679 5123 οῐιιοις
697 5055 860 5130 πολάμυυς,ἔν
875 5056 902 5112 u
950 5056 1044 5109 τούτων
1058 5055 1199 5125 σι’νγιιρασις,
1219 5062 1273 5109 eto.

125 5151 181 5213 τοῖς
195 5148 295 5218 σώμασι
304 5147 347 5208 τὰς
361 5144 508 5217 ἀρρωστίας,
524 5142 587 5197 test
601 5143 751 5216 mappa
764 5141 807 5205 τάς
820 5141 901 5213 άμαρ·
986 5139 1090 5208 eSap.
1114 5153 1154 5205 11,
1180 5135 1226 5192 2l.
1247 5137 1333 5190 Πάντα
1360 5136 1457 5207 μέτρῳ,
1481 5134 1523 5186 καὶ
1547 5133 1657 5206 ἀριθμῷ,
1682 5132 1723 5186 καὶ

124 5232 184 5293 τίας
199 5229 383 5301 διαινυτόμησε.
950 5222 1053 5292 σταθμῷ
1067 5217 1185 5281 διέταξας.

158 5312 281 5369 cPttro
301 5311 330 5366 ln
359 5309 484 5367 Philebo.
505 5308 586 5363 Ἀλλά
607 5315 704 5381 πρῶτον
728 5309 770 5378 μάν
792 5325 826 5374 ιιη
847 5305 901 5376 rapt

267 5463 345 5525 Τοιι.
370 5462 393 5524 l.
1525 5456 1564 5515 33
