3956 6168
282 366 342 428 tta
791 359 1117 425 THEOLOGIGORUM
1144 358 1363 425 bastarna

284 530 412 611 quidem
436 530 571 591 seermdo
602 529 637 591 de
665 527 738 592 ree
766 528 930 591 orthodoxo
959 529 1057 610 capite
1108 527 1263 590 interioris
1280 544 1388 589 sensns
1405 534 1500 607 quarn
1513 534 1650 607 φαντασίαν
1668 499 1789 601 voeant',
1806 542 1868 605 per-

283 624 376 684 tertio
385 629 417 683 et
428 622 576 684 vicesimo
588 621 708 694 ἐνεργείας
722 619 961 701 significationes
971 621 1060 682 affert
1104 629 1197 704 ριίιια
1205 620 1305 682 motio.
1315 618 1661 700 Intelligentisdeniqne
1671 617 1783 679 animas
1792 617 1870 696 prin·

284 715 395 777 varias.
418 715 559 776 Primum
572 713 657 774 enim
678 732 735 793 pro
756 713 949 775 naturalibus
962 714 1060 794 accipi
1109 731 1180 793 ceps
1194 720 1312 795 ἐνέργεια,
1328 731 1404 774 usus
1422 718 1468 775 cst
1485 712 1613 773 rationis
1631 727 1725 790 quern
1743 716 1871 786 ἀεικίνητον

285 806 403 868 viribrn
415 814 446 868 et
458 805 654 868 facultatibus
665 806 718 882 ait,
728 810 764 867 ut
772 812 847 867 sunt
854 805 1057 885 intelligendi,
1108 815 1185 887 λόγον
1203 807 1340 867 loannes
1362 806 1570 867 Damasceuns
1589 803 1733 883 appellat.
1752 801 1800 864 Ab
1819 802 1872 863 boc

286 901 502 979 cognoscendi,
518 903 698 978 caeteraeque
710 899 951 976 naturales,imo
966 899 1060 958 etiam
1108 897 1194 960 fonte
1216 899 1352 960 actiones
1368 898 1496 978 reliquie
1509 896 1680 977 profluunt,
1692 912 1763 975 qna
1774 894 1814 955 ad
1830 912 1872 955 se-

285 997 377 1053 artes.
405 993 483 1054 Item
514 1010 577 1054 esse
610 991 785 1053 naturalem
819 991 1060 1071 uniuscujusque
1110 991 1248 1053 cundum
1263 1001 1380 1068 κινήσιας
1400 992 1464 1053 sive
1484 997 1603 1070 ἐνεργείας
1620 1005 1734 1067 genus,
1755 988 1872 1049 tertium

286 1084 464 1146 substantiae
476 1086 551 1161 vim,
565 1089 787 1147 tumanatura
798 1084 924 1146 insitam
935 1084 1061 1145 cuilibet
1109 1090 1215 1145 autem
1235 1085 1329 1163 hujus
1351 1084 1560 1165 significatum
1583 1082 1750 1162 pertinent,
1776 1080 1874 1159 φιαίαο

285 1176 465 1238 substantie
490 1177 680 1253 motionem,
710 1186 749 1237 ex
774 1195 836 1256 qno
861 1177 1001 1257 sequitur
1025 1182 1061 1239 ut
1109 1182 1183 1238 sunt
1193 1177 1351 1239 naturales
1364 1184 1419 1239 aut
1431 1182 1497 1238 arte
1505 1180 1679 1237 constantes
1689 1173 1834 1248 aefianes,
1842 1179 1873 1233 ut

286 1288 422 1349 quorum
436 1270 609 1331 substantia
617 1270 668 1331 vel
681 1270 813 1331 essentia
826 1270 935 1331 eadem
950 1275 1007 1345 est,
1022 1270 1061 1331 sit
1109 1268 1206 1350 loqui,
1217 1268 1389 1347 ambulare,
1406 1271 1509 1345 edere,
1524 1285 1645 1343 canere,
1663 1283 1744 1346 opus
1757 1265 1873 1345 aliquod

287 1362 395 1423 eadem
410 1369 441 1423 et
455 1369 574 1444 ἐνέργεια,
590 1381 660 1442 quae
673 1381 747 1424 vero
767 1367 913 1424 naturam
925 1362 1061 1423 habeant
1110 1363 1184 1423 artis
1198 1361 1329 1424 efficere.
1344 1363 1434 1438 Quod
1446 1380 1524 1442 opus
1537 1367 1658 1442 ἐνέργημα
1675 1364 1707 1421 et
1727 1364 1872 1437 αιισιοααια

287 1454 458 1529 diversam,
484 1473 595 1515 eorum
622 1455 662 1516 sit
686 1462 794 1537 ἐνίρρεια
820 1455 950 1516 diversa.
981 1455 1061 1516 Fieri
1110 1455 1246 1534 proprie,
1265 1454 1416 1518 abusione
1440 1459 1545 1516 autem
1566 1452 1649 1513 vocis
1674 1457 1782 1531 ἐνέρρειε
1805 1467 1872 1511 nun

287 1546 372 1607 enim
389 1564 454 1608 nou
472 1552 574 1627 potest
589 1554 626 1608 ut
639 1547 810 1609 substantia
832 1546 897 1608 ulla
911 1548 1061 1609 naturalis
1110 1564 1273 1627 nunqnam
1302 1548 1425 1624 dicitur,
1459 1563 1556 1625 eaque
1582 1550 1628 1605 est
1656 1548 1813 1624 posuerns
1839 1542 1873 1603 de

287 1638 326 1700 sit
339 1639 525 1719 operationis
534 1658 654 1719 expers.
668 1641 718 1701 Sic
732 1642 847 1715 nativa,
858 1639 1019 1720 primaque
1031 1646 1062 1702 et
1110 1645 1244 1720 quatum
1277 1647 1321 1708 τῆς
1336 1639 1455 1714 ἐνεργείας
1490 1635 1683 1719 significatio.
1720 1636 1765 1696 Αο
1796 1634 1872 1714 prior

288 1731 321 1790 iu
347 1732 494 1791 continuo
525 1738 614 1793 motu
636 1733 767 1812 positiva
790 1732 836 1793 ris
863 1732 1062 1811 intelligentis
1110 1732 1237 1812 quidem
1256 1736 1374 1811 ίνέργιια,
1394 1730 1649 1810 qnoeseeundum
1669 1728 1774 1790 locum
1789 1727 1872 1788 babet

288 1823 411 1900 animae,
428 1843 499 1904 quae
513 1831 559 1885 est
572 1826 650 1885 ratio
671 1826 767 1904 ipsius
786 1842 948 1904 nunquam
961 1826 1062 1905 quies-
1111 1829 1142 1885 ct
1154 1843 1173 1886 a
1186 1829 1299 1885 natura
1310 1828 1341 1884 et
1354 1829 1426 1902 σι’νσίρ
1436 1824 1628 1902 proximum,
1636 1821 1766 1883 interior
1775 1826 1870 1895 estet,

288 1934 360 1975 cens
373 1934 409 1976 ac
422 1917 605 1977 naturaliter
614 1917 714 1977 cailla
726 1917 896 1997 profluens,
912 1919 1061 1980 natrualis
1110 1918 1190 1978 utin
1203 1915 1316 1977 scholis
1326 1915 1510 1995 loquuntur,
1526 1917 1686 1976 ι’νηιιιανιειιο
1701 1915 1792 1991 aedo,
1809 1930 1870 1993 pne

288 2013 334 2068 est
347 2008 413 2085 ejus
434 2010 582 2088 operatio.
602 2009 763 2070 Interdum
784 2016 815 2070 et
838 2010 972 2071 actiones
985 2011 1060 2090 ipsae
1110 2009 1291 2070 teriorvero
1303 2013 1334 2068 et
1347 2008 1435 2087 qnasi
1447 2008 1628 2069 secundaria
1641 2007 1870 2089 simpatia
1934 2018 1938 2025 '

288 2105 438 2161 vorantur
461 2108 589 2182 ἐνέργειαι,
614 2108 650 2162 ut
670 2108 743 2163 sunt
765 2102 862 2181 loqui,
888 2102 1059 2179 ambulare,
1110 2107 1218 2162 manet
1246 2101 1279 2161 in
1309 2105 1421 2179 agente
1453 2119 1564 2175 marsa,
1597 2101 1712 2181 partim
1742 2099 1777 2159 in
1804 2116 1871 2177 opus

288 2190 390 2265 edere,
404 2191 558 2254 bibereac
572 2193 697 2255 similes.
713 2196 790 2255 item
804 2195 959 2256 naturales
969 2196 1060 2259 affec·
1110 2194 1220 2254 transit
1241 2198 1404 2253 externum
1425 2193 1510 2272 quod
1532 2193 1653 2254 audone
1671 2192 1760 2254 finita
1779 2208 1869 2272 perse

287 2283 399 2361 dones,
414 2289 449 2345 ut
464 2286 572 2361 fames,
587 2286 662 2361 sitis,
683 2304 763 2367 sepe
777 2293 892 2368 ἐνέργειαι
903 2288 1058 2352 dicuntur.
1109 2292 1206 2348 verat.

289 2375 427 2455 Denique
454 2395 532 2457 opus
558 2379 716 2457 ipsamet
742 2378 886 2440 effectum
911 2379 1061 2444 bouitatb
1151 2380 1204 2441 Ill.
1230 2380 1499 2458 Existisqnatuor
1515 2379 1687 2455 ιῆςένερρείσς
1707 2376 1871 2437 notionibus
1899 2405 1913 2434 ι

288 2467 427 2547 alicujus,
445 2477 553 2551 ἐνέργεια
565 2469 755 2532 nominatur.
1110 2472 1213 2553 prima
1223 2472 1361 2552 quidem,
1372 2476 1408 2533 ut
1416 2473 1456 2533 sit
1467 2480 1568 2550 strepa
1576 2474 1608 2529 et
1616 2474 1752 2549 potestas
1759 2470 1867 2549 agendi,

329 2561 367 2622 ll.
391 2562 463 2623 Haec
473 2564 690 2640 Damascenus,
700 2582 738 2625 cx
748 2564 861 2643 quibus
870 2567 1062 2648 quadruplex
1110 2564 1262 2626 aBasilio
1284 2569 1433 2644 aucupata
1456 2563 1580 2624 videtur
1604 2560 1638 2621 in
1661 2562 1764 2641 primo
1781 2569 1870 2622 matrs

289 2665 331 2729 εῆς
342 2658 462 2734 ἐνεργείας
474 2654 658 2734 significatio
672 2656 774 2736 colligi
792 2661 902 2737 potest.
918 2659 998 2720 Nam
1009 2668 1063 2723 aut
1112 2656 1303 2719 Eunomt‘nm.
1330 2657 1409 2717 Nam
1428 2655 1491 2716 illic
1517 2662 1635 2735 ἐνεργείας
1656 2653 1790 2734 appellat
1810 2670 1870 2733 qus

288 2745 334 2804 vis
348 2751 393 2806 est
407 2747 473 2825 ipsa
486 2746 635 2808 nannalis
647 2753 678 2809 et
691 2749 839 2828 potentia,
854 2768 950 2830 qrram
962 2761 1062 2835 δύναμιν
1111 2766 1169 2810 nos
1182 2748 1328 2810 artritica
1339 2766 1449 2809 vocare
1458 2746 1685 2821 consuevimus,
1702 2746 1798 2806 veluti
1809 2764 1870 2826 pm

289 2838 386 2899 Graeci
400 2846 511 2901 rorant
523 2860 530 2901 ι
542 2847 596 2902 ant
610 2846 656 2903 est
670 2841 768 2904 motio
785 2847 815 2903 et
828 2861 902 2904 usus
913 2844 1064 2908 facultatis
1112 2840 1293 2916 videntium,
1318 2840 1553 2920 prescientiam,
1578 2844 1610 2899 et
1633 2843 1743 2899 catera
1763 2859 1771 2900 :
1790 2856 1870 2919 quern

288 2930 371 2992 illius
388 2936 576 2995 transeuntis
592 2935 626 2995 in
648 2939 765 3012 actum,
788 2936 842 3015 qui
862 2941 948 2997 actus
960 2938 1063 3019 dupli·
1113 2933 1217 2993 Basilii
1235 2932 1340 2994 locum
1360 2931 1434 2993 alibi
1452 2928 1626 3010 descripsi¹·
1640 2931 1718 2991 Vide
1731 2931 1870 3011 stepitto·

290 3025 365 3085 citer
381 3024 574 3106 intelligitur,
596 3032 703 3106 estque
722 3034 829 3107 ἐνέργεια
852 3028 976 3109 duplex.
997 3031 1065 3093 Alia
1113 3023 1177 3085 11111
1193 3025 1332 3104 ejusdem
1353 3023 1703 3104 quadringentesimam,
1725 3022 1779 3084 ubi
1799 3023 1871 3083 sim'r

115 3130 266 3175 ναααακα-
288 3123 402 3177 natura
431 3118 537 3196 insita,
564 3138 635 3199 quse
659 3126 779 3199 ἔρρνεοςῖ
794 3126 888 3196 κίνησις
924 3129 1063 3202 vocabar,
1113 3116 1184 3177 liter
1192 3117 1340 3197 loquitur.
1357 3117 1474 3177 Verum
1488 3115 1593 3177 miuus
1605 3116 1731 3195 proprie
1745 3116 1872 3177 convenit

124 3190 176 3227 ‘¹⁴⁹¹‘
184 3183 258 3228 mm·
290 3212 320 3269 et
330 3214 375 3269 est
388 3210 489 3290 prima
499 3213 641 3273 omnium
651 3216 682 3273 ct
690 3216 841 3292 perpetua
854 3230 889 3273 ac
903 3232 1065 3295 nunquam
1114 3209 1182 3270 haec
1195 3211 1278 3270 vocis
1295 3210 1431 3289 acceptio
1443 3229 1451 3271 ι
1462 3208 1613 3288 queniam
1630 3213 1762 3289 αένέργεια
1772 3209 1871 3287 agitur,

289 3295 466 3381 interrupta
480 3309 600 3365 naturae
617 3305 725 3379 motio,
743 3322 806 3383 qua
824 3304 1064 3385 desinentem·
1115 3319 1180 3363 11011
1212 3302 1314 3381 agit»
1349 3307 1386 3362 ut
1416 3301 1583 3380 Gregorius
1609 3301 1814 3362 Nazianzenus
1832 3300 1871 3361 lo

290 3397 361 3452 tura
379 3395 498 3471 oceidit,
514 3396 588 3475 quia
605 3397 672 3457 sine
686 3396 740 3456 illa
756 3413 821 3457 esse
837 3414 1000 3477 nunquam
1013 3420 1067 3480 pu
1115 3393 1252 3472 quiunt.
1271 3394 1332 3455 Sed
1348 3399 1573 3474 neopostrema
1588 3395 1813 3472 tanguntque
1823 3410 1872 3473 pra

289 3488 360 3544 test.
384 3485 432 3545 Sic
449 3487 551 3564 prima
573 3489 605 3547 in
627 3487 802 3548 virentibus
823 3489 903 3549 actio
921 3495 952 3550 ct
970 3494 1066 3554 motio
1116 3505 1209 3566 opere
1225 3487 1292 3566 ipsu
1303 3492 1411 3567 ἐνέργεια
1428 3486 1562 3547 sumitur
1576 3485 1681 3546 :velut
1693 3495 1768 3559 κτίσις
1781 3486 1872 3567 appel·

290 3582 337 3636 cst
347 3576 410 3637 vita
421 3578 499 3656 ipsa,
521 3597 591 3658 qum
614 3580 672 3639 uin
693 3581 825 3657 nutritii,
846 3586 916 3641 actu
930 3582 1065 3646 ctdimi-
1115 3578 1197 3640 latur
1215 3588 1316 3660 κτίσμα,
1341 3585 1378 3639 ut
1398 3580 1482 3641 idem
1505 3580 1715 3640 Damaseenus
1728 3580 1799 3640 alibi
1814 3578 1873 3639 scri

291 3668 422 3729 untione
435 3670 535 3749 posita
548 3677 651 3747 asta»
667 3678 703 3733 ut
713 3673 756 3734 ait
770 3673 959 3735 Aristoteles.
975 3676 1066 3742 (νύσίας
1115 3670 1176 3733 hit.
1199 3671 1360 3751 Siquidem
1384 3671 1490 3746 ἐνέργεια
1509 3671 1543 3732 in
1560 3671 1699 3759 metiore
1712 3672 1807 3752 posita
1823 3676 1871 3731 est

291 3759 376 3819 enim
389 3762 433 3821 ait
446 3779 510 3823 asse
524 3764 679 3826 naturalia
691 3783 832 3845 corpora,
848 3784 983 3844 qnorum
996 3782 1066 3844 qnae
1105 3763 1188 3828 ideo
1210 3763 1333 3824 definiri
1354 3762 1432 3824 solet
1454 3780 1474 3822 a
1496 3762 1609 3823 Grauis
1630 3763 1791 3843 theologis,
1812 3772 1873 3823 nto

291 3852 387 3912 vitam
406 3852 532 3929 hahent,
553 3855 641 3916 eain
664 3855 725 3917 illis
747 3857 919 3918 actionibus
940 3863 986 3919 est
1009 3857 1067 3917 sita
1117 3856 1215 3917 Psello
1227 3856 1260 3916 in
1274 3853 1558 3931 Politirbversibus,
1576 3862 1685 3917 «cena
1695 3854 1872 3932 natnraesel

292 3961 362 4022 quaa
375 3945 554 4023 vegetabilis
567 3947 679 4008 animae
695 3949 829 4028 propriae
846 3954 930 4023 sunt,
954 3949 1067 4026 «enjus
1116 3948 1268 4024 essentie,
1292 3947 1535 4027 substantiaque
1555 3948 1700 4009 mutiat»
1725 3951 1820 4024 Quare
1836 3966 1873 4007 se

292 4036 325 4095 in
339 4038 554 4115 permansione
568 4040 631 4099 rita
653 4040 828 4117 censistit»
850 4041 952 4121 inquit
969 4040 1064 4102 idem.
1116 4040 1218 4102 cunda
1244 4045 1276 4100 et
1298 4041 1391 4100 tertia
1416 4038 1596 4119 significatio
1624 4043 1748 4122 proprie
1772 4058 1872 4102 nomen

293 4128 392 4189 Sensu
405 4146 480 4191 vero
501 4130 704 4209 praeditorum
723 4132 871 4211 primaria
887 4133 1005 4194 tametio
1021 4139 1068 4194 est
1117 4139 1240 4215 ἐνεργείας
1259 4133 1401 4212 implent,
1419 4139 1484 4194 tam
1503 4150 1540 4194 ea
1561 4133 1714 4211 videlicet,
1733 4152 1799 4215 qua
1815 4133 1874 4194 inti

293 4364 521 4437 ὅτιῶνῆοὐσίαῆ
544 4369 616 4438 αὐτὴ,
640 4371 733 4427 τούτων
757 4372 1065 4447 καύἣένίργειαὴαύτή·
1152 4389 1174 4430 a
1192 4375 1307 4430 Αίίιετοτ
1322 4371 1368 4429 lib.
1400 4373 1424 4429 11
1455 4372 1628 4444 dedeima,
1651 4390 1712 4447 cap.
1732 4391 1762 4441 11,
1777 4374 1871 4431 texti.

293 4447 328 4503 ὦν
342 4449 368 4503 δὲ
383 4452 408 4505 ni
423 4451 503 4522 φύσεις
510 4453 632 4525 διάφοροι,
648 4454 740 4508 τούτων
756 4455 797 4507 καί
812 4454 837 4508 ni
854 4453 969 4529 ἐνέργειαι
983 4459 1068 4528 badpe-
1116 4456 1205 4511 Οὐσίαν
1218 4455 1245 4510 δὲ
1259 4457 1368 4530 μάλιστα
1382 4451 1446 4510 εἶναι
1461 4459 1560 4511 δοκοῦσι
1573 4458 1606 4511 τὰ
1619 4458 1734 4530 σιύριαια,
1747 4457 1871 4512 enlm

295 4553 342 4605 ροι·
359 4532 487 4606 ἀμήχανον
501 4535 558 4607 γὰρ,
575 4536 658 4589 οὐσίαν
679 4537 782 4610 ἄμοιρον
797 4532 860 4592 εἶναι
882 4544 982 4609 φυσικῆς
1001 4538 1066 4613 ἔνερ-
1117 4541 1149 4595 τὰ
1162 4541 1260 4612 φυσικά·
1277 4545 1355 4594 ταῦτα
1368 4541 1416 4613 γὰρ
1430 4544 1480 4594 τῶν
1491 4541 1574 4594 ἄλλων
1585 4541 1671 4614 ἀρχαί·
1687 4547 1736 4596 τῶν
1750 4542 1871 4613 stenar

294 4616 370 4687 γαίας·
392 4614 497 4687 ἐνέργεια
515 4618 588 4670 πάλιν
603 4617 654 4672 ἐστὶ
668 4620 766 4692 φυσικὴ,
790 4620 943 4691 tatastat
968 4622 1070 4693 ἑκάσιης
1118 4622 1207 4696 τὰμὲν
1222 4623 1274 4696 ἔχει
1290 4623 1367 4692 ζωὴν,
1382 4623 1589 4696 τὰύὐούαέχει·
1608 4624 1675 4693 ζωὴν
1689 4624 1716 4679 δὲ
1729 4627 1823 4698 λέγομεν
1834 4622 1871 4690 τὴν

296 4696 380 4759 οὐσίας
403 4698 513 4770 ὃύναριις
543 4702 583 4753 καί
597 4702 681 4754 πάλιν·
714 4701 821 4776 ἐνέργειά
844 4702 895 4758 ἐστι
916 4705 1003 4777 φυσικὴ
1027 4708 1068 4760 καὶ
1118 4705 1151 4759 δι’
1166 4705 1241 4759 αὐτοῦ
1256 4708 1348 4779 τροφήν
1362 4725 1399 4770 τε,
1414 4705 1455 4759 καί
1469 4705 1578 4774 αὔξησιν,
1591 4707 1735 4780 salpitano

295 4781 391 4853 πρώτη,
407 4779 566 4849 ὁάεοιίνητος
589 4782 664 4852 αὐτῆς
676 4785 763 4857 λόγος,
788 4792 894 4859 φυσικῶς
908 4785 932 4849 ἐξ
947 4787 1022 4855 αὐτῆς
1031 4788 1069 4844 ἀεὶ
1154 4788 1243 4860 idern,
1259 4788 1307 4844 lib.
1323 4787 1360 4845 de
1373 4793 1499 4861 Resptr„
1511 4806 1572 4860 cap.
1585 4807 1665 4849 ιινιιι.
1678 4794 1772 4855 Γὲνασις
1785 4793 1822 4864 ptr
1834 4783 1869 4843 σίν

295 4865 474 4937 πηγαζόμενος·
499 4862 606 4937 ἐνέργειά
630 4864 680 4920 ἐστι
708 4868 794 4939 φυσικὴ
823 4869 838 4937 ἡ
863 4868 963 4938 ἑκάστης
986 4871 1069 4934 οὐσίας
1119 4869 1183 4927 ἔστιν
1197 4872 1212 4939 ἡ
1226 4874 1311 4944 πρώτη
1327 4870 1417 4948 ρίύαξις
1438 4874 1482 4928 σύν
1504 4879 1541 4946 τῷ
1557 4875 1641 4947 θερμῷ
1656 4874 1869 4949 τῆςύριπταῆςψν·

296 4946 397 5019 δύναμίς
417 4965 443 5000 τε
463 4946 503 5000 καί
518 4948 621 5016 κίνησις,
629 4945 741 5023 ἦςχωρὶς
752 4953 828 5023 μόνον
843 4952 914 5024 τὸμὴ
927 4955 964 5007 ὄν·
981 4955 1069 5027 λέγον·
1118 4960 1174 5028 χῆς·
1190 4955 1241 5023 ζωὴ
1255 4954 1310 5021 iti
1326 4955 1387 5028 μονὴ
1400 4956 1498 5025 terme.

296 5029 372 5082 ταιδὲ
387 5027 502 5102 ἐνέργειαι
525 5030 565 5083 καί
580 5031 605 5084 αἱ
625 5031 731 5104 πράξεις,
747 5035 781 5096 ὡς
803 5034 833 5089 ab
846 5035 943 5103 λαλεῖν,
957 5037 986 5091 ub
1000 5057 1068 5110 περι·
1156 5038 1172 5094 ί)
1191 5039 1302 5097 Νναίλίί.
1318 5044 1387 5095 orat.
1407 5056 1510 5095 xxxvii,
1529 5041 1578 5095 Καὶ
1596 5039 1619 5096 εί
1633 5040 1738 5115 ἐνέργεια
1744 5085 1753 5110 ,
1764 5038 1870 5113 tremit,-

296 5114 391 5174 πατεῖν,
417 5112 446 5165 τί)
474 5111 570 5185 ἐσθίειν,
586 5114 615 5167 τύ
638 5114 725 5179 πίνειν,
744 5116 785 5169 eni
803 5116 835 5171 τὰ
858 5123 967 5173 τοιαῦτα·
983 5121 1024 5173 καί
1038 5120 1070 5174 τὰ
1118 5140 1186 5175 σεται
1199 5122 1324 5191 δηλονότι,
1334 5122 1375 5176 καί
1388 5120 1572 5196 οὐκίνεργίρσει.

297 5194 361 5260 πάθη
379 5192 405 5246 δὲ
428 5194 460 5247 τὰ
473 5196 570 5267 prend,
593 5198 713 5260 πολλάκις
734 5197 850 5272 ἐνέργειαι
872 5202 996 5275 λέγονται·
1013 5197 1068 5258 οἷον
1155 5203 1308 5260 oPsntuus
1328 5205 1456 5262 nondum
1481 5206 1583 5264 editus.
1609 5206 1738 5282 Ἐνὲργιιά
1763 5206 1807 5262 ἔστι
1821 5202 1868 5261 ναὶ

213 5352 214 5356 ¹
298 5277 380 5343 παῖνα,
396 5276 463 5346 δίψα,
473 5277 514 5328 καί
530 5277 561 5331 τὰ
576 5282 686 5334 τοιαῦτα·
701 5282 800 5354 λέγεται
814 5284 887 5337 πάλιν
903 5270 1010 5358 ἐνέργεια
1028 5288 1069 5341 καί
1118 5287 1210 5355 κίνησις
1223 5292 1266 5354 τῆς
1279 5286 1372 5349 οὐσίας.

299 5354 328 5406 εὐ
343 5352 500 5426 ἀποτέλεσμα
514 5361 556 5423 τῆς
570 5359 705 5429 δυνάμεως.

328 5548 337 5590 l
355 5546 401 5589 tit.
415 5547 423 5589 l
436 5548 461 5590 de
474 5549 522 5598 Deo,
534 5560 582 5603 cop.
595 5559 624 5593 rr.
