3952 6170
93 838 940 992 nnnonoomonuu
1000 830 1571 983 coeundum

639 1239 759 1383 nn
829 1234 1027 1377 nno

477 1605 676 1692 DEIQUE
729 1598 1189 1676 Pnornlnrlrlssds

560 2253 755 2342 LIBER
814 2245 1109 2348 QUARTUS

107 2598 139 2654 ΙΝ
169 2598 238 2666 QUO
267 2596 313 2654 DE
346 2592 476 2653 nitidis
506 2588 804 2650 ruorntnrlrlutts
835 2586 967 2646 loiron
998 2584 1078 2654 QUAE
1107 2580 1353 2642 frutumrlllds
1386 2580 1572 2641 locrorum

523 2706 568 2763 ET
597 2704 641 2761 ln
669 2703 725 2761 nul
750 2700 938 2762 scintillosi
968 2695 1154 2756 SPECTANT.

621 3521 1065 3625 ΠΡΟΘΕΩΡΙΑ

111 4076 154 4151 m
177 4078 305 4171 duplici
335 4094 458 4169 genere
492 4070 683 4145 divinarum
713 4078 960 4164 propnetatnm
990 4069 1082 4162 quod
1112 4089 1214 4160 supra
1243 4074 1360 4162 posui,
1389 4076 1536 4164 primum
1561 4075 1645 4146 illud

73 4209 150 4299 quud
179 4217 365 4302 negantes,
401 4214 443 4276 ut
477 4203 674 4298 appellent,
708 4203 872 4285 continet,
915 4201 1149 4292 superioribus
1182 4200 1315 4273 donnus
1348 4203 1443 4275 libris
1480 4206 1645 4296 complexi

21 4440 22 4443 Ἴ
74 4354 184 4411 snmus
212 4337 374 4412 Succedit
397 4336 478 4408 huic
507 4333 672 4418 alterum,
700 4332 791 4426 quod
816 4335 1035 4428 affirmantes,
1064 4330 1128 4404 hoc
1157 4340 1229 4428 est,
1259 4342 1297 4403 nt
1323 4334 1427 4407 Graeci
1455 4339 1644 4420 nominant,

21 4446 22 4463 ¹
74 4476 152 4544 met,
177 4470 350 4552 continet,
381 4468 504 4560 quibus
534 4487 602 4538 non
635 4486 737 4538 merae
767 4464 963 4556 negationes
990 4463 1150 4556 subiectae
1177 4474 1275 4548 sunt,
1305 4465 1365 4537 sed
1395 4467 1522 4559 aliquid
1558 4466 1648 4559 quod

76 4599 230 4687 quoinde
272 4590 529 4690 affectionisque
568 4617 665 4668 more
702 4595 880 4688 cogitando
918 4594 1152 4667 describimus.
1189 4595 1237 4667 Ac
1268 4616 1346 4667 cum
1386 4598 1652 4672 innumerabiles

77 4730 231 4802 recenseri
274 4729 407 4821 possint
443 4726 633 4820 ejusmodi,
675 4748 717 4798 ne
754 4736 875 4817 praeter
914 4725 1054 4796 modum
1094 4736 1250 4797 excurret
1284 4727 1339 4799 hic
1384 4739 1500 4801 noster
1541 4731 1649 4813 labor,

78 4855 211 4948 idipsum
238 4860 330 4953 quod
362 4862 398 4930 in
430 4858 604 4950 prioribus
635 4859 855 4941 instituimus,
896 4859 930 4927 in
962 4856 1015 4926 his
1049 4858 1150 4927 etiam
1188 4857 1380 4929 faciendum
1408 4860 1576 4943 duximus,
1617 4871 1654 4932 ut

78 4990 252 5082 precipuas
286 4986 507 5082 seligeremus
540 5011 580 5063 ex
614 4989 705 5060 omni
733 4989 848 5079 copia,
880 4987 1049 5077 latiusque
1077 4996 1230 5078 patentes
1258 4992 1402 5073 ceteris,
1435 5012 1475 5061 ac
1503 5003 1655 5062 ueterum

82 5114 207 5190 Petrum
235 5139 299 5191 usn
329 5120 597 5212 tractationeque
627 5120 799 5192 contritas.
829 5118 937 5188 Erunt
963 5126 1076 5189 autem
1110 5118 1182 5190 istae
1210 5120 1302 5203 fere,
1334 5120 1477 5191 scientia
1496 5122 1557 5193 Dei
1587 5124 1656 5195 sivo

82 5248 248 5338 cupientia.
276 5248 441 5334 voluntas,
470 5250 734 5342 omnipotentie,
765 5249 914 5331 bonitas,
946 5247 1176 5338 prouidentia,
1210 5248 1446 5338 pulchritudo,
1480 5252 1655 5344 perfectio,

85 5385 114 5446 et
128 5379 174 5448 ris
191 5377 427 5472 intelligibilis,
447 5379 512 5453 hoc
535 5388 597 5464 est,
620 5400 688 5473 que
710 5380 851 5471 intelligi
877 5388 989 5471 potest
1007 5388 1041 5450 et
1063 5388 1254 5451 creatorum
1272 5380 1441 5454 mentium
1468 5385 1659 5476 cognitione

87 5509 266 5602 perstringi.

236 5729 311 5795 Torr.
332 5730 360 5797 l.
1463 5737 1504 5798 23
1550 5670 1555 5681 ’
