3952 6170
365 330 417 393 DE
436 330 512 395 nm
532 329 676 407 DEIQUE
694 330 1037 409 redemerimus,
1059 331 1132 394 LlB.
1155 331 1207 407 lV,
1230 329 1313 393 CAP.
1336 331 1374 392 V.
1606 334 1663 394 35¹1

84 499 243 563 motinus
260 497 390 560 minime
411 496 525 559 differt.
549 496 740 578 Responderi
758 498 843 560 enim
894 497 1021 578 quidem
1033 497 1171 578 Apostoli
1192 497 1287 559 verbe
1307 496 1362 559 ille
1383 496 1518 560 decleret
1536 497 1667 560 Ambro

86 599 185 675 potet,
198 590 361 653 etsiinltei
373 591 501 653 scientia
510 591 651 671 adeoque
659 590 841 669 substantia,
893 592 956 653 sius
969 610 1039 671 que
1053 591 1087 651 in
1106 591 1235 671 epistole
1253 589 1293 652 od
1312 587 1487 653 Coerenses
1504 591 1663 671 legrmtrir.

85 695 221 766 tnnqimm
233 683 354 763 objecta
363 685 592 760 contineantur,
605 702 670 746 non
683 685 844 746 tamensis
895 684 1002 746 Ornnrb
1014 703 1073 766 per
1086 685 1185 766 ipsnrn
1197 692 1224 745 et
1246 683 1281 744 in
1299 683 1363 764 ipso
1377 692 1474 745 erecto
1487 692 1556 745 snnt
1566 682 1589 746 ⁵.
1606 685 1666 746 Ubi

85 788 221 859 bnqnsm
239 778 273 838 in
290 777 440 856 subiecto,
464 777 621 857 quomodo
641 796 698 838 nos
719 777 777 838 istu
797 796 845 839 cs·
894 778 1002 858 inipso
1014 796 1080 838 non
1093 782 1193 857 potest
1215 795 1252 837 eo
1265 794 1359 838 sensu
1381 776 1478 857 accipi
1497 795 1558 855 quo
1573 779 1665 839 Lom-

87 875 193 954 pimus;
215 870 365 951 quonium
387 888 453 932 non
471 870 507 930 in
526 869 596 931 idea
613 869 844 950 exemplarique
893 870 1007 932 bardus
1033 870 1196 932 existimet.
1226 870 1287 931 Sed
1313 869 1406 949 plane
1432 878 1462 931 rb
1483 878 1607 933 συναίτιον
1635 878 1666 933 et

87 984 137 1027 sno
148 984 182 1025 ac
196 963 320 1044 proprio
338 962 656 1042 comprehendentem.
676 963 750 1037 Que
764 963 844 1025 ratio
894 981 1092 1025 communem
1106 981 1177 1024 cum
1191 968 1279 1042 petre
1301 961 1497 1023 efficientiam
1519 963 1664 1041 ostendit,

88 1058 176 1121 mrito
184 1057 283 1137 aptior
302 1061 349 1118 est
365 1074 465 1136 quem
479 1074 550 1136 que
562 1056 602 1117 ub
616 1056 683 1117 aliis
703 1055 842 1135 aitermr,
893 1061 925 1117 et
937 1057 1020 1118 idem
1033 1062 1089 1132 est,
1101 1054 1263 1117 Ambrosio
1270 1054 1503 1135 interpretante,
1516 1056 1600 1134 quod
1609 1073 1667 1136 per

88 1150 165 1212 utab
181 1149 351 1211 Lombardo
370 1149 438 1229 ipso
452 1169 460 1209 ε
475 1149 545 1211 ideo
564 1167 629 1210 non
647 1166 713 1211 esse
725 1149 760 1209 in
781 1150 843 1211 Deo
894 1149 1000 1230 ipsum.

88 1244 177 1319 mele,
200 1241 273 1323 qiua
295 1259 360 1302 non
383 1259 421 1302 en
443 1242 525 1303 Deus
548 1242 711 1322 approbat.
741 1242 845 1304 Minus

87 1337 162 1399 enim
179 1335 260 1397 istim
280 1336 321 1397 sd
343 1352 412 1396 rem
429 1334 574 1414 pertinet.
597 1334 638 1395 At
655 1334 699 1395 illi
713 1353 843 1397 consen-

87 1427 842 1508 taneumestquodAugustinusabeodemLom-
1119 1429 1333 1512 CAPUT
1384 1431 1435 1512 V,

87 1523 173 1585 burdo
185 1523 295 1584 citans
315 1522 378 1582 ait:
401 1522 480 1583 Cum
493 1521 637 1582 eudimus
654 1521 792 1582 oomnis
805 1540 845 1583 er

86 1616 146 1697 ipso
161 1622 190 1677 et
210 1634 265 1696 per
284 1615 389 1695 ipsum
408 1619 439 1675 et
456 1614 589 1694 inipso,
610 1631 719 1676 omnes
737 1615 844 1694 utique

86 1715 200 1771 Mimas
211 1707 384 1786 intelligere
400 1705 559 1783 debemus,
579 1725 650 1787 (1ssae
663 1707 845 1770 neutraliter
894 1712 1081 1796 Explicatur
1102 1711 1191 1773 illim
1216 1709 1387 1792 proeserrtice
1412 1707 1525 1778 nwdtn,
1551 1728 1608 1791 qno
1621 1728 1668 1771 res

86 1807 160 1864 snnt.
175 1802 279 1881 Neque
298 1800 384 1862 enim
397 1818 437 1860 ex
454 1800 521 1880 ipso
534 1806 608 1861 sunt
624 1806 757 1881 peccem,
773 1820 844 1881 que
933 1805 1074 1867 ornnesob
1087 1811 1196 1867 ceterm
1210 1802 1271 1865 Deo
1281 1809 1438 1883 presentes
1447 1800 1664 1863 escedicnntur.

87 1902 218 1957 catinam
231 1912 295 1954 non
310 1898 435 1953 servant
452 1893 506 1953 sed
526 1893 636 1954 vitiant
650 1892 672 1954 ¹.
688 1915 704 1951 n
722 1894 844 1955 Etenim
933 1899 1010 1962 Due
1033 1896 1088 1960 loe
1109 1895 1144 1957 de
1163 1915 1194 1956 re
1212 1893 1374 1975 explicate
1388 1895 1551 1956 seriternioe.
1569 1893 1667 1955 Osten-

86 1988 157 2049 nibil
172 1988 281 2048 inliso
298 1986 399 2047 inesse
412 1985 524 2046 dicitm
536 1984 595 2045 nisi
609 1986 692 2064 qnod
715 1985 754 2047 ab
772 1985 842 2064 illc,
932 1991 1065 2053 ditores
1079 1989 1205 2051 Petrum
1223 1986 1366 2048 sententio
1382 2004 1441 2046 non
1450 1985 1546 2047 rideri
1553 1986 1664 2066 reipsa.

86 2082 161 2143 reim
172 2097 272 2154 causa,
287 2079 398 2140 oritur.
414 2078 499 2139 Nihil
507 2083 612 2139 sutem
625 2077 765 2140 orituret
777 2079 844 2142 fita
932 2081 1078 2146 sinereoti
1085 2079 1285 2148 recinente,
1295 2085 1450 2160 presentes
1460 2096 1526 2139 esse.
1537 2076 1667 2139 Eosdem

87 2176 152 2251 lieo,
166 2174 224 2235 nisi
241 2173 326 2252 quod
344 2175 489 2233 multam
504 2170 608 2247 habet,
624 2189 694 2251 que
707 2171 743 2232 in
755 2172 844 2233 malis
932 2196 978 2239 res
1005 2175 1068 2236 diei
1089 2170 1252 2254 aliquunde
1281 2170 1461 2252 precone,
1493 2168 1582 2250 idque
1608 2188 1666 2251 qno

86 2273 126 2329 et
137 2266 228 2328 nullu.
251 2267 347 2327 Porro
363 2263 554 2325 Lombardus
573 2264 607 2323 in
626 2262 686 2324 illis
706 2264 844 2343 Apostoli
932 2288 1025 2337 enen,
1042 2274 1094 2329 ortt
1107 2265 1196 2327 etiam
1217 2282 1270 2325 cnr
1283 2270 1439 2344 praesentes
1453 2260 1601 2328 dicontur,
1617 2279 1668 2322 ee·

87 2360 263 2439 verbisque
276 2358 317 2418 ub
326 2357 500 2435 Augustino
514 2356 660 2434 nitentur,
676 2356 841 2436 existimat,
931 2361 1065 2445 portitor.
1082 2356 1228 2421 Neutrum
1237 2355 1364 2437 proprie
1375 2353 1528 2434 nsnrpnri,
1544 2371 1596 2414 nee
1609 2351 1668 2413 ali-

87 2454 116 2514 in
128 2453 196 2535 ipso,
207 2449 422 2529 idsignificere
432 2450 516 2530 quod
525 2449 559 2511 in
572 2450 730 2529 proposita
742 2469 843 2530 ques-
933 2465 978 2517 ter
993 2472 1081 2536 quern
1100 2457 1244 2533 potestate
1256 2457 1284 2510 et
1296 2456 1329 2509 nt
1343 2448 1377 2508 in
1390 2445 1457 2511 idea
1470 2445 1616 2507 contineri
1633 2445 1667 2505 in
1691 2525 1692 2528 Ἴ

86 2546 279 2624 tioneegibrr,
295 2543 842 2606 utsitcontineriinbcoaoverbe.
933 2547 1006 2611 Deo.

86 2640 140 2701 Sed
155 2638 235 2699 eliud
253 2638 360 2699 Greci
375 2635 501 2715 origem
520 2635 707 2714 pretorem,
731 2654 845 2718 nempe

86 2739 207 2805 stater,
226 2730 259 2791 in
284 2731 393 2810 speum,
416 2733 452 2789 ut
473 2727 546 2789 finis
569 2728 712 2790 omnium
732 2735 845 2792 creata·
935 2735 959 2794 1.
979 2731 1040 2794 Sed
1053 2729 1152 2792 oritttr
1164 2746 1205 2788 ex
1217 2727 1254 2787 iis
1268 2743 1338 2805 que
1357 2730 1424 2785 tem
1436 2724 1496 2785 hoc
1509 2740 1604 2803 quam
1617 2740 1667 2784 su·
1710 2774 1823 2827 Quomodo

85 2842 150 2886 rum
173 2841 278 2885 rerum
304 2822 425 2883 dicatur
446 2838 512 2883 esse
540 2820 687 2882 Christus.
716 2822 845 2885 Videtur
894 2825 1009 2909 periori
1031 2823 1140 2903 sepite,
1164 2820 1218 2881 sed
1231 2817 1475 2881 etantecedente
1493 2814 1573 2877 libro
1586 2815 1665 2877 dixi-
1703 2840 1826 2874 monne

84 2923 180 2979 tumen
192 2917 317 2978 Latinus
327 2922 431 2977 noster
444 2915 598 2993 interpres
605 2914 752 2993 legisseto
767 2924 844 2998 step,
895 2937 976 2993 mus,
998 2916 1053 2977 ubi
1066 2916 1104 2976 de
1127 2912 1298 2975 eternitate
1320 2911 1377 2971 Dei
1397 2913 1502 2970 ectum
1523 2914 1580 2985 est,
1594 2927 1665 2987 per-
1691 2882 1838 2980 „ffiosslm

85 3012 161 3090 qnod
170 3029 205 3072 eo
222 3027 315 3071 sensu
328 3026 423 3087 quem
436 3007 628 3068 tombndus
643 3009 785 3087 adsensit,
800 3010 847 3071 in-
895 3009 1026 3072 difficilis
1039 3005 1179 3087 questio.
1194 3004 1274 3065 Nem
1288 3019 1369 3082 sepe
1383 3002 1668 3080 bocnsurpatuma
1701 2996 1827 3045 pisente.
1965 2992 1966 3021 ¹

85 3104 172 3183 telligi
197 3108 305 3183 potest.
339 3101 405 3161 Nisi
431 3100 501 3180 quis
524 3100 778 3180 prepositionem
793 3109 844 3179 tv,
896 3103 1008 3167 Grecis
1021 3100 1198 3177 Latinisque
1220 3094 1361 3157 Patribus
1384 3093 1446 3154 illic
1463 3092 1665 3170 ostendimus,

85 3197 223 3259 Hebraico
247 3193 493 3269 consuetudine,
524 3194 589 3254 vim
616 3195 717 3274 ipsam
747 3196 846 3257 virtu·
895 3194 975 3258 nihil
1001 3211 1067 3255 esse
1087 3191 1230 3252 tutumm
1252 3190 1326 3264 Deo,
1355 3185 1409 3247 sed
1432 3185 1461 3247 ei
1483 3184 1667 3247 omnisesse

83 3298 199 3369 nmque
220 3286 394 3366 significare
417 3285 492 3347 velit
504 3304 562 3365 per
586 3304 682 3366 quem
702 3288 767 3366 agit
787 3290 849 3368 pri.
897 3286 1071 3368 presentia.
1088 3278 1465 3358 Quodtsmenabsurdum
1473 3278 1557 3338 dictu
1569 3276 1669 3340 videri

85 3384 173 3447 moria
198 3380 430 3458 canentque
454 3379 539 3440 enim
566 3380 606 3440 ed
633 3380 732 3441 divini
754 3383 849 3448 Verbi
896 3380 1001 3462 possit.
1012 3378 1168 3439 Hocenim
1177 3370 1562 3454 positotementiebristus,
1573 3387 1668 3449 quam

84 3478 263 3557 metentem
276 3472 478 3534 instrumenti
492 3477 539 3533 est
556 3472 733 3535 smmum
748 3477 846 3554 notio,
897 3470 1048 3553 quidquid
1070 3471 1104 3529 in
1122 3467 1211 3529 omni
1230 3467 1374 3544 deinceps
1386 3462 1535 3542 temporis
1548 3462 1668 3523 eterni-

86 3589 146 3651 qne
164 3568 336 3650 plurimum
349 3567 458 3627 eedem
471 3565 525 3625 ills
543 3566 760 3645 prepositione
779 3588 850 3631 con-
897 3569 959 3626 tete
972 3564 1114 3625 foenum
1122 3566 1178 3636 est,
1193 3561 1257 3621 Deo
1263 3558 1330 3637 jem
1341 3573 1477 3636 presens
1490 3554 1559 3614 erit.
1574 3553 1669 3633 Atqui

86 3664 201 3724 licetur.
225 3661 275 3723 Sic
296 3659 330 3720 in
353 3654 482 3737 epistola
498 3655 538 3719 ud
566 3654 756 3720 Calontenses:
775 3662 850 3737 Qre-
898 3658 982 3737 quod
999 3656 1141 3717 nondum
1155 3658 1211 3729 est,
1239 3651 1318 3712 nibil
1340 3654 1397 3726 est,
1421 3665 1523 3727 neque
1537 3663 1609 3707 cum
1631 3664 1668 3707 eo

86 3755 159 3817 mern
171 3756 205 3815 in
216 3754 280 3834 imo
295 3749 416 3813 condia
432 3757 500 3810 sure
519 3749 657 3812 universo
676 3751 805 3815 incelis
822 3763 850 3815 et
898 3751 983 3830 quod
995 3754 1042 3810 est
1050 3747 1162 3823 existit,
1178 3749 1233 3805 aut
1246 3744 1275 3804 ei
1288 3760 1424 3822 presens
1434 3747 1489 3801 est.
1505 3740 1571 3800 Nisi
1584 3739 1670 3801 enim

86 3846 201 3907 interro
214 3844 237 3922 ⁸,
253 3843 423 3924 queidem
437 3841 632 3903 valeniensi
652 3843 779 3921 diceret,
793 3863 850 3925 per
898 3848 954 3919 est,
969 3860 1035 3903 non
1053 3846 1100 3901 est
1112 3855 1259 3919 presens,
1275 3836 1322 3897 uti
1336 3833 1415 3894 nibil
1428 3832 1536 3893 album
1550 3836 1605 3892 sut
1617 3850 1668 3892 ca-

86 3938 188 4000 tutum
208 3937 353 3999 universa
380 3952 444 3996 esse
468 3934 601 3995 condita.
636 3936 698 3997 Nec
720 3938 849 4017 perinde
898 3934 997 3995 lidum
1019 3938 1076 4009 est,
1091 3932 1117 3991 si
1131 3929 1261 3991 omnino
1282 3944 1348 3987 non
1368 3930 1424 3985 est.
1440 3924 1497 3984 Hie
1514 3929 1611 3984 stetin
1624 3929 1670 3984 est

86 4036 241 4093 erantne
260 4046 332 4110 quae
352 4045 427 4089 mox
450 4026 574 4105 subjicit
594 4047 601 4087 ε
626 4026 665 4089 In
689 4029 753 4110 ipso
771 4049 849 4091 eom-
898 4026 1053 4107 perplexe
1067 4021 1268 4102 ancipitisque
1282 4015 1499 4079 controversie
1513 4032 1584 4094 que
1601 4032 1669 4075 ms-

84 4121 192 4202 placuit
210 4141 323 4184 oninen
339 4117 556 4201 plenitudinem
572 4118 742 4181 divinitatis
765 4120 847 4184 dudr'·
898 4121 968 4199 gnis
990 4119 1024 4179 in
1045 4114 1149 4176 schole
1171 4112 1284 4192 pugnis
1307 4116 1338 4170 et
1351 4107 1537 4169 clamoribus
1556 4105 1671 4184 aptata

87 4221 142 4275 tore
161 4211 382 4297 enrporolitert.
398 4212 455 4272 Hic
468 4211 552 4272 enim
569 4211 603 4271 in
630 4211 694 4293 ipso
720 4232 785 4275 non
805 4221 852 4277 est
899 4207 1145 4273 nobilissimasin
1160 4201 1495 4267 eateotionesinricem
1504 4198 1668 4277 commisit,
1695 4216 1749 4260 oue
1761 4214 1841 4278 usun

84 4323 134 4385 per
145 4309 248 4389 pean,
260 4306 316 4367 sed
329 4305 429 4365 inesse
439 4321 548 4364 revers
560 4304 595 4363 in
609 4303 728 4366 Christo
737 4306 849 4367 divini-
899 4320 970 4365 crim
984 4302 1111 4382 quidem
1129 4298 1272 4360 biteriem
1293 4296 1332 4357 de
1354 4295 1408 4355 ills
1421 4294 1484 4354 sint
1497 4291 1668 4353 sententie.
1707 4276 1829 4367 mii&

86 4403 312 4460 tutemomnem
321 4396 483 4476 significet.
499 4395 648 4470 Quocirca
659 4397 851 4460 Lomberdus
899 4396 1022 4458 Etenim
1030 4382 1671 4469 sencmsThomss',et,quinbeomngistro

87 4489 281 4553 hallucinatus
294 4495 340 4551 et
354 4489 408 4568 qni
417 4489 457 4550 ed
466 4487 556 4549 illum
563 4489 727 4568 Augustini
733 4489 848 4568 locum,
899 4505 1016 4549 nomen
1025 4464 1235 4566 sumpserimt,
1252 4500 1301 4543 res
1315 4488 1424 4579 onqes
1441 4494 1536 4558 oque
1551 4476 1672 4537 suntin

88 4584 135 4662 qui
147 4586 185 4645 ed
202 4584 364 4663 negotium
378 4581 508 4643 attinere
530 4587 643 4662 potest,
664 4581 807 4661 adjunxit
820 4589 851 4644 et
898 4587 1050 4661 tempore,
1066 4579 1127 4642 Deo
1141 4577 1177 4639 ub
1190 4585 1298 4639 eterno
1311 4580 1468 4656 presentes
1481 4588 1537 4633 esse
1549 4569 1670 4646 volunt,

89 4675 231 4737 Ambrosii
257 4675 391 4736 alterum
418 4673 473 4753 qui
500 4679 547 4735 est
572 4675 695 4754 penitus
718 4675 848 4737 alienus.
900 4693 964 4735 non
987 4673 1090 4734 solum
1104 4670 1274 4732 misione
1295 4665 1464 4748 quabnbet
1477 4664 1613 4726 rationes
1626 4680 1673 4723 re

88 4766 257 4829 Ambrosius
270 4769 355 4829 enim
368 4766 476 4827 asserit
497 4788 512 4824 e
528 4767 595 4827 hec
608 4766 668 4827 trie
680 4767 714 4827 in
728 4768 847 4829 Christo
899 4784 971 4828 rum
986 4766 1069 4846 apud
1082 4782 1115 4825 se
1138 4767 1316 4844 presentes,
1337 4765 1374 4820 ut
1396 4759 1523 4839 qiridem
1543 4755 1670 4831 dicunt;

89 4877 180 4921 unum
188 4879 262 4937 esse,
273 4878 345 4922 cum
355 4859 422 4939 ipso
429 4863 460 4920 et
469 4877 525 4939 per
532 4859 636 4939 ipsum
644 4857 847 4939 etinipso.⁸»
899 4860 953 4921 sed
966 4859 1039 4937 qtris
1053 4858 1120 4935 ejus
1132 4856 1263 4917 intinitm
1281 4853 1379 4915 tertrrr
1393 4851 1432 4913 ab
1450 4857 1565 4912 eterno
1579 4865 1673 4926 supra

88 4951 268 5015 lombardus
294 4971 369 5014 vero
392 4952 521 5013 eredidit
548 4951 581 5012 in
605 4952 669 5033 ipso
688 4953 773 5013 idem
786 4970 851 5014 esse
900 4950 1016 5026 omnin,
1031 4953 1126 5029 prout
1141 4953 1221 5008 sunt
1242 4948 1276 5007 in
1299 4938 1669 5024 impraemeditate.»

82 5046 276 5125 ‚mqueineee
289 5046 324 5107 in
337 5044 458 5108 Christo
471 5044 588 5106 omnia.
606 5044 666 5106 Sed
674 5063 741 5106 non
749 5050 806 5106 est.
818 5045 851 5106 Si
900 5043 995 5103 Porro
1019 5039 1253 5122 presentantes
1284 5038 1338 5100 ille
1368 5052 1463 5116 quem
1489 5029 1573 5107 dicit,
1605 5030 1673 5111 ipss
1736 5090 1741 5098 .

118 5234 197 5289 ‘nte
208 5242 331 5291 mertorcs
348 5236 416 5302 hujm
430 5236 544 5304 opinionis
559 5235 621 5305 (qne
634 5237 719 5304 duplici
738 5238 847 5292 codescit
896 5238 976 5291 adesse
992 5238 1040 5292 Deo
1059 5241 1127 5304 atque
1148 5252 1200 5290 enm
1219 5224 1267 5290 Deo
1286 5237 1310 5288 in
1330 5234 1454 5289 eternitate
1473 5235 1672 5291 nemineum

89 5314 155 5375 rute.
172 5327 264 5380 querum
287 5314 351 5382 prior
371 5316 416 5376 est,
437 5312 513 5365 onnlr
535 5327 586 5380 que
604 5313 696 5365 luerunt
721 5319 849 5367 autemut
897 5314 966 5368 modo
979 5315 1105 5368 ncundum
1127 5327 1178 5365 csse
1194 5312 1435 5379 obtemperemus
1458 5312 1524 5364 etan
1545 5312 1671 5365 secondum

114 5485 182 5531 tbrb
193 5488 277 5535 dem.
291 5489 351 5542 bont,
363 5500 412 5544 erp.
423 5489 555 5535 xxm-s
566 5490 625 5535 lton.
642 5501 674 5541 ιι,
689 5489 900 5536 se-sunnm.
914 5487 1326 5536 rs.-t1nu.rs.-ttn.1tt.n
1337 5487 1425 5541 men
1438 5492 1523 5542 mnne,
1535 5497 1584 5541 cip.
1596 5496 1673 5530 ru.-

100 5545 196 5594 torm.
209 5563 223 5594 ι.
237 5552 325 5596 stt-t
338 5551 364 5595 ln
374 5551 396 5596 t.
410 5562 456 5606 pse.
468 5563 490 5609 q.
502 5552 537 5596 tl.
550 5559 593 5596 art.
603 5552 637 5598 lb.
650 5559 672 5596 st
682 5552 703 5596 l.
713 5555 771 5597 cont.
784 5553 847 5598 Μ.
857 5564 906 5608 cup.
919 5564 975 5597 srvi.
987 5553 1014 5597 sd
1025 5554 1047 5597 c.
