3952 6170
296 365 356 427 296
802 361 1127 425 rubetoetcouutt
1152 363 1381 427 uouMArtut.

126 550 274 593 atteramus
336 529 389 590 Vl.
412 529 553 591 Alterum
569 527 838 610 argumentum¹:
863 529 928 589 «Si
946 534 1071 590 eaeter-
1159 530 1493 604 SieidemZaeherias:
1510 531 1894 612 «emmerammum

127 610 271 657 gustantum.

298 639 358 683 nus
368 626 447 683 esset
458 624 595 684 mundus
607 627 681 701 Deo,
696 640 769 684 aum
780 640 817 683 ea
828 640 898 701 quae
911 627 983 682 sunt
994 640 1070 682 ανον·
1118 624 1261 703 quierem
1278 642 1343 685 esse
1362 624 1504 704 opificem
1520 642 1613 705 opere
1626 643 1682 686 suo
1701 631 1733 685 et
1751 623 1893 685 uendite

296 721 396 791 terna,
411 716 504 777 simul
515 716 587 791 sint,
602 734 672 797 quae
683 734 758 777 vere
777 721 850 776 sunt
868 715 971 789 simul,
985 732 1025 775 ex
1038 732 1070 776 se
1118 734 1187 778 rem
1205 717 1336 779 eonditis
1355 716 1447 779 rebus
1470 718 1495 777 si
1519 719 1646 797 quidem
1663 718 1748 798 quod
1770 716 1846 778 laeit
1861 734 1895 778 re

298 813 409 868 mutuo
426 827 551 870 eausam
565 808 750 870 efficientem
764 807 880 868 habere
897 812 1068 886 nequeant;
1119 809 1198 870 faeta
1209 812 1360 891 posterius
1371 817 1418 871 est
1430 829 1522 871 eausa
1532 815 1564 870 et
1573 816 1723 890 tempore,
1737 809 1800 869 nisi
1817 809 1896 870 torre

299 918 489 980 oonsequens
501 901 559 962 erit
571 901 726 962 mundum
738 918 863 961 eausam
875 918 913 961 ex
929 900 992 960 Deo
1008 899 1072 960 effi·
1120 920 1185 963 non
1203 901 1378 964 voluntaria
1395 921 1487 964 eausa
1506 901 1597 964 debet
1616 920 1680 964 esse
1698 901 1896 982 minimeque

298 992 432 1054 cientem
450 993 564 1055 habere
580 1012 644 1055 non
661 1011 760 1073 posse,
774 993 834 1053 nisi
848 992 926 1054 forte
942 993 974 1054 id
988 993 1072 1072 quod
1120 994 1322 1071 considerata,
1350 996 1615 1075 quemadmodum
1638 994 1761 1055 umbrae
1782 1012 1897 1074 eorpus

298 1084 466 1147 fitumhrae
477 1086 573 1148 instar
584 1105 649 1148 esse
660 1090 811 1166 oporteat,
824 1091 879 1145 eut
893 1085 979 1146 velut
990 1102 1073 1147 eom·
1121 1093 1152 1147 et
1174 1087 1346 1167 splendoris
1365 1089 1398 1149 id
1421 1088 1506 1169 qued
1526 1087 1665 1149 luridum
1682 1092 1740 1148 est.
1760 1087 1897 1161 Quinam

299 1176 493 1257 plementum
504 1179 661 1258 quoddam
673 1178 852 1239 substantia
868 1177 900 1238 id
912 1177 996 1256 quod
1009 1177 1070 1237 ori·
1121 1180 1207 1241 enim
1230 1181 1332 1261 opifex
1354 1181 1412 1241 erit
1437 1180 1549 1260 opifex,
1570 1181 1596 1240 si
1616 1198 1681 1241 non
1703 1178 1816 1240 velens
1832 1179 1898 1258 ejus

299 1275 352 1331 tur
363 1271 402 1333 ad
414 1270 447 1331 id
458 1272 541 1333 unde
554 1272 654 1332 oritur
668 1271 794 1346 assumi,
808 1269 1072 1350 quemadmodum
1121 1273 1205 1353 quod
1221 1273 1302 1348 feeit,
1321 1273 1424 1354 opifex
1441 1272 1552 1334 fixerit?
1569 1277 1623 1332 aut
1639 1271 1766 1333 sirelut
1783 1272 1897 1334 umbra

301 1362 334 1423 in
353 1363 416 1424 sole
434 1369 466 1424 et
485 1365 648 1444 splendore
666 1363 785 1437 accidit,
805 1362 854 1423 vel
875 1360 1074 1423 eonsubsun-
1122 1383 1244 1445 eorpus,
1266 1365 1309 1426 ita
1325 1366 1504 1445 simpliciter
1525 1366 1668 1445 opificem
1687 1370 1834 1426 secutum
1854 1371 1898 1426 est

299 1453 372 1516 tiale
383 1460 465 1517 oerte
476 1456 521 1517 illi
533 1474 609 1533 esse,
624 1457 670 1517 uti
688 1455 722 1516 in
740 1456 828 1516 Patre
848 1460 878 1515 et
889 1454 965 1515 Filio
977 1455 1074 1515 cerui·
1122 1474 1195 1520 easu
1215 1458 1350 1537 quodam
1373 1458 1467 1519 simul
1485 1458 1617 1523 existens
1639 1474 1712 1519 eum
1734 1456 1791 1518 illo
1816 1457 1899 1518 istud

301 1564 383 1608 mus.
398 1549 459 1609 Sed
476 1549 501 1609 si
519 1568 611 1610 eausa
630 1549 697 1629 ipsa
712 1548 751 1608 sit
767 1547 912 1623 efficiens,
926 1553 958 1608 et
969 1553 1073 1609 mente
1123 1551 1305 1611 uuiversum
1317 1549 1349 1609 θλ
1361 1572 1376 1608 ι)

301 1658 338 1700 ae
348 1640 507 1702 voluntate
518 1641 658 1721 praedita,
674 1647 705 1701 et
716 1641 844 1701 diversis
856 1659 876 1700 a
886 1656 918 1701 se
934 1639 1076 1701 substan·
1163 1642 1229 1703 Vll.
1252 1641 1471 1721 Cyrillusitem
1481 1626 1710 1703 Alexandrinus
1722 1642 1842 1722 saepius
1851 1642 1897 1701 in-

301 1734 352 1793 tiae
376 1733 415 1793 sit
437 1733 545 1794 effieax
556 1745 582 1794 ⁶.
600 1756 615 1792 ιι
643 1735 712 1795 Non
736 1737 825 1813 putat
843 1732 895 1793 hio
916 1732 1075 1793 Zacharias
1124 1734 1223 1795 ardeat
1241 1736 1324 1814 qued
1342 1735 1459 1795 laetum
1477 1739 1508 1796 et
1524 1740 1662 1795 creatum
1673 1738 1729 1809 est,
1744 1739 1898 1795 aternum

302 1823 447 1886 effectum
462 1826 563 1887 ullum
579 1827 618 1887 ab
635 1845 727 1888 eausa
742 1825 930 1905 sempiterna
947 1825 1076 1904 produei
1125 1845 1190 1888 esse
1207 1844 1272 1887 nun
1287 1845 1387 1907 posse.
1408 1828 1450 1887 Ut
1469 1827 1503 1887 in
1527 1825 1672 1888 Thesauri
1686 1825 1769 1886 libro
1788 1826 1898 1886 xxrffl

303 1936 342 1979 ex
356 1923 474 1979 aeterno
492 1936 592 1999 posse,
607 1919 690 2000 quod
709 1918 835 1998 quidem
849 1916 945 1979 libere
958 1924 990 1978 et
1004 1936 1076 1979 eum
1125 1918 1249 1995 Filium,
1263 1920 1348 1999 quod
1360 1926 1476 1980 aeterna
1493 1920 1532 1979 sit
1542 1919 1616 1995 vita,
1629 1937 1694 1980 nou
1706 1936 1773 1979 esse
1784 1918 1898 1979 metum

303 2009 451 2071 electione
462 2030 528 2073 non
539 2012 710 2073 necessario
722 2017 922 2092 propagetur,
934 2029 971 2071 eo
983 2012 1076 2071 mode
1126 2011 1306 2073 eoneludit:
1327 2011 1515 2090 «Quidquid
1533 2012 1618 2072 enim
1633 2011 1764 2071 omnino
1784 2011 1899 2072 factum

303 2121 366 2183 quo
384 2103 424 2165 ab
442 2106 561 2165 naturis
583 2105 785 2186 proprietates
804 2103 901 2166 fluere
919 2104 1075 2179 dicuntur,
1127 2108 1182 2180 est,
1210 2120 1275 2163 non
1298 2109 1344 2164 est
1367 2101 1557 2164 aeternum&
1583 2124 1598 2160 ι)
1622 2104 1660 2163 Et
1679 2108 1789 2183 postea
1805 2122 1846 2163 ex
1864 2122 1898 2164 ee

304 2201 358 2256 aut
369 2214 389 2256 a
399 2196 463 2257 sole
474 2196 587 2276 algor.
602 2198 685 2258 Nihil
697 2197 792 2276 igitur
800 2215 864 2257 non
873 2196 966 2258 modo
978 2198 1079 2277 reipsa
1127 2196 1211 2276 quod
1228 2196 1368 2257 Verbum
1387 2197 1418 2257 ie
1440 2196 1593 2278 principio
1614 2195 1683 2271 lixit,
1708 2195 1822 2275 probat
1838 2214 1898 2256 non

305 2293 443 2350 ereetum
453 2306 529 2366 esse,
544 2290 597 2350 sed
611 2309 652 2350 ne
664 2290 761 2351 creari
773 2288 899 2368 quidem
911 2288 950 2349 ab
962 2294 1078 2349 aterno
1128 2306 1194 2349 esse
1204 2293 1343 2349 ereetum
1357 2309 1364 2348 ε
1385 2310 1400 2345 «
1412 2289 1502 2362 Quod
1513 2287 1598 2349 enim
1611 2288 1740 2348 omnino
1753 2306 1811 2367 per
1823 2306 1900 2350 erea-

304 2381 440 2460 potuisse
456 2382 615 2442 Zacharias
631 2382 797 2442 arbitratus
815 2386 870 2442 est.
884 2380 972 2455 Quod
988 2384 1019 2441 et
1032 2381 1078 2440 di·
1128 2381 1246 2442 tionem
1258 2382 1298 2442 ad
1311 2382 1370 2443 hee
1381 2387 1417 2441 ut
1430 2387 1510 2443 esset
1522 2381 1690 2441 deductum
1701 2387 1759 2455 est,
1774 2398 1840 2441 non
1850 2399 1898 2461 po

306 2478 385 2533 sexte
405 2478 497 2534 antea
516 2475 565 2534 his
583 2474 685 2535 verbis
704 2473 928 2553 significaverat
947 2492 955 2532 ι
978 2494 992 2529 (ι
1010 2473 1080 2534 Non
1127 2478 1189 2534 test
1203 2473 1369 2553 intelligia
1387 2472 1847 2554 principioextitisse0.sErgo
1862 2490 1899 2533 ne

307 2565 392 2626 enim
411 2584 450 2626 ex
471 2572 588 2628 {eterno
607 2567 763 2628 mundum
786 2565 933 2627 condidit.
954 2565 1081 2645 Prupria
1129 2564 1399 2646 absolutaquidem
1406 2564 1614 2646 potentiafieri
1621 2563 1898 2645 potuitabaeterno,

307 2657 422 2738 quippe
444 2659 499 2719 Dei
519 2659 613 2720 solius
637 2659 803 2735 aeternitas,
821 2676 922 2738 neque
945 2658 1081 2719 mundus
1130 2660 1279 2738 quoniam
1296 2676 1337 2719 ne
1354 2657 1485 2737 intelligi
1507 2658 1634 2737 quidem
1654 2662 1766 2737 potest.
1788 2658 1900 2719 Pedem

308 2751 374 2830 ejus
380 2757 481 2831 potest
493 2770 557 2813 esse
569 2749 751 2833 particepst.
761 2772 777 2810 ι)
794 2752 851 2825 Qui
863 2751 990 2831 quidem
997 2751 1081 2830 quod
1130 2757 1314 2831 argumento
1326 2752 1424 2812 utitur
1433 2751 1527 2811 etiam
1537 2751 1571 2811 in
1582 2750 1645 2811 fine
1654 2749 1769 2828 dialogi
1779 2751 1900 2812 meandi

308 2844 463 2906 mundum
475 2844 726 2925 preprieiaetum
738 2845 828 2905 alteo
840 2862 905 2905 esse
916 2850 1079 2921 memorat,
1130 2842 1165 2905 de
1187 2843 1348 2905 Trinitate.
1372 2844 1410 2903 Et
1429 2843 1464 2904 in
1484 2848 1593 2921 quarto
1611 2847 1682 2902 ante
1700 2861 1829 2904 omnem
1843 2845 1899 2905 exi·

307 2954 373 2997 non
385 2941 420 2998 ut
432 2937 545 2998 umbra
560 2955 577 2998 e
590 2955 719 3017 eorpore
731 2943 841 3018 sponte
855 2955 911 2998 sua
928 2954 1080 3013 manasse,
1131 2936 1238 2997 stantis
1249 2942 1399 2996 ereatura
1411 2935 1572 2995 notionem
1587 2934 1759 2995 necessario
1770 2936 1813 2995 ait
1826 2937 1899 3014 engi

309 3048 348 3091 ex
366 3029 529 3091 Ambrosie
545 3036 645 3110 potest
656 3030 804 3090 illustrius
817 3029 915 3105 reddi,
939 3029 992 3108 qui
1010 3029 1081 3089 illa²
1131 3029 1191 3090 tari
1212 3047 1277 3090 non
1298 3046 1363 3089 esse
1383 3029 1494 3108 ipsam.
1515 3028 1668 3089 Maximus
1683 3031 1805 3106 martyr
1825 3027 1898 3089 libro

310 3122 431 3183 Davidis
442 3122 538 3184 verba
555 3123 760 3203 perpendens,
776 3122 882 3184 Omnia
892 3121 925 3182 in
938 3121 1084 3203 supientia
1131 3119 1167 3182 de
1180 3119 1337 3183 Claritate
1349 3121 1447 3201 eapite
1455 3137 1499 3181 ur.
1517 3120 1686 3196 «Quidam,
1698 3120 1752 3196 ait,
1766 3126 1900 3181 amarunt

310 3213 418 3295 fecesti,
449 3215 491 3275 ita
514 3215 637 3276 seribit:
653 3213 1085 3293 eNeeotioseutiquefaatum
1133 3232 1172 3274 ex
1185 3218 1389 3275 eternorum
1406 3213 1470 3273 Deo
1492 3218 1648 3274 creaturas
1666 3213 1806 3287 existere,
1821 3212 1897 3292 qnod

311 3305 455 3384 legimus,
478 3306 552 3386 quia
572 3306 711 3386 plerique
732 3309 787 3387 qui
809 3312 998 3368 eoaeternum
1021 3308 1084 3367 Deo
1133 3304 1200 3366 fieri
1212 3324 1277 3366 non
1291 3311 1402 3386 potest.
1416 3306 1577 3379 Quomodo
1588 3304 1674 3366 enim
1688 3323 1760 3366 cum
1772 3323 1809 3366 eo
1821 3304 1899 3385 quod

312 3397 468 3459 mundum
487 3398 597 3460 volunt
616 3417 692 3477 esse,
710 3400 798 3479 quasi
815 3399 1085 3461 adumbrationem
1134 3398 1262 3460 omnino
1277 3403 1323 3459 est
1336 3397 1506 3474 infinitum,
1523 3397 1616 3458 simul
1633 3398 1764 3457 existere
1779 3400 1899 3477 pessum

312 3488 434 3549 viruitis
461 3490 592 3566 dimnae,
617 3497 758 3552 asserunt
780 3491 873 3552 etiam
897 3509 953 3552 sua
976 3496 1086 3570 sponte
1134 3495 1300 3552 exaeterna
1308 3508 1379 3569 quae
1392 3490 1521 3551 omnino
1533 3488 1661 3551 definita
1669 3488 1899 3567 suntidutqui

313 3581 489 3660 subsistere,
503 3588 534 3644 et
545 3584 686 3663 quamvis
698 3602 821 3645 oausam
832 3584 900 3663 eJ'us
911 3586 1010 3645 Deum
1021 3601 1086 3644 esse
1135 3600 1210 3644 nam
1216 3582 1341 3662 proprie
1346 3588 1528 3662 eperasunt,
1537 3581 1563 3642 si
1570 3581 1674 3661 opifici
1679 3580 1898 3642 eoaeternalllt

313 3672 478 3751 fateantur,
490 3694 615 3738 eausam
624 3681 729 3738 tamen
740 3676 1088 3739 veluntnenexvolun·
1135 3676 1190 3756 qui
1203 3677 1379 3736 Graeoorum
1391 3674 1756 3755 propriaesthaeeoratio,
1767 3674 1818 3754 qui
1833 3671 1898 3735 sub

314 3772 376 3828 tate
388 3774 419 3828 et
432 3766 630 3849 dispositione
651 3787 717 3847 sua,
731 3770 782 3830 sed
800 3771 843 3830 ita
861 3774 897 3830 ut
912 3786 1003 3829 eausa
1020 3785 1089 3828 um·
1136 3769 1320 3829 stantiamm
1331 3767 1419 3829 nullo
1432 3767 1538 3845 modo,
1549 3767 1735 3847 qualitatum
1743 3786 1815 3828 reru
1825 3766 1897 3828 dun·

315 3859 380 3921 bra
393 3879 505 3941 eorpus
519 3868 574 3923 est.
590 3862 735 3924 Adhaeret
746 3862 831 3923 enim
843 3862 956 3922 umbra
967 3858 1089 3939 corpori
1136 3865 1221 3922 taxat
1245 3860 1422 3922 molitorem
1446 3878 1511 3922 esse
1536 3862 1635 3921 Deum
1659 3859 1824 3921 affirmant.
1845 3859 1899 3920 Nos

317 3959 348 4013 et
374 3953 478 4032 fulgor
505 3954 633 4031 lumini,
660 3955 795 4017 natruali
822 3954 921 4036 magis
946 3954 1088 4016 sodetate
1138 3953 1498 4033 autemomnipotentem
1509 3959 1710 4032 agnoscentes
1723 3953 1830 4029 Deum,
1842 3970 1898 4012 non

316 4046 774 4127 quamvoluntatearbitra⁸.»
1139 4044 1899 4126 qualitatumsedaffeetarumqualitatibussubstan·

355 4291 377 4330 a
393 4275 510 4332 Ztctttu.
531 4275 561 4329 El
574 4274 622 4350 γὰρ
644 4271 800 4336 σοναΐδιοςθ
827 4275 918 4347 κόσμος
936 4272 994 4346 θεῷ,
1009 4272 1041 4328 τὰ
1064 4271 1090 4325 δὲ
1138 4273 1275 4345 ποιήματος
1293 4271 1336 4326 τὸν
1363 4244 1482 4344 ποιητην,
1506 4273 1546 4325 καί
1568 4277 1619 4326 τῶν
1634 4272 1899 4347 θημιοοργημίτοιντθν

319 4354 431 4413 atate
458 4365 509 4414 τῶν
538 4359 588 4431 ἅμα
616 4356 677 4412 ἔστί·
699 4358 731 4412 τὰ
754 4356 780 4411 bi
795 4358 847 4430 ἅμα
861 4358 921 4411 ὄντα
936 4354 960 4419 ἐξ
975 4356 1090 4425 ἀλλήλων
1140 4355 1303 4428 δημιουργὸν,
1333 4352 1400 4428 εἴπερ
1427 4355 1457 4409 πθ
1484 4355 1628 4428 ποιούμενον
1655 4356 1767 4430 δεθτερθν
1792 4355 1839 4410 ἔστι
1861 4358 1899 4408 sei

321 4441 401 4496 αἰτίαν
417 4441 482 4515 ἔχειν
497 4442 525 4496 οὗ
540 4442 637 4496 δύναται
652 4445 789 4512 ποιητικήν·
806 4442 882 4515 θᾶρα
895 4439 1024 4513 κθσμοςέιι
1037 4441 1091 4495 θεοῦ
1140 4446 1269 4500 ποιοῦντος
1296 4436 1376 4509 αἰτίᾳ,
1397 4439 1437 4492 καὶ
1451 4440 1545 4511 χρόνῳ·
1562 4437 1584 4491 εί
1607 4438 1692 4510 μέλλει
1722 4439 1756 4513 μὴ
1782 4439 1899 4507 ἄθοίλητος

322 4524 388 4598 ἔχειν
409 4525 488 4579 αἰτίαν
509 4525 537 4579 ob
559 4526 658 4580 θθναται
679 4526 811 4595 ποητιπὴν,
834 4524 856 4578 εί
877 4525 963 4598 μέλλοι
981 4523 1011 4578 τὸ
1023 4524 1091 4596 qud-
1142 4521 1208 4575 αἰτία
1221 4522 1361 4595 τυγχάνειν,
1375 4521 1417 4574 παλ
1430 4521 1459 4574 οὗ
1472 4522 1645 4595 λελογισμίνη·
1658 4523 1743 4596 ὥσπερ
1756 4528 1797 4591 τῆς
1807 4520 1900 4582 σπιᾶςτθ

287 4672 293 4681 ε
324 4625 395 4680 μενον
412 4607 515 4679 picard
527 4628 563 4671 τις
578 4604 649 4663 εἶναι’
666 4608 727 4682 μηδὲ
748 4608 782 4672 είς
801 4608 844 4664 τὸν
867 4612 910 4662 τοῦ
925 4600 987 4661 εἶναι
998 4608 1092 4680 λόγον,
1142 4611 1226 4677 σῶμα,
1241 4605 1341 4673 καὶτῆς
1358 4605 1518 4676 λαμπηδόνος
1539 4603 1568 4659 ab
1589 4603 1744 4678 ἀπανγάζον·
1760 4603 1899 4676 πῶςγθρθι

323 4690 365 4744 καί
378 4691 411 4753 ὡς
426 4692 629 4765 πιμπληρωτικθν
644 4697 687 4761 τῆς
700 4692 783 4754 οθοίας
798 4692 827 4747 rb
843 4691 953 4746 αἰτιατὸν
970 4696 1007 4763 τῷ
1022 4690 1094 4762 αἰτίῳ
1143 4686 1181 4758 είη
1195 4687 1345 4760 δημιουργὸς
1366 4687 1380 4740 ὁ
1401 4687 1564 4761 δημιουργὸς,
1585 4686 1606 4741 εί
1628 4686 1661 4760 μὴ
1681 4690 1823 4763 βουλόμενος
1835 4688 1850 4739 θ
1861 4704 1898 4739 πε·

324 4774 556 4846 παραλαμθᾶνεοθαι
573 4775 680 4848 καθάπερ
695 4773 734 4828 ίπί
748 4779 793 4829 τοῦ
807 4775 889 4843 ἡλίου,
903 4774 944 4827 καὶ
958 4778 1000 4827 τοῦ
1015 4772 1094 4825 ἅπαν·
1143 4773 1243 4841 ποίηπεν
1272 4771 1339 4839 (ior.
1366 4763 1395 4824 οὗ
1416 4771 1563 4840 πεποίηκεν)
1592 4769 1630 4838 εἴη
1657 4773 1815 4845 θημιοοργίς;
1844 4772 1858 4838 ᾖ
1882 4766 1901 4820 εί

325 4858 462 4930 γάοματος·
475 4860 490 4926 ἢ
502 4857 672 4930 θιςθμοοθσιον
687 4856 765 4930 αθτῷ,
774 4855 853 4920 uelat
860 4857 960 4930 πατρὸς,
974 4856 1016 4909 καί
1029 4855 1093 4908 eloi·
1144 4856 1227 4928 ὥσπερ
1241 4860 1279 4927 τῷ
1294 4853 1414 4927 σώματιῂ
1423 4853 1489 4919 οκιίι,
1499 4853 1577 4917 οὕτως
1584 4853 1671 4917 ἅπλῶς
1677 4856 1762 4928 παλτῷ
1775 4855 1901 4927 δημιουργῷ

326 4940 384 4994 ἀλλ’
397 4940 412 5008 ίη
427 4940 495 4995 αίτία
508 4943 620 5010 ποιητιαιί
635 4960 670 5003 τις
687 4934 759 5006 εἶναι,
773 4942 815 4993 καί
829 4940 938 5013 ἔμφρων,
953 4939 994 4992 καί
1007 4957 1095 5011 προαι-
1145 4938 1358 5012 παρηκολούθησεν
1386 4936 1413 4991 ἐκ
1439 4936 1595 5010 ταθτομάτου
1622 4939 1780 5010 παρυποστὰν
1803 4938 1854 4991 πόθι
1875 4933 1900 4988 ιθ

328 5022 419 5096 partib,
432 5024 473 5077 καὶ
487 5022 571 5086 οθοίας
584 5025 790 5098 παρηλλαγμένης
804 5026 928 5092 ποιητική.
1146 5024 1211 5088 πᾶνς

364 5107 433 5163 bot
448 5107 496 5182 γὰρ
510 5105 580 5177 δὴέξ
603 5107 692 5162 ἇὶθίου·
709 5105 772 5161 ἴδιον
790 5105 838 5181 γὰρ
853 5109 928 5179 μόνον
942 5110 986 5161 τοῦ
1000 5106 1054 5160 θεοῦ
1069 5106 1099 5159 rb
1182 5104 1205 5160 d
1223 5105 1317 5160 Crura.
1336 5104 1371 5159 Τθ
1385 5103 1433 5177 γὰρ
1448 5105 1513 5167 tter
1526 5103 1634 5177 γενηθὲν,
1649 5103 1695 5158 obe
1707 5103 1809 5158 αἰώνιον.

329 5183 416 5261 ἀίδιον,
431 5192 472 5243 καί
485 5190 529 5245 obs
553 5193 581 5245 lla
604 5191 618 5245 θ
640 5193 732 5264 κόσμος
747 5189 815 5263 ebrii
839 5193 917 5259 ,rotro
945 5189 1098 5261 ουνεπιμερί·
1184 5186 1288 5244 elbid.
1307 5188 1342 5241 Τθ
1360 5187 1408 5260 γὰρ
1428 5189 1492 5250 ttae
1520 5186 1562 5241 bed
1588 5191 1633 5241 τοῦ
1659 5182 1901 5257 παιοιῆοθπιπρθςτθ

329 5289 411 5325 σαιτο.
1149 5264 1212 5325 εἶναι
1225 5271 1374 5345 κεκλημένον
1389 5270 1435 5325 aba
1448 5273 1476 5325 ἂν
1496 5269 1615 5344 ὑπάρχειν
1630 5269 1655 5324 ἐν
1670 5270 1734 5345 ἀρχῇ
1748 5269 1826 5324 νοοῖιθ
1837 5284 1899 5322 ποτε.

367 5354 517 5412 chcttttt.
542 5355 610 5412 ibid.
637 5356 682 5410 aa
706 5355 754 5429 γὰρ
780 5354 940 5429 πρασθίιτερον
970 5346 1033 5409 είναι
1056 5358 1100 5408 τοῦ
1150 5354 1221 5412 vide
1236 5360 1264 5412 et
1279 5354 1382 5412 librum
1400 5368 1511 5413 nouum
1529 5352 1610 5410 Thes,
1627 5371 1654 5426 p.
1670 5355 1715 5411 θ’ί.

360 5573 371 5616 1
385 5570 450 5617 zetlt.
464 5570 495 5616 tb.
507 5570 558 5615 vlrle
569 5577 592 5615 et
603 5568 732 5616 ποίει-θ
743 5569 803 5614 reat.
816 5579 863 5613 cur.
873 5567 964 5614 at=t
973 5566 1021 5612 tu.
1035 5567 1053 5613 l.
1065 5568 1133 5614 litae.
1146 5579 1195 5624 οιιρ.
1208 5568 1229 5612 θ.
