4008 6170
320 248 378 308 >DE
398 247 475 308 beo
496 247 641 321 DElQUE
662 243 1005 323 PROPRIETATIBUS,
1028 247 1101 309 LlB.
1122 248 1147 322 l,
1171 246 1254 307 CAP.
1278 246 1302 306 1.
1607 251 1647 311 63

74 398 144 459 num
175 401 209 457 ut
233 402 313 457 recte
351 397 456 461 scribit
491 397 674 459 Athanasius
712 417 727 453 u
752 394 827 456 divi·
877 414 939 476 que
950 405 1109 478 perpetuo,
1124 417 1181 460 nec
1196 417 1233 460 eo
1247 398 1350 460 minus
1359 396 1553 474 formidandi,
1567 396 1651 476 quod

74 490 139 551 nitas
155 506 214 551 nou
233 489 487 551 demonstratione
508 490 664 551 rationum
681 489 823 565 traditur,
876 511 941 553 non
960 493 1065 573 palam
1074 513 1110 555 ae
1121 512 1185 575 praa
1197 512 1239 569 se,
1256 499 1291 553 ut
1307 492 1355 553 illi
1373 498 1502 569 veteres,
1515 491 1597 552 isurd
1609 491 1652 551 fe-

74 582 115 643 scd
123 581 177 643 iidc
185 583 273 661 elpis
278 582 459 662 eogitatioue
473 600 544 644 oum
557 583 762 662 religiensis
776 582 828 643 Ni·
876 593 961 663 ruint,
972 588 1025 649 sed
1036 606 1073 648 eo
1087 587 1214 669 cavandi
1227 587 1334 667 magis,
1346 587 1430 666 qued
1438 586 1511 647 tecti
1528 584 1652 647 occculti-

74 674 264 737 bituminnsex
274 675 387 738 effectis
395 676 551 756 atiisquee
560 676 730 756 posteriora
742 681 822 752 sunt,
877 700 938 761 qne
947 688 1062 744 suniae
1073 682 1184 760 majori
1194 681 1377 761 impunitate
1391 685 1577 760 grassantuu.

74 775 150 849 eique
170 770 258 831 mam
277 770 314 830 iis
341 789 380 832 ex
402 770 604 832 incommodis
629 776 660 831 at
687 769 827 831 absurdis
918 776 969 836 IV.
985 778 1093 838 Merito
1106 775 1354 856 igiturasanctis
1363 774 1503 836 Patribus
1514 792 1551 835 ao
1564 774 1650 835 theo
1712 762 1783 862 {ff

74 864 529 944 qusiueontradieentiumpurte
542 863 822 939 alteraeernuutur,
877 868 964 948 logis,
984 869 1207 950 quihomiuem
1225 867 1442 929 communibus
1459 873 1581 929 tantum
1598 886 1651 928 ue·
1676 867 1825 971 “22⁰⁰“Jfffl

74 964 233 1036 apamenis
250 958 323 1020 licet
350 958 492 1037 colligere
518 957 632 1037 quibus
656 959 738 1019 Deus
760 975 824 1018 csse
876 970 955 1022 turae
966 963 1141 1024 notionibus
1155 962 1338 1022 instructum
1350 960 1598 1022 adebristianam
1617 960 1652 1021 fi·
1719 937 1761 971 Μ’
1785 934 1804 975 t'

74 1056 246 1112 nemireurr.
260 1052 381 1113 Nomai
391 1050 475 1130 qued
486 1068 524 1111 aa
537 1050 699 1111 Austotclc
715 1067 826 1129 propo
877 1054 948 1115 dem
965 1055 1110 1117 inducere
1130 1054 1297 1129 studerent,
1321 1060 1504 1133 argumenta
1525 1053 1652 1134 quesita

74 1141 150 1203 εἰῑιιιιι
167 1150 218 1219 est,
229 1150 449 1206 naumanresse
469 1150 638 1205 monstrare
659 1143 738 1205 vella
754 1143 825 1205 ridi·
877 1153 958 1223 suut,
969 1148 1081 1228 quibus
1092 1155 1123 1210 et
1134 1150 1305 1210 Deumasse
1325 1148 1504 1228 quempiam
1516 1148 1654 1209 adstrue·

75 1235 162 1298 culum
172 1238 274 1316 videri,
287 1238 400 1301 eodem
417 1239 508 1301 modo
521 1244 566 1299 est
576 1237 823 1317 intelligendum.
877 1245 956 1316 rent,
973 1248 1003 1303 et
1019 1243 1165 1304 eumdem
1179 1260 1279 1303 unum
1288 1258 1351 1304 esse
1369 1259 1434 1302 non
1442 1241 1558 1321 plures.
1577 1240 1652 1314 Qum

76 1330 174 1391 Etenim
182 1333 261 1411 qnod
272 1332 391 1394 ibidem
403 1332 456 1395 ille
467 1332 610 1412 prodidit,
621 1351 685 1392 non
695 1332 826 1392 deerunt
877 1352 933 1393 nos
950 1337 1051 1414 capita
1065 1336 1128 1397 duo
1143 1336 1248 1415 paucis
1267 1335 1367 1415 operis
1377 1334 1470 1412 hujus
1484 1333 1571 1394 initio
1584 1350 1652 1413 por·

75 1422 292 1504 qnihoeipsum
308 1426 479 1506 quodadeo
493 1425 690 1505 perspicuum
706 1430 760 1500 cst,
774 1442 826 1485 ne·
877 1427 1085 1505 uaetabimus,
1111 1427 1340 1507 rationibusque
1359 1427 1396 1487 iis
1421 1432 1557 1502 utemur,
1581 1444 1652 1505 quae

74 1521 364 1594 pulmentorum,
384 1518 477 1597 idque
490 1519 607 1579 radone
622 1518 826 1579 demonstrari
877 1518 917 1579 ab
932 1520 1041 1581 iisdem
1056 1521 1117 1581 iilis
1143 1539 1220 1600 quos
1244 1520 1402 1600 sequimur
1428 1519 1554 1580 vetustis
1582 1537 1651 1580 auo-

75 1605 278 1687 u'bipouuuent
291 1612 340 1672 uti
352 1612 484 1673 sieaeeus
494 1611 534 1672 ab
546 1611 663 1691 origine
677 1630 733 1672 sua
746 1610 827 1672 colo-
876 1612 995 1673 toribus
1018 1614 1119 1675 allatae
1146 1619 1227 1687 sunt,
1254 1613 1294 1674 ad
1309 1631 1385 1692 ques
1411 1630 1428 1673 e
1453 1611 1597 1691 profanis,
1627 1612 1653 1672 si

75 1717 175 1763 maesse
185 1704 309 1782 probari
318 1703 404 1765 velit.
418 1704 707 1784 Utigitureaecoisti
718 1703 827 1784 proha·
877 1724 950 1767 usus
963 1708 1051 1783 ierat,
1064 1707 1362 1787 aliasadjungemus.
1394 1706 1494 1786 Atque
1509 1706 1571 1766 ilisa
1587 1706 1653 1785 qui-

74 1791 166 1855 biiibua
173 1796 824 1879 aliquotsigniseiargnmeutiseporterieri,
877 1800 950 1862 dam
967 1820 1074 1863 omnes
1094 1820 1157 1863 non
1171 1802 1285 1862 idcirco
1303 1801 1533 1863 contemnendae
1549 1807 1650 1877 erunt,

75 1887 195 1965 utaiunt,
213 1893 327 1969 petitis,
346 1892 462 1953 colores
480 1910 543 1953 esse
560 1891 766 1968 suadebimus,
784 1893 826 1954 sic
878 1894 950 1972 quia
975 1894 1103 1973 singulae
1125 1913 1189 1955 non
1214 1894 1381 1956 necessario
1406 1899 1437 1954 et
1467 1894 1653 1960 ἀποδεικτικῶς

74 1977 239 2044 debeolicat
247 1985 335 2045 idem
345 1984 499 2045 dubitanti
509 1990 562 2045 aut
573 1985 698 2064 neganti
713 1984 824 2045 beers.
877 1989 1031 2065 evincunt,
1060 2008 1160 2068 neque
1183 2007 1222 2050 er
1241 1987 1453 2064 anterioribus,
1485 1987 1652 2067 primisque

75 2069 154 2142 Quum
162 2075 283 2154 quidem
298 2078 429 2139 existere
441 2078 661 2157 quodesseper
675 2083 826 2140 senotum
878 2087 949 2142 sunt
972 2082 1085 2161 petitae,
1109 2082 1162 2143 sed
1190 2100 1228 2143 eo
1258 2081 1363 2161 magni
1387 2079 1543 2157 faciendae,
1580 2080 1653 2159 quia

74 2168 99 2225 e
116 2169 300 2247 perspicuum
321 2170 444 2247 dicitru,
464 2176 501 2232 ut
527 2189 628 2250 neque
649 2170 827 2250 pessumdari
879 2173 1013 2234 collectae
1032 2174 1065 2234 in
1079 2193 1179 2235 rmum
1201 2180 1233 2235 et
1246 2179 1430 2235 coacervatae
1452 2174 1653 2234 necessariam

74 2274 172 2321 Μ
185 2262 223 2322 sii
241 2268 273 2323 et
290 2263 465 2324 euidentius
482 2263 550 2324 fieri
565 2265 683 2325 ratione
697 2263 761 2324 ulia
775 2282 827 2324 ne-
878 2266 1103 2347 propemodum
1119 2267 1214 2328 iidem
1236 2267 1351 2328 iaciunt
1373 2265 1456 2345 apud
1469 2283 1531 2341 eos,
1552 2265 1653 2344 quiet

73 2359 157 2427 queat,
168 2354 277 2417 veilcm
288 2358 334 2418 ita
344 2364 381 2418 ui
392 2376 432 2418 ex
446 2376 478 2420 se
494 2364 540 2419 est
550 2357 732 2418 mortalibus
749 2362 827 2417 esset
879 2360 927 2420 sui
943 2366 1098 2441 compotes
1113 2367 1194 2437 sunt,
1215 2368 1246 2422 ci
1261 2361 1386 2422 radonis
1407 2359 1522 2419 habent
1537 2358 1654 2438 aliquid

72 2446 192 2509 omnibus
210 2451 347 2527 evidens
372 2459 405 2514 et
424 2472 476 2514 eos
495 2454 535 2514 ad
560 2452 762 2514 mensionem
779 2453 827 2513 sui
878 2455 1037 2533 sejudicii.
1049 2457 1170 2516 Etenim
1180 2453 1575 2535 probationesillae,q1ubus
1583 2472 1654 2533 pru-

72 2537 234 2606 &undantia
248 2547 387 2626 quadm
398 2548 621 2628 perspicuitatis
634 2553 767 2627 cogeret.
787 2548 827 2608 at
879 2547 954 2608 dens
964 2549 1095 2609 assensio
1104 2549 1222 2625 nitituu,
1234 2566 1310 2628 quas
1317 2548 1440 2609 merolus
1448 2545 1519 2607 ideo
1530 2551 1652 2622 vocant,

72 2629 146 2713 lunge
171 2638 257 2701 aliter
279 2659 330 2702 res
356 2641 462 2703 habet.
493 2644 572 2704 Nem
596 2648 629 2703 et
653 2640 827 2721 complures
879 2641 1014 2718 quodad
1029 2641 1244 2720 gurbemandos
1260 2659 1363 2701 mores
1380 2638 1576 2713 adhibentur,
1591 2637 1655 2717 ple·

71 2744 102 2786 Β
109 2732 288 2811 moilatio
297 2742 482 2815 repetuntur
492 2737 644 2798 memoria
652 2737 707 2817 qui
720 2736 828 2797 divini-
878 2752 1011 2815 rumque
1020 2754 1083 2796 non
1093 2737 1196 2796 minus
1204 2741 1319 2797 eertum
1330 2735 1364 2795 in
1374 2753 1430 2795 suo
1440 2751 1551 2812 genere
1559 2732 1654 2793 fidem

70 2825 149 2884 toton
156 2824 480 2910 mdiunnegaruutt
493 2832 519 2891 E
529 2830 641 2910 quibus
649 2832 828 2892 istosrecen
878 2828 1003 2906 iaciunt,
1016 2848 1111 2909 mam
1122 2830 1155 2890 in
1163 2830 1256 2891 rebus
1268 2828 1461 2890 semaluos
1471 2832 1526 2888 aut
1538 2827 1656 2888 matbe-

70 2921 108 2975 eet
133 2920 237 2981 Sextus
260 2923 462 3002 Empiricusl,
491 2925 654 3004 Diagoram
680 2923 824 2999 llieiium,
879 2923 997 2984 nauticis
1009 2924 1280 2986 demonstrationes
1293 2922 1464 3003 quamlibet
1474 2927 1598 2982 exactae.
1611 2923 1656 2982 Ex

71 3007 336 3095 Prndieumsseum,
349 3017 571 3094 Euhemerum,
584 3018 719 3094 (iritiam,
730 3017 828 3078 Theo-
879 3016 992 3095 quibus
1010 3016 1098 3078 nulia
1118 3023 1183 3076 tam
1204 3016 1374 3095 perspicuae
1397 3014 1533 3075 veritatis
1558 3013 1657 3074 orittn

70 3102 828 3192 dorummguomentettheumfflreugoramibde
880 3108 1043 3185 conclusio,
1064 3127 1159 3188 quam
1177 3126 1240 3169 non
1259 3106 1389 3168 humani
1404 3106 1519 3186 ingenii
1534 3104 1658 3169 solertia

70 3196 158 3278 sam,
176 3206 354 3285 Epicurum.
374 3207 544 3270 Nonnullae
561 3226 599 3271 ex
617 3208 665 3268 bis
675 3208 709 3268 in
726 3209 828 3287 primo
879 3201 1034 3282 plausibili
1046 3202 1498 3283 aliquaratienepervertercac
1508 3200 1657 3262 dedocere

70 3289 828 3376 ddnuamffieeroeuietilludsuhcottae
880 3297 984 3377 possit.
1005 3299 1111 3378 lisque
1129 3317 1194 3358 nou
1217 3297 1381 3358 defuerunt
1395 3295 1580 3376 philosophi,
1603 3295 1658 3375 qui

69 3404 192 3470 imm,
211 3396 297 3475 quod
313 3396 449 3458 Velleius
471 3396 621 3476 Epicurus
637 3394 750 3471 attufit,
762 3392 829 3455 inii-
880 3391 953 3450 trita
971 3391 1108 3451 sensibus
1129 3409 1165 3451 ae
1185 3394 1351 3470 pervagata
1367 3394 1487 3450 nauum
1507 3386 1658 3467 principia

70 3481 132 3543 cieri
148 3505 209 3549 nou
225 3489 370 3551 dubitat:
393 3491 566 3552 «Omnium
583 3490 724 3570 gentium
740 3507 830 3568 gene-
880 3484 930 3545 vel
943 3483 1121 3563 simpliciter
1132 3490 1290 3565 negarent,
1312 3483 1361 3543 vel
1378 3481 1561 3561 disputando
1576 3479 1658 3540 labe

69 3591 185 3658 rumque
198 3582 377 3645 bominibus
389 3585 434 3646 ita
443 3584 540 3645 videri
549 3602 612 3644 esse
626 3584 733 3644 deos.»
749 3584 830 3643 Tum
881 3577 1039 3638 moerent.
1054 3578 1164 3638 Nivem
1185 3596 1254 3639 ecce
1272 3594 1336 3637 non
1352 3573 1523 3650 oendidarn,
1543 3573 1597 3634 sed
1613 3572 1658 3633 ni·

69 3666 104 3728 iia
115 3684 253 3749 perorat:
281 3700 297 3736 e
319 3678 468 3758 Equidem
487 3678 620 3741 arbitrer
634 3677 749 3739 multas
766 3696 829 3738 esse
881 3688 970 3749 gram
984 3687 1048 3730 esse
1068 3670 1212 3730 dixerunt
1231 3668 1337 3749 aliqui.
1355 3667 1416 3727 Alii
1432 3666 1597 3727 motumin
1611 3684 1658 3727 re·
1739 3688 1747 3699 ·

69 3772 161 3841 mica
180 3770 223 3832 sic
239 3772 432 3834 immanitate
452 3772 601 3850 efferatas,
625 3778 660 3833 ut
680 3772 763 3852 apud
780 3791 831 3833 eas
882 3762 1155 3839 busessenullum,
1167 3763 1304 3842 quictem
1316 3760 1454 3821 bundium
1465 3759 1518 3819 alii
1530 3759 1658 3820 sustule-

69 3857 144 3921 nnllu
153 3866 285 3945 urspissio
297 3868 428 3929 drumm
437 3869 485 3928 sit,
502 3866 710 3929 „Utinamvel
720 3867 831 3928 nostris
882 3862 966 3918 runt.
984 3856 1045 3916 Alii
1061 3857 1248 3936 haudpaulo
1268 3856 1361 3916 etiam
1374 3851 1615 3914 intolerabiliora
1626 3858 1658 3913 et

69 3953 246 4032 temporibus
265 3959 345 4020 nulii
364 3960 434 4035 sint,
457 3961 495 4021 de
515 3960 628 4040 quibus
652 3981 668 4019 u
691 3960 832 4021 videatur
883 3951 923 4011 ab
937 3951 1095 4011 communi
1108 3951 1274 4012 remotiora
1287 3966 1492 4028 sensupraese
1505 3946 1655 4021 tulerumt,

70 4048 228 4120 lmdixisse
241 4054 404 4135 Propheta:
415 4054 505 4116 otest
514 4054 623 4115 stultus
631 4055 667 4116 ia
676 4053 759 4115 eorde
767 4073 829 4115 auo:
883 4044 966 4122 iique
983 4062 1046 4103 non
1058 4043 1201 4123 vulgares
1212 4043 1245 4102 in
1261 4039 1463 4120 philosophiae
1474 4038 1585 4113 studia
1605 4037 1658 4098 sed

69 4132 127 4198 liba
139 4152 181 4202 est
190 4143 302 4208 Detu²l
314 4147 357 4208 ait
365 4147 565 4228 Augustinus.
577 4146 637 4209 Sed
648 4153 719 4207 sunt
729 4152 832 4208 erunt-
884 4139 950 4218 ejus
958 4132 1582 4216 disciplinaeomniumopinionepriueipes.
1591 4133 1659 4207 Quo

99 4358 232 4416 simu.
251 4360 289 4415 ad
305 4362 400 4433 Serep.
435 4358 467 4414 ‘ii
492 4359 538 4435 γὰρ
557 4360 641 4430 lisdem
662 4359 706 4414 oba
728 4357 752 4413 ἔν
771 4358 831 4414 iao·
884 4352 975 4425 πίστει,
989 4351 1029 4407 καὶ
1044 4351 1139 4407 einrici
1149 4351 1262 4423 λογισμῷ
1276 4348 1329 4422 μετ’
1347 4344 1480 4409 abiciatur.

70 4439 134 4503 &fita
153 4444 252 4517 λόγων,
273 4445 357 4517 ὥσπερ
379 4444 489 4519 εἴρηται,
515 4445 689 4517 παραδίδοται,
720 4444 777 4497 ἀλλ’
808 4443 832 4497 iv
885 4508 887 4515 γ

97 4614 176 4673 'laid
196 4614 397 4667 muctabitur
416 4616 567 4668 affirmatione
583 4615 717 4680 universim,
731 4614 833 4680 autquid
889 4611 972 4677 quade
990 4608 1033 4660 diis
1047 4607 1169 4673 opiniones
1183 4604 1346 4658 inficiarentur.
1364 4606 1413 4665 Quo
1429 4605 1515 4655 lauru
1530 4605 1567 4655 est
1585 4605 1611 4654 ut
1624 4608 1660 4656 te·

71 4686 199 4754 &muniis
215 4692 273 4755 quod
286 4693 394 4743 Petreius
414 4692 501 4757 undat,
519 4691 693 4742 existimandum
714 4690 833 4756 speciatim
888 4687 981 4739 terrimo
990 4687 1108 4736 citreorum
1124 4683 1233 4748 stigmate
1248 4682 1293 4749 ipsi
1307 4696 1397 4746 quoque
1413 4680 1530 4732 christiani
1542 4680 1662 4731 inureren-

69 4762 103 4825 fl'i
114 4766 203 4817 erudite
216 4769 304 4832 queit,
318 4780 391 4832 arque
404 4768 496 4820 solerm
511 4766 747 4828 Cuduortbuslspst.
758 4768 832 4816 intel·
888 4766 936 4812 tur.
956 4759 1096 4811 'testimonia
1108 4772 1159 4825 que
1183 4758 1229 4808 buo
1243 4758 1339 4815 iaciunt.
1354 4769 1436 4822 magno
1453 4769 1548 4806 numero
1565 4756 1662 4806 collecta

71 4839 122 4893 ω.
146 4855 217 4907 capp.
238 4848 302 4907 nv.)
322 4844 431 4909 expandit
451 4849 478 4894 ut
493 4843 575 4895 meula
589 4843 612 4893 in
628 4841 689 4893 rotis
710 4841 832 4906 quidquam
889 4837 975 4888 dabunt
989 4835 1112 4887 liuidericlr
1125 4835 1238 4896 (Gemtlls
1252 4836 1409 4892 obtrectator,
1421 4846 1461 4898 pp.
1476 4834 1522 4884 tte
1536 4835 1560 4882 et
1575 4828 1663 4895 seqq.)‚·

70 4911 158 4967 tutes
177 4916 255 4982 Neque
268 4925 347 4970 umen
359 4920 389 4970 ab
401 4934 427 4972 re
439 4919 509 4970 tuerit
520 4917 658 4984 comperdio
669 4917 782 4980 recolere,
793 4930 835 4981 pe·
889 4915 966 4977 baurge
978 4911 1105 4974 (Expedi.
1126 4914 1335 4972 aeramentorum,
1349 4911 1435 4972 quitur
1451 4908 1540 4958 Palm
1559 4908 1658 4968 weles.

71 5001 109 5041 u
120 4990 215 5044 &eoos
227 4994 367 5059 latumque
377 4995 524 5059 obinutsse,
545 4996 572 5044 ut
587 4992 715 5045 etheum
741 4991 834 5043 ueniae
889 4989 1034 5050 rettulissem
1046 4986 1136 5035 cltum.
1149 4998 1165 5035 a
1178 4987 1250 5047 calpe
1263 4987 1379 5036 atteiam·
1398 4985 1421 5036 el
1438 4985 1532 5048 objecto
1545 4982 1662 5044 &reads-

70 5068 310 5130 eonprebeuderentar
326 5074 374 5121 tum
387 5071 424 5135 qui
438 5067 568 5121 'uiderentur
579 5082 671 5120 omnam
685 5067 782 5120 emedio
795 5066 834 5117 lli·
889 5067 957 5125 rust)
979 5064 1004 5114 et
1017 5060 1134 5124 Flnqaein
1149 5072 1191 5125 op.
1208 5061 1281 5114 Vera.
1299 5062 1369 5113 eiua
1382 5060 1471 5112 Guel-
1493 5070 1517 5110 c.
1534 5057 1571 5109 lb.
1586 5056 1662 5109 Wtas.

70 5138 182 5193 minicae
197 5144 285 5210 tollere,
299 5149 349 5196 tum
365 5146 404 5211 qui
415 5146 539 5212 populares
553 5144 697 5209 theogonius,
713 5144 834 5208 wigurm·-
889 5140 909 5201 Ι,
925 5155 949 5205 p.
965 5139 998 5191 si
1013 5137 1042 5187 B.
1062 5135 1094 5185 il.

97 5342 164 5394 ibib.
177 5348 241 5403 vili,
254 5356 313 5399 cont.
332 5349 433 5397 Nollem.
446 5362 471 5405 p.
482 5345 586 5396 elles
600 5347 649 5393 bib.
660 5345 704 5394 111.
718 5349 776 5393 eost.
788 5342 854 5391 Polli,
867 5354 889 5390 e.
900 5351 949 5385 uxr.
