4134 6182
895 719 963 793 Ab

625 979 886 1097 TOMUM
943 978 1232 1095 PRIMUM

198 1320 1027 1473 onnonoosuouon
1101 1323 1658 1476 ooonaoon

514 1657 888 1749 PROLOGUS
942 1657 1334 1750 GALEATUS.

180 2229 252 2294 Cum
268 2226 309 2291 sit
325 2225 380 2289 boc
389 2227 587 2309 propositum
601 2247 690 2311 opere
705 2229 805 2295 inisto
816 2223 1086 2315 Theologicorum
1097 2227 1286 2317 dogmatum
1300 2237 1338 2293 ut
1352 2246 1393 2293 en
1408 2228 1614 2315 antiquorum
1621 2233 1726 2301 moni·

143 2337 251 2416 nmtis,
266 2334 353 2399 uelut
369 2336 487 2398 sanctis
506 2336 709 2421 anqustisque
724 2337 875 2420 tontibus,
899 2337 1020 2421 liquida
1033 2347 1062 2402 et
1075 2340 1262 2422 incorrupta
1278 2337 1461 2403 diuinorum
1475 2356 1584 2406 nerum
1594 2344 1725 2409 scicntia

144 2444 279 2521 duntur,
293 2441 367 2523 juro
378 2442 489 2523 prium
503 2442 591 2508 nobis
608 2453 637 2508 et
645 2445 811 2527 pracipua
828 2462 909 2509 cuno
926 2445 989 2526 {uit
1005 2445 1039 2509 in
1053 2444 1268 2527 dijudicandis
1283 2462 1321 2509 ac
1336 2446 1526 2513 uternendis
1541 2450 1733 2537 auctoribus¹

142 2568 264 2633 morum
272 2549 445 2613 testimonio
454 2549 594 2633 deinceps
602 2553 664 2616 niti
672 2551 873 2633 decrevimus,
885 2569 926 2615 ne
929 2569 991 2634 pro
1002 2555 1160 2633 qermanis
1168 2562 1196 2616 et
1205 2552 1334 2633 idoneis,
1348 2554 1551 2636 supposititii,
1560 2556 1725 2622 oelsaltcm

144 2657 223 2721 dubii
236 2656 431 2740 fidejussores
445 2658 636 2741 abriperent.
655 2657 747 2737 (laod
759 2666 789 2723 et
799 2658 949 2741 pluribus
961 2666 990 2722 ct
1000 2661 1115 2742 sapius
1130 2679 1227 2745 quam
1242 2661 1375 2742 diqnum
1390 2668 1418 2724 et
1431 2662 1508 2725 utile
1521 2662 1575 2739 sit,
1591 2665 1724 2731 evenisso

142 2766 232 2828 sciunt
243 2764 299 2848 qui
314 2765 350 2826 in
361 2763 416 2828 boa
436 2765 604 2829 tractando
621 2765 802 2830 litterarum
818 2783 856 2830 ae
875 2764 1030 2830 librorum
1051 2784 1160 2848 quiere
1175 2768 1293 2832 uersati
1308 2773 1394 2831 sunt.
1415 2765 1627 2843 Quamobrem
1642 2772 1725 2854 oiqi-

143 2870 232 2935 lontec
246 2872 281 2935 in
294 2872 352 2934 boc
367 2870 569 2937 incubuimus
590 2881 627 2936 ut
641 2890 702 2955 pro
720 2892 783 2938 usu
800 2868 891 2956 qu'em
908 2873 997 2938 iniis
1015 2874 1129 2939 studiis
1147 2874 1331 2939 mediocrem
1349 2892 1460 2939 sumus
1480 2875 1596 2958 adepti,
1620 2877 1725 2942 nullos

141 2980 196 3043 nisi
210 2997 317 3061 mains
331 2987 360 3043 et
371 2979 521 3062 probatos
539 2981 765 3045 ascisceremus.
786 2980 832 3045 De
846 2981 894 3046 bis
911 2980 1021 3063 loquor
1034 2982 1069 3044 in
1086 2981 1200 3064 quibus
1212 2990 1404 3045 momentum
1416 2981 1547 3065 aliquod
1564 2983 1606 3046 ad
1616 2985 1680 3047 uim
1695 2992 1725 3048 et

142 3086 230 3151 tobuc
253 3088 538 3169 arqumcntationis
561 3097 620 3152 aut
633 3088 746 3153 decreti
767 3089 948 3171 cujuspiam
968 3088 1176 3153 constituendi
1192 3089 1336 3172 panitur.
1354 3086 1440 3155 Nam
1460 3096 1536 3154 sunt
1554 3089 1625 3164 alii,
1647 3109 1724 3175 quos

141 3196 233 3275 naqis
250 3194 293 3258 ad
310 3194 489 3258 mandam
507 3195 813 3278 illuminandumque
836 3195 1092 3277 disputationem,
1115 3214 1214 3279 quam
1232 3195 1276 3260 ad
1293 3196 1502 3260 dirimendam
1523 3197 1725 3280 quandonam

141 3302 226 3366 noris
241 3310 285 3367 est
300 3318 471 3367 assumam.
493 3298 580 3365 Utin
591 3303 724 3368 bmzestis
737 3305 834 3367 etiam
849 3303 997 3367 conuiuiis
1009 3310 1125 3385 mater
1134 3303 1248 3368 solidos
1263 3320 1301 3367 aa
1312 3303 1502 3367 necessarios
1517 3301 1610 3369 cibos.
1624 3303 1722 3369 scita·

141 3418 236 3473 nemo
252 3418 281 3473 et
305 3408 439 3473 bellaria
458 3410 493 3472 in
514 3427 655 3474 mensam
673 3411 857 3492 inseruntur
876 3410 918 3474 ab
942 3409 1097 3474 lenocinia
1118 3410 1288 3475 moderata
1311 3427 1348 3473 oc
1372 3425 1520 3474 comessa
1538 3409 1721 3493 uoluptatis.

142 3511 325 3596 Huiusmodi
342 3522 418 3580 sunt
441 3525 617 3592 oratorum,
631 3523 860 3599 poetarumque
878 3516 963 3579 dicta
983 3533 1021 3579 ac
1036 3516 1231 3599 reliquorum
1246 3517 1279 3581 id
1293 3535 1391 3597 qenus
1411 3517 1613 3598 scriptorum.
1632 3514 1725 3592 Quod

140 3621 213 3684 enim
225 3623 267 3687 ad
277 3622 476 3704 pbilosopbos
489 3625 630 3687 moninio
638 3623 855 3705 peripateticos
870 3622 994 3703 attinet,
1010 3640 1059 3687 eos
1072 3624 1156 3687 uelut
1170 3623 1349 3688 domesticos
1364 3640 1402 3686 oc
1415 3624 1604 3689 necessarios
1617 3623 1724 3687 admi·

141 3727 246 3794 nistros
260 3728 411 3811 adjunqit
425 3728 486 3794 sibi
505 3730 670 3811 tbeoloqia,
686 3738 723 3794 ut
736 3746 847 3794 eorum
858 3730 998 3811 immota
1011 3730 1172 3812 praecptis
1184 3729 1306 3794 moneta
1322 3747 1383 3795 sua
1402 3728 1626 3793 ratiocinando
1644 3737 1725 3793 recte

141 3852 174 3898 oc
187 3836 249 3901 sino
258 3854 365 3901 strom
377 3836 515 3918 colliqot,
531 3837 567 3901 de
581 3856 642 3921 quo
655 3837 785 3901 uberius
799 3835 963 3901 dicendum
976 3838 1036 3901 erit
1048 3838 1082 3899 in
1092 3837 1327 3918 proleqomenis.
1345 3832 1380 3902 N
1380 3854 1441 3901 unc
1453 3837 1536 3920 quod
1551 3836 1594 3900 ad
1602 3836 1725 3918 priores

142 3941 204 4007 illos
215 3951 344 4026 spectat,
358 3944 414 4007 boc
425 3951 469 4009 est
484 3944 631 4028 antiquos
643 3952 760 4026 patres,
774 3961 909 4026 quorum
924 3944 1100 4008 auctoritas
1109 3944 1280 4008 secundum
1288 3943 1474 4026 Scripturas
1486 3950 1515 4006 et
1528 3943 1672 4025 synodos.
1691 3944 1727 4007 in

142 4046 192 4110 boc
203 4057 309 4114 nasim
322 4049 481 4129 tbeoloqioe
495 4050 641 4114 instituto
654 4049 851 4129 dominatur,
868 4050 1053 4132 confirmate
1067 4049 1123 4113 boc
1131 4067 1301 4131 possumus
1316 4067 1373 4115 nos
1393 4066 1503 4112 eorum
1519 4049 1600 4113 scito
1614 4057 1644 4113 et
1657 4066 1726 4113 tes·

139 4174 235 4236 musa
253 4174 380 4221 summo
395 4157 454 4240 fide
475 4175 513 4221 uc
530 4157 696 4239 diliqentia
710 4156 863 4222 retulisse.
884 4154 962 4233 Qua
981 4155 1105 4239 quidem
1120 4175 1185 4221 non
1200 4156 1244 4221 ad
1256 4164 1441 4240 pensantem
1455 4156 1619 4221 duntaxat
1632 4174 1728 4223 iesum

142 4264 279 4343 quesita
294 4262 348 4328 ced
361 4271 484 4328 attenta
498 4272 527 4327 et
542 4264 713 4328 continenti
729 4262 855 4326 lectione
870 4262 927 4326 diu
939 4270 1012 4327 ante
1025 4272 1137 4328 notata
1149 4273 1178 4329 et
1190 4282 1327 4347 inpensa
1341 4263 1407 4329 suis
1421 4264 1494 4329 locis
1506 4263 1725 4329 accommoda·

142 4370 247 4435 cimus.
265 4368 349 4434 Tum
361 4370 444 4453 quod
458 4370 500 4434 ad
516 4368 639 4436 Groecoc
652 4370 776 4450 attinet,
795 4387 904 4434 eorum
914 4369 1010 4434 uerba
1020 4368 1138 4453 maiori
1153 4389 1194 4435 en
1208 4380 1300 4454 parte
1319 4370 1415 4435 latine
1429 4371 1490 4454 ipsi
1501 4389 1611 4436 sumus
1624 4372 1726 4436 inter·

141 4476 263 4555 metati,
283 4475 367 4558 quod
385 4476 558 4558 complutos
580 4477 659 4542 loeos
678 4476 807 4540 illorum
828 4485 857 4540 et
878 4477 1046 4542 sententias
1069 4477 1175 4543 minus
1194 4478 1325 4562 fideliter
1345 4479 1379 4541 in
1401 4477 1537 4542 latinum
1558 4478 1729 4543 translatos

142 4579 248 4659 baudi
266 4582 362 4664 [uisse
384 4583 534 4648 sciremus
557 4584 688 4648 eruditis
711 4582 747 4646 dc
769 4583 874 4647 sebola
895 4583 1053 4665 tbeoloqis‚
1078 4592 1114 4648 ut
1136 4602 1177 4648 en
1197 4585 1236 4650 iic
1256 4585 1381 4666 placito
1403 4584 1548 4667 quadam
1569 4603 1679 4650 corum
1701 4593 1730 4648 et

143 4683 288 4765 doqmma
301 4689 481 4770 conficerent
503 4689 543 4752 ab
562 4691 702 4774 ipsorum
717 4698 817 4754 mento
830 4707 964 4773 prorsus
982 4690 1099 4755 aliena.
1118 4689 1166 4755 Aa
1180 4708 1390 4773 capenumero
1408 4709 1472 4755 non
1489 4691 1584 4757 libros
1604 4700 1730 4756 tontum

143 4802 170 4855 et
190 4795 308 4877 capita
330 4795 381 4859 sed
402 4797 497 4861 etiam
513 4798 649 4880 paqinas
668 4798 752 4879 ipsas
770 4796 926 4861 librorum
943 4806 1009 4862 tam
1024 4797 1197 4862 latinorum
1216 4816 1313 4883 quam
1332 4815 1508 4879 pracerum
1526 4798 1729 4863 adnotamus.

145 4896 250 4975 Qucum
267 4902 317 4965 uti
333 4901 503 4985 diliqcntia
516 4922 554 4969 ac
569 4905 640 4988 fidei
654 4910 769 4968 nostra
783 4906 868 4968 natio
885 4913 1001 4969 constet
1015 4904 1148 4970 eruditis
1166 4905 1346 4980 lectoribus,
1369 4914 1538 4970 auctorum
1556 4904 1731 4971 indiculum

148 5007 313 5089 subjiciam
326 5018 356 5073 et
370 5010 406 5073 in
417 5027 526 5075 eorum
533 5012 690 5096 plerisque
705 5009 850 5075 editionis
865 5011 965 5093 ipsias
974 5011 1111 5093 [ormam
1124 5029 1162 5076 ac
1176 5021 1295 5095 tempus
1307 5011 1498 5079 adscribam.
