4134 6182
598 1313 689 1460 R.
733 1313 817 1458 P.
861 1309 1272 1462 DlONYSll
1327 1311 1696 1459 PETAVll

964 1659 1336 1777 ELOGIUM

398 1935 440 1983 EX
468 1930 717 1981 ututlortfflct
746 1927 982 1977 scutrrouutt
1005 1923 1222 1974 summatis
1248 1924 1332 1972 lusu
1356 1929 1374 1973 Α
1398 1928 1427 1974 P.
1453 1926 1645 1975 seruntur}
1670 1928 1805 1990 AUCTA,
1831 1929 1900 1977 CUM

739 2157 996 2239 rulnclsel
1035 2156 1247 2238 ΑΝΤΟΝΙΙ
1287 2156 1554 2236 letlHllRlAE

834 2372 977 2416 uumsuurt
1004 2371 1183 2427 maturante,
1209 2370 1468 2417 Auuorlttottutta

397 2996 567 3086 Dionysius
575 2998 715 3061 Petavius
727 2998 852 3060 natione
870 2999 987 3076 Gallus,
1003 3000 1104 3080 patria
1123 2999 1352 3061 Aurelianensis
1371 3002 1422 3080 (t),
1442 3001 1598 3082 ingressus
1619 3002 1652 3062 in
1674 3002 1856 3063 Societatem
1871 3019 1954 3062 anno

356 3125 436 3185 roos
450 3124 502 3202 (2),
518 3118 614 3181 aetafis
626 3116 775 3196 vigesimo
789 3117 933 3177 morundo.
950 3117 1021 3193 Vir,
1038 3122 1073 3178 ut
1091 3116 1158 3194 ejus
1169 3116 1445 3197 ostendrmtopera,
1458 3116 1737 3197 ingeniomaximo,
1747 3115 1863 3194 judicio
1873 3131 1958 3174 acer·

356 3240 448 3314 rimo,
462 3234 622 3298 excellenti
631 3232 792 3306 memoria,
803 3233 944 3293 omnium
953 3231 1016 3291 fere
1027 3248 1133 3292 rerum
1141 3231 1267 3292 scientia
1279 3231 1433 3306 excultus3
1447 3232 1591 3294 omnihus
1602 3233 1642 3293 ad
1650 3231 1717 3293 haec
1726 3248 1784 3291 sua
1792 3228 1954 3305 modestia,

359 3351 548 3425 affabilitate,
563 3363 687 3408 morum
700 3343 875 3404 innocentia
886 3342 1008 3404 charus.
1025 3343 1220 3404 Rhetorieam
1234 3343 1356 3404 Parisiis
1370 3345 1410 3422 (3)
1422 3344 1560 3407 maximo
1571 3345 1712 3406 omnium
1725 3361 1875 3405 concursu
1887 3359 1959 3422 pro·

358 3468 456 3529 fessus
468 3471 515 3527 est
528 3462 616 3525 annis
628 3462 723 3540 x1(l),
738 3476 840 3519 sacrm
854 3457 981 3519 Litteras
994 3457 1111 3518 ibidem
1124 3459 1340 3539 interpretatus
1359 3465 1405 3520 est
1416 3461 1505 3521 annis
1518 3478 1591 3523 xxrr
1603 3463 1655 3540 (5).
1671 3459 1809 3522 Solemni
1822 3477 1855 3521 rr
1868 3464 1958 3520 voto·

361 3599 433 3644 rum
446 3576 674 3658 nuncupatione
688 3573 850 3634 obstrietus
864 3571 904 3632 ab
919 3586 1000 3631 anno
1015 3572 1104 3633 1618.
1124 3572 1178 3632 Vir
1193 3572 1284 3652 plane
1298 3572 1440 3649 eximius,
1460 3574 1524 3634 sive
1537 3574 1720 3650 docuinam,
1736 3575 1799 3634 sive
1812 3573 1960 3634 virtutem

361 3701 487 3769 specim,
501 3698 531 3754 et
543 3692 623 3753 inter
636 3688 737 3770 prima
750 3688 907 3750 Societatis
921 3687 1040 3749 lumina
1053 3687 1162 3750 merito
1183 3690 1397 3750 recensendus.
1411 3688 1438 3750 A
1449 3707 1546 3770 puero
1557 3689 1674 3751 litteras
1685 3690 1728 3751 sic
1741 3691 1908 3765 adamavit,
1924 3695 1962 3751 nt

362 3813 428 3874 dies
440 3811 575 3888 integros
587 3807 621 3866 in
635 3803 810 3866 evolvendis
827 3803 914 3865 libris
927 3805 1110 3884 transegerit
1125 3806 1177 3884 (tt),
1196 3812 1226 3866 et
1241 3806 1293 3866 vix
1305 3805 1460 3867 decimum
1475 3806 1572 3866 aetatis
1585 3824 1703 3866 annum
1717 3806 1868 3884 attigerat,
1886 3822 1961 3865 cum

361 3927 501 3991 carmina
514 3924 594 3986 mira
607 3920 751 3983 facilitate
765 3925 924 4002 pangeret
936 3920 1077 3982 adultior
1087 3940 1151 3983 uon
1163 3922 1273 3997 otium,
1283 3940 1347 3984 nou
1356 3921 1446 3984 ludos
1456 3928 1636 3984 ceterorum
1646 3941 1732 3983 mone
1743 3921 1893 4002 quesivit,
1905 3921 1962 3982 sed

364 4058 517 4106 secessum
526 4040 566 4117 (7)
575 4043 610 4098 ut
619 4054 651 4098 se
660 4041 760 4097 totum
769 4035 803 4098 in
813 4035 915 4097 studia
925 4036 1061 4112 abderet,
1073 4055 1130 4098 nec
1142 4037 1314 4117 quidquam
1323 4036 1356 4097 in
1365 4037 1568 4099 severioribus
1577 4037 1744 4118 disciplinis
1754 4036 1960 4113 reconditum,

365 4161 448 4243 quod
461 4157 515 4219 ille
533 4173 597 4217 non
610 4152 814 4234 penetraverit
827 4152 879 4229 (8).
901 4151 980 4213 Hine
995 4151 1127 4212 inomni
1146 4151 1343 4212 scientiarum
1363 4168 1475 4230 genere
1492 4150 1588 4213 libros
1602 4153 1679 4213 adeo
1693 4151 1828 4213 anrditos
1846 4150 1964 4232 publici

362 4276 442 4356 juris
454 4272 535 4347 fecit,
551 4275 587 4329 ut
599 4286 638 4329 ex
651 4266 795 4328 omnihus
808 4285 903 4347 prope
916 4267 1019 4346 regnis
1036 4266 1076 4327 ab
1091 4265 1217 4328 eruditis
1231 4265 1387 4328 consultus
1400 4266 1491 4327 fuerit
1505 4266 1556 4344 (9).
1575 4266 1653 4327 Hine
1664 4266 1823 4348 Philippus
1840 4267 1891 4342 IV,
1907 4284 1965 4328 rex

366 4384 533 4466 Hispaniae,
555 4399 628 4442 eum
643 4381 683 4441 ad
696 4380 897 4442 Academiam
909 4399 1024 4442 novam
1045 4400 1064 4442 a
1082 4399 1114 4442 se
1134 4381 1250 4443 Manili
1267 4387 1401 4443 erectam
1416 4381 1494 4459 (l0);
1517 4380 1662 4442 Urbanus
1673 4382 1744 4442 Vlll
1758 4381 1818 4459 (tt)
1832 4381 1966 4443 Romam

366 4515 430 4561 non
437 4495 724 4571 semelinvitarunt;
737 4495 790 4557 sed
803 4496 962 4577 impedivit
973 4502 1140 4577 utrumque
1153 4515 1208 4557 rex
1221 4496 1490 4558 christianissimus
1504 4496 1675 4558 ludovicus
1688 4497 1771 4572 Xlll,
1786 4514 1850 4557 non
1863 4495 1967 4558 ferens

367 4630 500 4693 regnum
513 4630 606 4674 suum
616 4617 702 4673 tanto
714 4612 780 4674 viro
794 4611 919 4693 privari.
935 4611 1046 4672 letum
1060 4611 1153 4672 etiam
1170 4618 1252 4672 certo
1266 4617 1311 4672 est
1323 4611 1380 4672 sub
1394 4610 1519 4673 Urbano
1531 4612 1602 4672 Vlll
1617 4612 1689 4690 (12),
1703 4612 1742 4672 de
1754 4629 1791 4672 eo
1802 4611 1882 4673 inter
1894 4628 1971 4691 pur-

368 4734 494 4810 puratos
514 4728 617 4789 Patres
631 4726 814 4808 cooptando,
830 4726 884 4788 sed
904 4745 942 4788 ea
962 4727 1019 4788 fuit
1038 4726 1214 4789 humilitate
1233 4727 1281 4788 vir
1301 4726 1411 4808 plenus
1430 4729 1505 4803 Deo,
1525 4733 1560 4787 ut
1574 4726 1968 4807 proptereaprofeationcm

369 4846 511 4920 Romam,
525 4849 678 4923 quantum
698 4843 808 4923 potuit,
831 4860 952 4923 semper
971 4842 1123 4923 defugerit
1144 4843 1215 4921 (ra).
1239 4843 1317 4904 Cum
1337 4843 1396 4904 hoa
1417 4847 1504 4904 tanta
1529 4840 1737 4921 praecellentia
1757 4841 1904 4902 doctrina
1922 4841 1970 4901 ita

368 4958 527 5037 conjunxit
540 4956 734 5038 splendorem
746 4957 906 5033 virtutrrm
916 4963 950 5018 ut
962 4957 1074 5018 merito
1086 4955 1219 5031 dubites,
1243 4956 1414 5017 sanetiome
1428 4974 1468 5017 an
1482 4955 1600 5016 docbor
1611 4956 1714 5016 buerit.
1725 4956 1872 5017 Pietatem
1882 4954 1971 5016 illius

369 5091 461 5135 nemo
473 5090 537 5135 non
553 5071 726 5133 mirabatur
739 5071 811 5149 (ll),
827 5088 899 5132 eum
913 5071 1052 5132 viderent
1064 5071 1167 5151 ipsum
1187 5075 1232 5130 tot
1247 5069 1327 5130 inter
1341 5070 1465 5150 negotia
1482 5077 1574 5150 atque
1588 5072 1705 5148 studia,
1721 5072 1800 5133 nihil
1815 5073 1854 5134 de
1870 5071 1972 5133 solitis

370 5187 491 5268 pietatis
504 5185 612 5248 officiis
629 5185 801 5260 remittere3
818 5185 858 5246 ad
872 5190 951 5245 stata
964 5183 1074 5246 orandi
1086 5189 1227 5264 tempora
1240 5183 1399 5245 confestim
1417 5182 1480 5244 alia
1495 5184 1602 5245 omnia
1617 5202 1782 5265 seponere3
1798 5190 1829 5246 et
1842 5182 1972 5246 solitum

369 5302 481 5378 dicere,
497 5300 591 5362 malle
606 5318 638 5362 sa
652 5300 752 5362 omnis
765 5298 911 5361 doctina
922 5298 1077 5378 jacturam
1091 5297 1202 5374 facere,
1222 5316 1318 5378 quam
1336 5297 1386 5359 vel
1403 5298 1499 5360 semel
1513 5317 1643 5360 examen
1664 5299 1855 5363 couscientia
1869 5299 1974 5378 quoti·

369 5416 509 5495 dianam,
524 5416 575 5480 rel
589 5416 665 5497 quid
678 5414 778 5476 simile
795 5415 947 5477 omittere.
964 5414 1141 5476 Tenenimo
1157 5430 1263 5475 amore
1276 5412 1432 5475 terebatur
1444 5415 1476 5476 in
1490 5414 1701 5477 beatissimam
1714 5414 1888 5496 Virginem,
1902 5419 1974 5475 tan-

372 5552 468 5616 quam
486 5534 616 5598 lintrem
638 5549 739 5609 stram,
754 5535 786 5593 et
805 5530 955 5611 singulari
973 5530 1169 5593 veneratione
1184 5548 1257 5607 erga
1278 5529 1501 5593 sanctissimam
1516 5529 1753 5608 Errebaristiam,
1775 5548 1871 5611 quam
1891 5529 1972 5595 hora
