<?xml version="1.0" encoding="UTF-8"?>
<!DOCTYPE html PUBLIC "-//W3C//DTD XHTML 1.0 Transitional//EN"
    "http://www.w3.org/TR/xhtml1/DTD/xhtml1-transitional.dtd">
<html xmlns="http://www.w3.org/1999/xhtml" xml:lang="en" lang="en">
 <head>
  <title>
</title>
<meta http-equiv="Content-Type" content="text/html;charset=utf-8" />
  <meta name='ocr-system' content='tesseract 3.04.00' />
  <meta name='ocr-capabilities' content='ocr_page ocr_carea ocr_par ocr_line ocrx_word'/>
</head>
<body>
  <div class='ocr_page' id='page_1' title='image "./dogmatatheologi01goog_0172.png"; bbox 0 0 4008 6170; ppageno 0'>
   <div class='ocr_carea' id='block_1_1' title="bbox 345 413 1663 493">
    <p class='ocr_par' dir='ltr' id='par_1_1' title="bbox 345 413 1663 493">
     <span class='ocr_line' id='line_1_1' title="bbox 345 413 1663 493; baseline 0.001 -9"><span class='ocrx_word' id='word_1_1' title='bbox 345 422 395 485; x_wconf 82' lang='lat' dir='ltr'><strong>DE</strong></span> <span class='ocrx_word' id='word_1_2' title='bbox 416 420 490 480; x_wconf 85' lang='lat' dir='ltr'><strong>DEQ</strong></span> <span class='ocrx_word' id='word_1_3' title='bbox 513 416 658 489; x_wconf 86' lang='lat' dir='ltr'><strong>DElQUE</strong></span> <span class='ocrx_word' id='word_1_4' title='bbox 680 413 1027 493; x_wconf 82' lang='lat' dir='ltr'><strong>PROPRIETATIBUS,</strong></span> <span class='ocrx_word' id='word_1_5' title='bbox 1051 418 1123 478; x_wconf 86' lang='lat' dir='ltr'><strong>LlB.</strong></span> <span class='ocrx_word' id='word_1_6' title='bbox 1148 417 1174 493; x_wconf 85' lang='lat'><strong>1,</strong></span> <span class='ocrx_word' id='word_1_7' title='bbox 1198 417 1281 479; x_wconf 84' lang='lat' dir='ltr'><strong>GAP.</strong></span> <span class='ocrx_word' id='word_1_8' title='bbox 1306 419 1356 480; x_wconf 88' lang='lat' dir='ltr'><strong>lX.</strong></span> <span class='ocrx_word' id='word_1_9' title='bbox 1605 426 1663 486; x_wconf 70' lang='lat'><strong>⁴33</strong></span> 
     </span>
    </p>
   </div>
   <div class='ocr_carea' id='block_1_2' title="bbox 79 565 1665 1495">
    <p class='ocr_par' dir='ltr' id='par_1_2' title="bbox 79 565 1665 1495">
     <span class='ocr_line' id='line_1_2' title="bbox 80 565 1664 652; baseline -0.001 -16"><span class='ocrx_word' id='word_1_10' title='bbox 80 576 195 636; x_wconf 84' lang='lat' dir='ltr'><strong>nudum</strong></span> <span class='ocrx_word' id='word_1_11' title='bbox 220 590 285 633; x_wconf 88' lang='lat' dir='ltr'><strong>esse</strong></span> <span class='ocrx_word' id='word_1_12' title='bbox 309 576 427 652; x_wconf 80' lang='lat' dir='ltr'>pugnat</span> <span class='ocrx_word' id='word_1_13' title='bbox 449 568 554 629; x_wconf 90' lang='lat' dir='ltr'><strong>omnia</strong></span> <span class='ocrx_word' id='word_1_14' title='bbox 572 566 628 627; x_wconf 89' lang='lat' dir='ltr'><strong>illa</strong></span> <span class='ocrx_word' id='word_1_15' title='bbox 650 565 751 627; x_wconf 88' lang='lat' dir='ltr'><strong>dicere</strong></span> <span class='ocrx_word' id='word_1_16' title='bbox 771 581 836 624; x_wconf 90' lang='lat' dir='ltr'><strong>esse</strong></span> <span class='ocrx_word' id='word_1_17' title='bbox 888 584 980 646; x_wconf 85' lang='lat' dir='ltr'><strong>pono</strong></span> <span class='ocrx_word' id='word_1_18' title='bbox 1005 567 1089 647; x_wconf 92' lang='lat' dir='ltr'><strong>quod</strong></span> <span class='ocrx_word' id='word_1_19' title='bbox 1109 574 1154 628; x_wconf 89' lang='lat' dir='ltr'><strong>est</strong></span> <span class='ocrx_word' id='word_1_20' title='bbox 1178 569 1275 645; x_wconf 88' lang='lat' dir='ltr'><strong>Pater,</strong></span> <span class='ocrx_word' id='word_1_21' title='bbox 1300 569 1404 632; x_wconf 81' lang='lat' dir='ltr'><strong>deesse</strong></span> <span class='ocrx_word' id='word_1_22' title='bbox 1425 572 1484 632; x_wconf 89' lang='lat' dir='ltr'><strong>hoc</strong></span> <span class='ocrx_word' id='word_1_23' title='bbox 1507 573 1589 651; x_wconf 94' lang='lat' dir='ltr'><strong>quod</strong></span> <span class='ocrx_word' id='word_1_24' title='bbox 1618 578 1664 633; x_wconf 90' lang='lat' dir='ltr'><strong>est</strong></span> 
     </span>
     <span class='ocr_line' id='line_1_3' title="bbox 81 660 1664 745; baseline -0.003 -15"><span class='ocrx_word' id='word_1_25' title='bbox 81 660 769 742; x_wconf 85' lang='lat' dir='ltr'><strong>mnmetidem,etessentiamessescientiam,</strong></span> <span class='ocrx_word' id='word_1_26' title='bbox 783 663 838 719; x_wconf 80' lang='lat' dir='ltr'><strong>sut</strong></span> <span class='ocrx_word' id='word_1_27' title='bbox 888 666 1017 736; x_wconf 91' lang='lat' dir='ltr'><strong>creator,</strong></span> <span class='ocrx_word' id='word_1_28' title='bbox 1039 667 1107 721; x_wconf 86' lang='lat' dir='ltr'><strong>tum</strong></span> <span class='ocrx_word' id='word_1_29' title='bbox 1129 661 1193 722; x_wconf 87' lang='lat' dir='ltr'><strong>istis</strong></span> <span class='ocrx_word' id='word_1_30' title='bbox 1218 661 1333 737; x_wconf 79' lang='lat' dir='ltr'><strong>deesse,</strong></span> <span class='ocrx_word' id='word_1_31' title='bbox 1358 664 1492 743; x_wconf 80' lang='lat' dir='ltr'><strong>addique</strong></span> <span class='ocrx_word' id='word_1_32' title='bbox 1523 672 1664 745; x_wconf 87' lang='lat' dir='ltr'><strong>oportere</strong></span> 
     </span>
     <span class='ocr_line' id='line_1_4' title="bbox 82 753 1661 844; baseline -0.001 -23"><span class='ocrx_word' id='word_1_33' title='bbox 82 762 243 844; x_wconf 86' lang='lat' dir='ltr'><strong>potentiam,</strong></span> <span class='ocrx_word' id='word_1_34' title='bbox 266 765 361 837; x_wconf 81' lang='lat' dir='ltr'><strong>negat</strong></span> <span class='ocrx_word' id='word_1_35' title='bbox 373 758 479 837; x_wconf 90' lang='lat' dir='ltr'><strong>utique</strong></span> <span class='ocrx_word' id='word_1_36' title='bbox 500 756 657 817; x_wconf 88' lang='lat' dir='ltr'><strong>notionem</strong></span> <span class='ocrx_word' id='word_1_37' title='bbox 679 753 770 813; x_wconf 90' lang='lat' dir='ltr'><strong>unius</strong></span> <span class='ocrx_word' id='word_1_38' title='bbox 784 753 837 811; x_wconf 68' lang='grc' dir='ltr'><strong>ιιι·</strong></span> <span class='ocrx_word' id='word_1_39' title='bbox 888 753 1067 829; x_wconf 84' lang='lat' dir='ltr'><strong>honitatem,</strong></span> <span class='ocrx_word' id='word_1_40' title='bbox 1090 754 1282 835; x_wconf 87' lang='lat' dir='ltr'><strong>sapientiam,</strong></span> <span class='ocrx_word' id='word_1_41' title='bbox 1307 757 1451 818; x_wconf 84' lang='lat' dir='ltr'><strong>virtutem</strong></span> <span class='ocrx_word' id='word_1_42' title='bbox 1479 778 1514 819; x_wconf 91' lang='lat' dir='ltr'><strong>ac</strong></span> <span class='ocrx_word' id='word_1_43' title='bbox 1542 765 1661 836; x_wconf 77' lang='lat' dir='ltr'><strong>catera,</strong></span> 
     </span>
     <span class='ocr_line' id='line_1_5' title="bbox 81 846 1664 929; baseline -0.003 -11"><span class='ocrx_word' id='word_1_44' title='bbox 81 859 151 919; x_wconf 90' lang='lat' dir='ltr'><strong>cludi</strong></span> <span class='ocrx_word' id='word_1_45' title='bbox 162 857 193 916; x_wconf 92' lang='lat' dir='ltr'><strong>in</strong></span> <span class='ocrx_word' id='word_1_46' title='bbox 205 853 330 915; x_wconf 89' lang='lat' dir='ltr'><strong>notione</strong></span> <span class='ocrx_word' id='word_1_47' title='bbox 344 852 480 926; x_wconf 86' lang='lat' dir='ltr'><strong>alterius,</strong></span> <span class='ocrx_word' id='word_1_48' title='bbox 495 850 539 910; x_wconf 89' lang='lat' dir='ltr'><strong>sic</strong></span> <span class='ocrx_word' id='word_1_49' title='bbox 552 854 586 909; x_wconf 86' lang='lat' dir='ltr'><strong>ut</strong></span> <span class='ocrx_word' id='word_1_50' title='bbox 599 847 738 908; x_wconf 84' lang='lat' dir='ltr'><strong>distincte</strong></span> <span class='ocrx_word' id='word_1_51' title='bbox 758 846 837 906; x_wconf 81' lang='lat' dir='ltr'><strong>alte·</strong></span> <span class='ocrx_word' id='word_1_52' title='bbox 889 865 958 926; x_wconf 83' lang='lat' dir='ltr'><strong>quae</strong></span> <span class='ocrx_word' id='word_1_53' title='bbox 977 849 1011 909; x_wconf 90' lang='lat' dir='ltr'><strong>in</strong></span> <span class='ocrx_word' id='word_1_54' title='bbox 1029 867 1115 909; x_wconf 89' lang='lat' dir='ltr'><strong>saera</strong></span> <span class='ocrx_word' id='word_1_55' title='bbox 1129 849 1285 929; x_wconf 73' lang='lat' dir='ltr'>Scriptura</span> <span class='ocrx_word' id='word_1_56' title='bbox 1305 853 1664 914; x_wconf 75' lang='lat' dir='ltr'><strong>mem01·ant1u⁰.»lnsi-</strong></span> 
     </span>
     <span class='ocr_line' id='line_1_6' title="bbox 80 940 1664 1022; baseline -0.003 -10"><span class='ocrx_word' id='word_1_57' title='bbox 80 969 137 1013; x_wconf 85' lang='lat' dir='ltr'><strong>ram</strong></span> <span class='ocrx_word' id='word_1_58' title='bbox 156 949 249 1009; x_wconf 83' lang='lat' dir='ltr'><strong>alteru</strong></span> <span class='ocrx_word' id='word_1_59' title='bbox 271 946 434 1006; x_wconf 84' lang='lat' dir='ltr'><strong>contineat.</strong></span> <span class='ocrx_word' id='word_1_60' title='bbox 460 942 725 1017; x_wconf 79' lang='lat' dir='ltr'><strong>Quemadmodum</strong></span> <span class='ocrx_word' id='word_1_61' title='bbox 752 940 836 1001; x_wconf 84' lang='lat' dir='ltr'><strong>notio</strong></span> <span class='ocrx_word' id='word_1_62' title='bbox 888 941 957 1020; x_wconf 78' lang='lat' dir='ltr'><strong>gnis</strong></span> <span class='ocrx_word' id='word_1_63' title='bbox 970 941 1153 1021; x_wconf 84' lang='lat' dir='ltr'><strong>planeetad</strong></span> <span class='ocrx_word' id='word_1_64' title='bbox 1169 942 1202 1001; x_wconf 94' lang='lat' dir='ltr'><strong>id</strong></span> <span class='ocrx_word' id='word_1_65' title='bbox 1215 943 1298 1022; x_wconf 88' lang='lat' dir='ltr'><strong>quod</strong></span> <span class='ocrx_word' id='word_1_66' title='bbox 1313 944 1664 1022; x_wconf 76' lang='lat' dir='ltr'><strong>querimus,dneruss1</strong></span> 
     </span>
     <span class='ocr_line' id='line_1_7' title="bbox 82 1033 1664 1115; baseline -0.004 -9"><span class='ocrx_word' id='word_1_67' title='bbox 82 1044 148 1105; x_wconf 83' lang='lat' dir='ltr'><strong>Petri</strong></span> <span class='ocrx_word' id='word_1_68' title='bbox 165 1039 314 1102; x_wconf 82' lang='lat' dir='ltr'><strong>vocabulo</strong></span> <span class='ocrx_word' id='word_1_69' title='bbox 327 1038 477 1115; x_wconf 83' lang='lat' dir='ltr'><strong>subjecta,</strong></span> <span class='ocrx_word' id='word_1_70' title='bbox 491 1036 599 1097; x_wconf 80' lang='lat' dir='ltr'><strong>ecdem</strong></span> <span class='ocrx_word' id='word_1_71' title='bbox 610 1041 656 1095; x_wconf 87' lang='lat' dir='ltr'><strong>est</strong></span> <span class='ocrx_word' id='word_1_72' title='bbox 670 1052 766 1114; x_wconf 88' lang='lat' dir='ltr'><strong>quam</strong></span> <span class='ocrx_word' id='word_1_73' title='bbox 781 1033 837 1093; x_wconf 87' lang='lat' dir='ltr'><strong>Ce-</strong></span> <span class='ocrx_word' id='word_1_74' title='bbox 888 1052 958 1095; x_wconf 90' lang='lat' dir='ltr'><strong>mus</strong></span> <span class='ocrx_word' id='word_1_75' title='bbox 972 1034 1022 1095; x_wconf 90' lang='lat' dir='ltr'><strong>hic</strong></span> <span class='ocrx_word' id='word_1_76' title='bbox 1035 1036 1132 1109; x_wconf 89' lang='lat' dir='ltr'><strong>locus,</strong></span> <span class='ocrx_word' id='word_1_77' title='bbox 1145 1054 1184 1096; x_wconf 86' lang='lat' dir='ltr'><strong>ex</strong></span> <span class='ocrx_word' id='word_1_78' title='bbox 1202 1054 1265 1115; x_wconf 91' lang='lat' dir='ltr'><strong>quo</strong></span> <span class='ocrx_word' id='word_1_79' title='bbox 1280 1036 1409 1097; x_wconf 76' lang='lat' dir='ltr'><strong>efficiteu</strong></span> <span class='ocrx_word' id='word_1_80' title='bbox 1421 1039 1554 1099; x_wconf 88' lang='lat' dir='ltr'><strong>nominis</strong></span> <span class='ocrx_word' id='word_1_81' title='bbox 1573 1039 1664 1100; x_wconf 91' lang='lat' dir='ltr'><strong>unius</strong></span> 
     </span>
     <span class='ocr_line' id='line_1_8' title="bbox 81 1125 1665 1219; baseline -0.003 -22"><span class='ocrx_word' id='word_1_82' title='bbox 81 1138 148 1219; x_wconf 72' lang='lat' dir='ltr'><strong>phar,</strong></span> <span class='ocrx_word' id='word_1_83' title='bbox 158 1134 204 1195; x_wconf 84' lang='lat' dir='ltr'><strong>rel</strong></span> <span class='ocrx_word' id='word_1_84' title='bbox 212 1132 346 1194; x_wconf 88' lang='lat' dir='ltr'><strong>Simonis</strong></span> <span class='ocrx_word' id='word_1_85' title='bbox 359 1129 547 1191; x_wconf 84' lang='lat' dir='ltr'><strong>vocabulum</strong></span> <span class='ocrx_word' id='word_1_86' title='bbox 561 1126 695 1188; x_wconf 85' lang='lat' dir='ltr'><strong>exhibet.</strong></span> <span class='ocrx_word' id='word_1_87' title='bbox 706 1127 746 1187; x_wconf 80' lang='lat' dir='ltr'><strong>at</strong></span> <span class='ocrx_word' id='word_1_88' title='bbox 759 1125 836 1186; x_wconf 91' lang='lat' dir='ltr'><strong>stul·</strong></span> <span class='ocrx_word' id='word_1_89' title='bbox 889 1129 1056 1202; x_wconf 85' lang='lat' dir='ltr'><strong>notionem,</strong></span> <span class='ocrx_word' id='word_1_90' title='bbox 1080 1146 1173 1207; x_wconf 87' lang='lat' dir='ltr'><strong>quem</strong></span> <span class='ocrx_word' id='word_1_91' title='bbox 1195 1128 1289 1207; x_wconf 80' lang='lat' dir='ltr'><strong>vulgo</strong></span> <span class='ocrx_word' id='word_1_92' title='bbox 1310 1138 1475 1210; x_wconf 72' lang='lat' dir='ltr'><strong>occeptum</strong></span> <span class='ocrx_word' id='word_1_93' title='bbox 1499 1131 1531 1190; x_wconf 94' lang='lat' dir='ltr'><strong>in</strong></span> <span class='ocrx_word' id='word_1_94' title='bbox 1552 1132 1665 1193; x_wconf 87' lang='lat' dir='ltr'><strong>scholis</strong></span> 
     </span>
     <span class='ocr_line' id='line_1_9' title="bbox 79 1220 1661 1303; baseline -0.003 -12"><span class='ocrx_word' id='word_1_95' title='bbox 79 1240 134 1292; x_wconf 84' lang='lat' dir='ltr'><strong>turn</strong></span> <span class='ocrx_word' id='word_1_96' title='bbox 143 1235 194 1303; x_wconf 89' lang='lat' dir='ltr'><strong>est,</strong></span> <span class='ocrx_word' id='word_1_97' title='bbox 204 1232 327 1287; x_wconf 86' lang='lat' dir='ltr'><strong>auctore</strong></span> <span class='ocrx_word' id='word_1_98' title='bbox 336 1224 457 1299; x_wconf 88' lang='lat' dir='ltr'><strong>Basilio,</strong></span> <span class='ocrx_word' id='word_1_99' title='bbox 469 1241 541 1283; x_wconf 90' lang='lat' dir='ltr'><strong>cum</strong></span> <span class='ocrx_word' id='word_1_100' title='bbox 550 1220 836 1301; x_wconf 85' lang='lat' dir='ltr'><strong>Deisimplieitatem</strong></span> <span class='ocrx_word' id='word_1_101' title='bbox 889 1221 1055 1301; x_wconf 83' lang='lat' dir='ltr'><strong>appellant,</strong></span> <span class='ocrx_word' id='word_1_102' title='bbox 1072 1239 1135 1281; x_wconf 91' lang='lat' dir='ltr'><strong>non</strong></span> <span class='ocrx_word' id='word_1_103' title='bbox 1152 1222 1195 1281; x_wconf 89' lang='lat' dir='ltr'><strong>sie</strong></span> <span class='ocrx_word' id='word_1_104' title='bbox 1211 1222 1328 1283; x_wconf 86' lang='lat' dir='ltr'><strong>includi</strong></span> <span class='ocrx_word' id='word_1_105' title='bbox 1339 1223 1372 1282; x_wconf 90' lang='lat' dir='ltr'><strong>iu</strong></span> <span class='ocrx_word' id='word_1_106' title='bbox 1389 1223 1514 1284; x_wconf 89' lang='lat' dir='ltr'><strong>alterius</strong></span> <span class='ocrx_word' id='word_1_107' title='bbox 1526 1226 1661 1303; x_wconf 88' lang='lat' dir='ltr'><strong>notione,</strong></span> 
     </span>
     <span class='ocr_line' id='line_1_10' title="bbox 79 1315 1664 1397; baseline -0.003 -13"><span class='ocrx_word' id='word_1_108' title='bbox 79 1324 214 1395; x_wconf 86' lang='lat' dir='ltr'><strong>cudimus,</strong></span> <span class='ocrx_word' id='word_1_109' title='bbox 235 1318 370 1397; x_wconf 86' lang='lat' dir='ltr'><strong>exempli</strong></span> <span class='ocrx_word' id='word_1_110' title='bbox 384 1318 492 1396; x_wconf 80' lang='lat' dir='ltr'><strong>gratia,</strong></span> <span class='ocrx_word' id='word_1_111' title='bbox 512 1317 613 1376; x_wconf 80' lang='lat' dir='ltr'><strong>dicere</strong></span> <span class='ocrx_word' id='word_1_112' title='bbox 626 1334 683 1375; x_wconf 90' lang='lat' dir='ltr'><strong>nos</strong></span> <span class='ocrx_word' id='word_1_113' title='bbox 697 1315 836 1392; x_wconf 86' lang='lat' dir='ltr'><strong>ejusdem</strong></span> <span class='ocrx_word' id='word_1_114' title='bbox 890 1319 923 1373; x_wconf 91' lang='lat' dir='ltr'><strong>ut</strong></span> <span class='ocrx_word' id='word_1_115' title='bbox 935 1332 996 1373; x_wconf 89' lang='lat' dir='ltr'><strong>uno</strong></span> <span class='ocrx_word' id='word_1_116' title='bbox 1008 1315 1204 1393; x_wconf 88' lang='lat' dir='ltr'><strong>pronuntiato</strong></span> <span class='ocrx_word' id='word_1_117' title='bbox 1219 1315 1407 1394; x_wconf 80' lang='lat' dir='ltr'><strong>intelligutur</strong></span> <span class='ocrx_word' id='word_1_118' title='bbox 1417 1316 1559 1378; x_wconf 86' lang='lat' dir='ltr'><strong>alterum.</strong></span> <span class='ocrx_word' id='word_1_119' title='bbox 1576 1319 1664 1392; x_wconf 90' lang='lat' dir='ltr'><strong>Quod</strong></span> 
     </span>
     <span class='ocr_line' id='line_1_11' title="bbox 79 1406 1664 1495; baseline 0 -23"><span class='ocrx_word' id='word_1_120' title='bbox 79 1417 194 1495; x_wconf 74' lang='lat' dir='ltr'><strong>cogitare</strong></span> <span class='ocrx_word' id='word_1_121' title='bbox 207 1412 388 1493; x_wconf 87' lang='lat' dir='ltr'><strong>potentiam,</strong></span> <span class='ocrx_word' id='word_1_122' title='bbox 404 1409 527 1490; x_wconf 91' lang='lat' dir='ltr'><strong>propria</strong></span> <span class='ocrx_word' id='word_1_123' title='bbox 541 1409 689 1487; x_wconf 85' lang='lat' dir='ltr'><strong>cujusque</strong></span> <span class='ocrx_word' id='word_1_124' title='bbox 703 1406 836 1467; x_wconf 91' lang='lat' dir='ltr'><strong>nominis</strong></span> <span class='ocrx_word' id='word_1_125' title='bbox 888 1412 992 1466; x_wconf 86' lang='lat' dir='ltr'><strong>tamen</strong></span> <span class='ocrx_word' id='word_1_126' title='bbox 1013 1426 1052 1466; x_wconf 81' lang='lat' dir='ltr'><strong>ex</strong></span> <span class='ocrx_word' id='word_1_127' title='bbox 1072 1407 1197 1467; x_wconf 87' lang='lat' dir='ltr'><strong>illorum</strong></span> <span class='ocrx_word' id='word_1_128' title='bbox 1218 1408 1361 1487; x_wconf 90' lang='lat' dir='ltr'><strong>opinione</strong></span> <span class='ocrx_word' id='word_1_129' title='bbox 1380 1412 1577 1490; x_wconf 75' lang='lat' dir='ltr'><strong>consequitur</strong></span> <span class='ocrx_word' id='word_1_130' title='bbox 1600 1431 1664 1473; x_wconf 91' lang='lat' dir='ltr'><strong>non</strong></span> 
     </span>
    </p>
   </div>
   <div class='ocr_carea' id='block_1_3' title="bbox 73 1502 836 3172">
    <p class='ocr_par' dir='ltr' id='par_1_3' title="bbox 73 1502 836 3172">
     <span class='ocr_line' id='line_1_12' title="bbox 79 1502 833 1587; baseline -0.009 -19"><span class='ocrx_word' id='word_1_131' title='bbox 79 1507 278 1587; x_wconf 74' lang='lat' dir='ltr'><strong>signiticmione</strong></span> <span class='ocrx_word' id='word_1_132' title='bbox 298 1506 445 1577; x_wconf 87' lang='lat' dir='ltr'><strong>detracta,</strong></span> <span class='ocrx_word' id='word_1_133' title='bbox 463 1503 547 1582; x_wconf 91' lang='lat' dir='ltr'><strong>quod</strong></span> <span class='ocrx_word' id='word_1_134' title='bbox 567 1508 672 1562; x_wconf 86' lang='lat' dir='ltr'><strong>tamen</strong></span> <span class='ocrx_word' id='word_1_135' title='bbox 693 1502 833 1576; x_wconf 84' lang='lat' dir='ltr'><strong>facimus,</strong></span> 
     </span>
     <span class='ocr_line' id='line_1_13' title="bbox 79 1594 833 1661; baseline -0.005 0"><span class='ocrx_word' id='word_1_136' title='bbox 79 1604 100 1661; x_wconf 85' lang='lat' dir='ltr'><strong>si</strong></span> <span class='ocrx_word' id='word_1_137' title='bbox 111 1601 191 1661; x_wconf 83' lang='lat' dir='ltr'><strong>unius</strong></span> <span class='ocrx_word' id='word_1_138' title='bbox 211 1599 297 1658; x_wconf 87' lang='lat' dir='ltr'><strong>notio</strong></span> <span class='ocrx_word' id='word_1_139' title='bbox 316 1598 356 1658; x_wconf 88' lang='lat' dir='ltr'><strong>ah</strong></span> <span class='ocrx_word' id='word_1_140' title='bbox 376 1597 499 1658; x_wconf 90' lang='lat' dir='ltr'><strong>notione</strong></span> <span class='ocrx_word' id='word_1_141' title='bbox 514 1595 638 1656; x_wconf 91' lang='lat' dir='ltr'><strong>alterius</strong></span> <span class='ocrx_word' id='word_1_142' title='bbox 655 1612 719 1655; x_wconf 89' lang='lat' dir='ltr'><strong>non</strong></span> <span class='ocrx_word' id='word_1_143' title='bbox 732 1594 833 1657; x_wconf 76' lang='lat' dir='ltr'><strong>distm.</strong></span> 
     </span>
     <span class='ocr_line' id='line_1_14' title="bbox 79 1686 833 1767; baseline -0.012 -12"><span class='ocrx_word' id='word_1_144' title='bbox 79 1696 123 1755; x_wconf 86' lang='lat' dir='ltr'><strong>Fst</strong></span> <span class='ocrx_word' id='word_1_145' title='bbox 134 1693 210 1753; x_wconf 90' lang='lat' dir='ltr'><strong>enim</strong></span> <span class='ocrx_word' id='word_1_146' title='bbox 226 1693 314 1751; x_wconf 89' lang='lat' dir='ltr'><strong>notio</strong></span> <span class='ocrx_word' id='word_1_147' title='bbox 327 1690 407 1751; x_wconf 89' lang='lat' dir='ltr'><strong>nihil</strong></span> <span class='ocrx_word' id='word_1_148' title='bbox 426 1688 510 1749; x_wconf 90' lang='lat' dir='ltr'><strong>aliud</strong></span> <span class='ocrx_word' id='word_1_149' title='bbox 527 1706 623 1767; x_wconf 92' lang='lat' dir='ltr'><strong>quam</strong></span> <span class='ocrx_word' id='word_1_150' title='bbox 641 1686 833 1765; x_wconf 78' lang='lat' dir='ltr'><strong>significatio,</strong></span> 
     </span>
     <span class='ocr_line' id='line_1_15' title="bbox 78 1778 835 1864; baseline -0.011 -17"><span class='ocrx_word' id='word_1_151' title='bbox 78 1788 161 1847; x_wconf 73' lang='lat' dir='ltr'><strong>velr&#39;o</strong></span> <span class='ocrx_word' id='word_1_152' title='bbox 178 1782 381 1864; x_wconf 77' lang='grc' dir='ltr'>σημαινόμενον.</span> <span class='ocrx_word' id='word_1_153' title='bbox 396 1786 472 1843; x_wconf 81' lang='lat' dir='ltr'><strong>Sunt</strong></span> <span class='ocrx_word' id='word_1_154' title='bbox 487 1788 592 1842; x_wconf 74' lang='lat' dir='ltr'><strong>atatem</strong></span> <span class='ocrx_word' id='word_1_155' title='bbox 604 1778 639 1840; x_wconf 83' lang='grc' dir='ltr'><strong>τίι</strong></span> <span class='ocrx_word' id='word_1_156' title='bbox 653 1779 835 1861; x_wconf 77' lang='grc' dir='ltr'>σημαινόμενα</span> 
     </span>
     <span class='ocr_line' id='line_1_16' title="bbox 77 1874 836 1954; baseline -0.009 -13"><span class='ocrx_word' id='word_1_157' title='bbox 77 1881 220 1941; x_wconf 84' lang='grc' dir='ltr'><strong>ιοιιιίιιιιιιι</strong></span> <span class='ocrx_word' id='word_1_158' title='bbox 239 1878 374 1952; x_wconf 84' lang='lat' dir='ltr'><strong>diversa,</strong></span> <span class='ocrx_word' id='word_1_159' title='bbox 395 1874 569 1954; x_wconf 69' lang='lat' dir='ltr'><strong>eujusmodi</strong></span> <span class='ocrx_word' id='word_1_160' title='bbox 584 1892 649 1934; x_wconf 90' lang='lat' dir='ltr'><strong>uon</strong></span> <span class='ocrx_word' id='word_1_161' title='bbox 665 1878 747 1947; x_wconf 88' lang='lat' dir='ltr'><strong>sunt,</strong></span> <span class='ocrx_word' id='word_1_162' title='bbox 763 1875 836 1934; x_wconf 89' lang='lat' dir='ltr'><strong>siin</strong></span> 
     </span>
     <span class='ocr_line' id='line_1_17' title="bbox 78 1965 832 2045; baseline -0.007 -12"><span class='ocrx_word' id='word_1_163' title='bbox 78 1973 158 2033; x_wconf 83' lang='lat' dir='ltr'><strong>altero</strong></span> <span class='ocrx_word' id='word_1_164' title='bbox 181 1970 349 2032; x_wconf 81' lang='lat' dir='ltr'><strong>involvitur</strong></span> <span class='ocrx_word' id='word_1_165' title='bbox 369 1968 512 2042; x_wconf 89' lang='lat' dir='ltr'><strong>alterum,</strong></span> <span class='ocrx_word' id='word_1_166' title='bbox 535 1984 599 2027; x_wconf 91' lang='lat' dir='ltr'><strong>non</strong></span> <span class='ocrx_word' id='word_1_167' title='bbox 625 1983 664 2026; x_wconf 84' lang='lat' dir='ltr'><strong>ex</strong></span> <span class='ocrx_word' id='word_1_168' title='bbox 694 1965 832 2045; x_wconf 88' lang='lat' dir='ltr'><strong>obliquo.</strong></span> 
     </span>
     <span class='ocr_line' id='line_1_18' title="bbox 78 2058 834 2145; baseline -0.008 -19"><span class='ocrx_word' id='word_1_169' title='bbox 78 2068 168 2145; x_wconf 80' lang='lat' dir='ltr'><strong>Neque</strong></span> <span class='ocrx_word' id='word_1_170' title='bbox 180 2065 262 2124; x_wconf 88' lang='lat' dir='ltr'><strong>euim</strong></span> <span class='ocrx_word' id='word_1_171' title='bbox 276 2063 338 2123; x_wconf 90' lang='lat' dir='ltr'><strong>hoc</strong></span> <span class='ocrx_word' id='word_1_172' title='bbox 353 2060 417 2122; x_wconf 91' lang='lat' dir='ltr'><strong>solo</strong></span> <span class='ocrx_word' id='word_1_173' title='bbox 429 2059 564 2121; x_wconf 88' lang='lat' dir='ltr'><strong>contenti</strong></span> <span class='ocrx_word' id='word_1_174' title='bbox 577 2076 641 2119; x_wconf 91' lang='lat' dir='ltr'><strong>esse</strong></span> <span class='ocrx_word' id='word_1_175' title='bbox 657 2058 769 2119; x_wconf 88' lang='lat' dir='ltr'><strong>debent</strong></span> <span class='ocrx_word' id='word_1_176' title='bbox 780 2060 834 2139; x_wconf 89' lang='lat' dir='ltr'><strong>qui</strong></span> 
     </span>
     <span class='ocr_line' id='line_1_19' title="bbox 79 2151 836 2237; baseline -0.008 -18"><span class='ocrx_word' id='word_1_177' title='bbox 79 2161 113 2219; x_wconf 87' lang='lat' dir='ltr'><strong>sie</strong></span> <span class='ocrx_word' id='word_1_178' title='bbox 130 2159 307 2237; x_wconf 89' lang='lat' dir='ltr'><strong>loquuntur,</strong></span> <span class='ocrx_word' id='word_1_179' title='bbox 331 2173 403 2215; x_wconf 89' lang='lat' dir='ltr'><strong>eum</strong></span> <span class='ocrx_word' id='word_1_180' title='bbox 425 2159 512 2213; x_wconf 79' lang='lat' dir='ltr'><strong>extra</strong></span> <span class='ocrx_word' id='word_1_181' title='bbox 535 2151 774 2212; x_wconf 89' lang='lat' dir='ltr'><strong>controversiam</strong></span> <span class='ocrx_word' id='word_1_182' title='bbox 796 2152 836 2213; x_wconf 89' lang='lat' dir='ltr'><strong>sit</strong></span> 
     </span>
     <span class='ocr_line' id='line_1_20' title="bbox 77 2244 835 2331; baseline -0.011 -20"><span class='ocrx_word' id='word_1_183' title='bbox 77 2252 203 2331; x_wconf 82' lang='lat' dir='ltr'><strong>pleraque</strong></span> <span class='ocrx_word' id='word_1_184' title='bbox 217 2249 314 2309; x_wconf 88' lang='lat' dir='ltr'><strong>etiam</strong></span> <span class='ocrx_word' id='word_1_185' title='bbox 327 2247 453 2307; x_wconf 91' lang='lat' dir='ltr'><strong>illorum</strong></span> <span class='ocrx_word' id='word_1_186' title='bbox 467 2263 537 2325; x_wconf 87' lang='lat' dir='ltr'><strong>quse</strong></span> <span class='ocrx_word' id='word_1_187' title='bbox 554 2246 654 2324; x_wconf 89' lang='lat' dir='ltr'><strong>reipsa</strong></span> <span class='ocrx_word' id='word_1_188' title='bbox 673 2249 703 2304; x_wconf 86' lang='lat' dir='ltr'><strong>ct</strong></span> <span class='ocrx_word' id='word_1_189' title='bbox 715 2248 754 2327; x_wconf 80' lang='grc' dir='ltr'><strong>τῷ</strong></span> <span class='ocrx_word' id='word_1_190' title='bbox 767 2244 835 2326; x_wconf 76' lang='grc' dir='ltr'>πρά-</span> 
     </span>
     <span class='ocr_line' id='line_1_21' title="bbox 75 2338 833 2424; baseline -0.005 -19"><span class='ocrx_word' id='word_1_191' title='bbox 75 2369 145 2424; x_wconf 73' lang='grc' dir='ltr'>γματι</span> <span class='ocrx_word' id='word_1_192' title='bbox 160 2344 300 2404; x_wconf 83' lang='lat' dir='ltr'><strong>distincta</strong></span> <span class='ocrx_word' id='word_1_193' title='bbox 320 2346 402 2414; x_wconf 89' lang='lat' dir='ltr'><strong>sunt,</strong></span> <span class='ocrx_word' id='word_1_194' title='bbox 417 2340 450 2399; x_wconf 90' lang='lat' dir='ltr'><strong>in</strong></span> <span class='ocrx_word' id='word_1_195' title='bbox 471 2339 539 2399; x_wconf 88' lang='lat' dir='ltr'><strong>aliis</strong></span> <span class='ocrx_word' id='word_1_196' title='bbox 555 2338 682 2415; x_wconf 86' lang='lat' dir='ltr'><strong>involvi,</strong></span> <span class='ocrx_word' id='word_1_197' title='bbox 697 2357 754 2399; x_wconf 90' lang='lat' dir='ltr'><strong>nec</strong></span> <span class='ocrx_word' id='word_1_198' title='bbox 769 2339 833 2401; x_wconf 87' lang='lat' dir='ltr'><strong>sine</strong></span> 
     </span>
     <span class='ocr_line' id='line_1_22' title="bbox 75 2431 833 2515; baseline -0.008 -18"><span class='ocrx_word' id='word_1_199' title='bbox 75 2439 104 2497; x_wconf 81' lang='lat' dir='ltr'><strong>iis</strong></span> <span class='ocrx_word' id='word_1_200' title='bbox 112 2437 239 2497; x_wconf 62' lang='lat' dir='ltr'><strong>dnincte</strong></span> <span class='ocrx_word' id='word_1_201' title='bbox 248 2434 380 2515; x_wconf 86' lang='lat' dir='ltr'><strong>percipi,</strong></span> <span class='ocrx_word' id='word_1_202' title='bbox 395 2432 440 2493; x_wconf 91' lang='lat' dir='ltr'><strong>uti</strong></span> <span class='ocrx_word' id='word_1_203' title='bbox 449 2450 519 2511; x_wconf 87' lang='lat' dir='ltr'><strong>quae</strong></span> <span class='ocrx_word' id='word_1_204' title='bbox 531 2431 711 2492; x_wconf 81' lang='lat' dir='ltr'><strong>adinvicem</strong></span> <span class='ocrx_word' id='word_1_205' title='bbox 724 2432 833 2492; x_wconf 91' lang='lat' dir='ltr'><strong>dieun-</strong></span> 
     </span>
     <span class='ocr_line' id='line_1_23' title="bbox 75 2523 831 2607; baseline -0.007 -16"><span class='ocrx_word' id='word_1_206' title='bbox 75 2538 126 2607; x_wconf 82' lang='lat' dir='ltr'><strong>tur,</strong></span> <span class='ocrx_word' id='word_1_207' title='bbox 136 2537 185 2591; x_wconf 83' lang='lat' dir='ltr'><strong>aut</strong></span> <span class='ocrx_word' id='word_1_208' title='bbox 195 2529 325 2590; x_wconf 84' lang='lat' dir='ltr'><strong>scientia</strong></span> <span class='ocrx_word' id='word_1_209' title='bbox 333 2527 360 2587; x_wconf 88' lang='lat' dir='ltr'><strong>si</strong></span> <span class='ocrx_word' id='word_1_210' title='bbox 369 2543 483 2586; x_wconf 89' lang='lat' dir='ltr'><strong>eumre</strong></span> <span class='ocrx_word' id='word_1_211' title='bbox 494 2523 616 2601; x_wconf 86' lang='lat' dir='ltr'><strong>objecta</strong></span> <span class='ocrx_word' id='word_1_212' title='bbox 626 2531 831 2604; x_wconf 77' lang='lat' dir='ltr'><strong>comparetur.</strong></span> 
     </span>
     <span class='ocr_line' id='line_1_24' title="bbox 76 2617 835 2700; baseline -0.004 -17"><span class='ocrx_word' id='word_1_213' title='bbox 76 2624 130 2696; x_wconf 88' lang='lat' dir='ltr'><strong>Quo</strong></span> <span class='ocrx_word' id='word_1_214' title='bbox 142 2624 228 2682; x_wconf 75' lang='lat' dir='ltr'><strong>edam</strong></span> <span class='ocrx_word' id='word_1_215' title='bbox 245 2621 342 2682; x_wconf 88' lang='lat' dir='ltr'><strong>modo</strong></span> <span class='ocrx_word' id='word_1_216' title='bbox 356 2618 502 2700; x_wconf 85' lang='lat' dir='ltr'><strong>potentia,</strong></span> <span class='ocrx_word' id='word_1_217' title='bbox 518 2617 567 2677; x_wconf 90' lang='lat' dir='ltr'><strong>vel</strong></span> <span class='ocrx_word' id='word_1_218' title='bbox 581 2617 705 2677; x_wconf 88' lang='lat' dir='ltr'><strong>scicntia</strong></span> <span class='ocrx_word' id='word_1_219' title='bbox 719 2619 784 2694; x_wconf 86' lang='lat' dir='ltr'><strong>Dei,</strong></span> <span class='ocrx_word' id='word_1_220' title='bbox 801 2624 835 2680; x_wconf 91' lang='lat' dir='ltr'><strong>ut</strong></span> 
     </span>
     <span class='ocr_line' id='line_1_25' title="bbox 75 2710 835 2795; baseline -0.003 -22"><span class='ocrx_word' id='word_1_221' title='bbox 75 2717 131 2793; x_wconf 73' lang='lat' dir='ltr'><strong>eius</strong></span> <span class='ocrx_word' id='word_1_222' title='bbox 142 2716 261 2795; x_wconf 86' lang='lat' dir='ltr'><strong>propria</strong></span> <span class='ocrx_word' id='word_1_223' title='bbox 277 2719 336 2787; x_wconf 85' lang='lat' dir='ltr'><strong>est,</strong></span> <span class='ocrx_word' id='word_1_224' title='bbox 351 2713 416 2772; x_wconf 91' lang='lat' dir='ltr'><strong>sine</strong></span> <span class='ocrx_word' id='word_1_225' title='bbox 435 2710 562 2771; x_wconf 86' lang='lat' dir='ltr'><strong>confusa</strong></span> <span class='ocrx_word' id='word_1_226' title='bbox 574 2710 682 2770; x_wconf 84' lang='lat' dir='ltr'><strong>saltem</strong></span> <span class='ocrx_word' id='word_1_227' title='bbox 697 2710 835 2771; x_wconf 85' lang='lat' dir='ltr'><strong>essentiae</strong></span> 
     </span>
     <span class='ocr_line' id='line_1_26' title="bbox 75 2805 836 2888; baseline -0.005 -20"><span class='ocrx_word' id='word_1_228' title='bbox 75 2809 165 2868; x_wconf 74' lang='lat' dir='ltr'><strong>notius</strong></span> <span class='ocrx_word' id='word_1_229' title='bbox 183 2805 406 2888; x_wconf 85' lang='lat' dir='ltr'><strong>comprehendi</strong></span> <span class='ocrx_word' id='word_1_230' title='bbox 429 2805 533 2864; x_wconf 88' lang='lat' dir='ltr'><strong>animo</strong></span> <span class='ocrx_word' id='word_1_231' title='bbox 555 2822 618 2864; x_wconf 91' lang='lat' dir='ltr'><strong>non</strong></span> <span class='ocrx_word' id='word_1_232' title='bbox 640 2810 749 2883; x_wconf 86' lang='lat' dir='ltr'><strong>potest.</strong></span> <span class='ocrx_word' id='word_1_233' title='bbox 775 2805 836 2864; x_wconf 88' lang='lat' dir='ltr'><strong>Sed</strong></span> 
     </span>
     <span class='ocr_line' id='line_1_27' title="bbox 75 2895 833 2982; baseline -0.009 -21"><span class='ocrx_word' id='word_1_234' title='bbox 75 2903 132 2961; x_wconf 88' lang='lat' dir='ltr'><strong>illos</strong></span> <span class='ocrx_word' id='word_1_235' title='bbox 150 2907 265 2982; x_wconf 81' lang='lat' dir='ltr'><strong>oportet</strong></span> <span class='ocrx_word' id='word_1_236' title='bbox 288 2900 329 2960; x_wconf 90' lang='lat' dir='ltr'><strong>de</strong></span> <span class='ocrx_word' id='word_1_237' title='bbox 347 2898 488 2959; x_wconf 71' lang='lat' dir='ltr'><strong>dumeta</strong></span> <span class='ocrx_word' id='word_1_238' title='bbox 499 2902 540 2972; x_wconf 90' lang='lat' dir='ltr'><strong>et,</strong></span> <span class='ocrx_word' id='word_1_239' title='bbox 563 2903 599 2956; x_wconf 90' lang='lat' dir='ltr'><strong>ut</strong></span> <span class='ocrx_word' id='word_1_240' title='bbox 617 2897 704 2976; x_wconf 88' lang='lat' dir='ltr'><strong>loqui</strong></span> <span class='ocrx_word' id='word_1_241' title='bbox 724 2895 833 2969; x_wconf 88' lang='lat' dir='ltr'><strong>solent,</strong></span> 
     </span>
     <span class='ocr_line' id='line_1_28' title="bbox 73 2989 829 3070; baseline -0.011 -16"><span class='ocrx_word' id='word_1_242' title='bbox 73 2995 179 3055; x_wconf 75' lang='lat' dir='ltr'><strong>formali</strong></span> <span class='ocrx_word' id='word_1_243' title='bbox 194 3014 228 3055; x_wconf 89' lang='lat' dir='ltr'><strong>ac</strong></span> <span class='ocrx_word' id='word_1_244' title='bbox 245 2994 367 3054; x_wconf 88' lang='lat' dir='ltr'><strong>directa</strong></span> <span class='ocrx_word' id='word_1_245' title='bbox 379 2991 503 3053; x_wconf 90' lang='lat' dir='ltr'><strong>notione</strong></span> <span class='ocrx_word' id='word_1_246' title='bbox 516 3007 618 3070; x_wconf 77' lang='lat' dir='ltr'><strong>agere,</strong></span> <span class='ocrx_word' id='word_1_247' title='bbox 635 3009 706 3051; x_wconf 90' lang='lat' dir='ltr'><strong>cum</strong></span> <span class='ocrx_word' id='word_1_248' title='bbox 725 2989 768 3049; x_wconf 88' lang='lat' dir='ltr'><strong>sic</strong></span> <span class='ocrx_word' id='word_1_249' title='bbox 780 2992 829 3052; x_wconf 94' lang='lat' dir='ltr'><strong>di.</strong></span> 
     </span>
     <span class='ocr_line' id='line_1_29' title="bbox 73 3084 835 3172; baseline -0.01 -23"><span class='ocrx_word' id='word_1_250' title='bbox 73 3098 147 3165; x_wconf 82' lang='lat' dir='ltr'><strong>eunt,</strong></span> <span class='ocrx_word' id='word_1_251' title='bbox 159 3112 174 3147; x_wconf 84' lang='lat' dir='ltr'><strong>e</strong></span> <span class='ocrx_word' id='word_1_252' title='bbox 186 3108 283 3150; x_wconf 77' lang='lat' dir='ltr'><strong>rmum</strong></span> <span class='ocrx_word' id='word_1_253' title='bbox 304 3086 497 3159; x_wconf 81' lang='lat' dir='ltr'><strong>attributum,</strong></span> <span class='ocrx_word' id='word_1_254' title='bbox 510 3090 545 3145; x_wconf 89' lang='lat' dir='ltr'><strong>ut</strong></span> <span class='ocrx_word' id='word_1_255' title='bbox 557 3103 576 3145; x_wconf 91' lang='lat' dir='ltr'><strong>a</strong></span> <span class='ocrx_word' id='word_1_256' title='bbox 588 3084 677 3145; x_wconf 90' lang='lat' dir='ltr'><strong>nobis</strong></span> <span class='ocrx_word' id='word_1_257' title='bbox 690 3087 835 3172; x_wconf 80' lang='lat' dir='ltr'><strong>intelligi.</strong></span> 
     </span>
    </p>
   </div>
   <div class='ocr_carea' id='block_1_4' title="bbox 887 1496 1665 3166">
    <p class='ocr_par' dir='ltr' id='par_1_4' title="bbox 887 1496 1665 2682">
     <span class='ocr_line' id='line_1_30' title="bbox 889 1496 1664 1579; baseline 0.012 -21"><span class='ocrx_word' id='word_1_258' title='bbox 889 1500 992 1575; x_wconf 87' lang='lat' dir='ltr'><strong>modo,</strong></span> <span class='ocrx_word' id='word_1_259' title='bbox 1010 1501 1064 1579; x_wconf 90' lang='lat' dir='ltr'><strong>qui</strong></span> <span class='ocrx_word' id='word_1_260' title='bbox 1084 1501 1156 1561; x_wconf 91' lang='lat' dir='ltr'><strong>solis</strong></span> <span class='ocrx_word' id='word_1_261' title='bbox 1173 1500 1296 1562; x_wconf 84' lang='lat' dir='ltr'><strong>differre</strong></span> <span class='ocrx_word' id='word_1_262' title='bbox 1319 1503 1495 1565; x_wconf 88' lang='lat' dir='ltr'><strong>nominihus</strong></span> <span class='ocrx_word' id='word_1_263' title='bbox 1516 1496 1575 1566; x_wconf 90' lang='lat' dir='ltr'><strong>ista</strong></span> <span class='ocrx_word' id='word_1_264' title='bbox 1596 1525 1664 1566; x_wconf 90' lang='lat' dir='ltr'><strong>sen-</strong></span> 
     </span>
     <span class='ocr_line' id='line_1_31' title="bbox 888 1593 1663 1674; baseline 0.012 -23"><span class='ocrx_word' id='word_1_265' title='bbox 888 1593 979 1667; x_wconf 88' lang='lat' dir='ltr'><strong>tiunt,</strong></span> <span class='ocrx_word' id='word_1_266' title='bbox 991 1593 1146 1654; x_wconf 83' lang='lat' dir='ltr'><strong>sedetiam</strong></span> <span class='ocrx_word' id='word_1_267' title='bbox 1160 1596 1215 1674; x_wconf 93' lang='lat' dir='ltr'><strong>qui</strong></span> <span class='ocrx_word' id='word_1_268' title='bbox 1224 1595 1377 1673; x_wconf 86' lang='lat' dir='ltr'><strong>subjectas</strong></span> <span class='ocrx_word' id='word_1_269' title='bbox 1388 1597 1514 1658; x_wconf 87' lang='lat' dir='ltr'><strong>vocibus</strong></span> <span class='ocrx_word' id='word_1_270' title='bbox 1524 1600 1663 1661; x_wconf 90' lang='lat' dir='ltr'><strong>notiones</strong></span> 
     </span>
     <span class='ocr_line' id='line_1_32' title="bbox 888 1685 1664 1771; baseline 0.013 -27"><span class='ocrx_word' id='word_1_271' title='bbox 888 1685 1019 1746; x_wconf 85' lang='lat' dir='ltr'><strong>invicem</strong></span> <span class='ocrx_word' id='word_1_272' title='bbox 1029 1688 1178 1748; x_wconf 82' lang='lat' dir='ltr'><strong>contineri</strong></span> <span class='ocrx_word' id='word_1_273' title='bbox 1186 1693 1306 1768; x_wconf 81' lang='lat' dir='ltr'><strong>putant.</strong></span> <span class='ocrx_word' id='word_1_274' title='bbox 1319 1689 1437 1770; x_wconf 88' lang='lat' dir='ltr'><strong>Quippe</strong></span> <span class='ocrx_word' id='word_1_275' title='bbox 1448 1691 1474 1750; x_wconf 90' lang='lat' dir='ltr'><strong>si</strong></span> <span class='ocrx_word' id='word_1_276' title='bbox 1483 1692 1516 1750; x_wconf 91' lang='lat' dir='ltr'><strong>in</strong></span> <span class='ocrx_word' id='word_1_277' title='bbox 1529 1709 1566 1752; x_wconf 92' lang='lat' dir='ltr'><strong>eo</strong></span> <span class='ocrx_word' id='word_1_278' title='bbox 1579 1693 1664 1771; x_wconf 90' lang='lat' dir='ltr'><strong>quod</strong></span> 
     </span>
     <span class='ocr_line' id='line_1_33' title="bbox 889 1778 1663 1864; baseline 0.012 -26"><span class='ocrx_word' id='word_1_279' title='bbox 889 1778 1041 1857; x_wconf 82' lang='lat' dir='ltr'><strong>significat</strong></span> <span class='ocrx_word' id='word_1_280' title='bbox 1052 1781 1106 1840; x_wconf 88' lang='lat' dir='ltr'><strong>Dei</strong></span> <span class='ocrx_word' id='word_1_281' title='bbox 1124 1799 1249 1855; x_wconf 90' lang='lat' dir='ltr'><strong>nomen,</strong></span> <span class='ocrx_word' id='word_1_282' title='bbox 1264 1782 1436 1842; x_wconf 76' lang='lat' dir='ltr'><strong>involutum</strong></span> <span class='ocrx_word' id='word_1_283' title='bbox 1455 1784 1663 1864; x_wconf 84' lang='lat' dir='ltr'><strong>implicatum·</strong></span> 
     </span>
     <span class='ocr_line' id='line_1_34' title="bbox 888 1874 1665 1955; baseline 0.014 -24"><span class='ocrx_word' id='word_1_284' title='bbox 888 1890 949 1950; x_wconf 89' lang='lat' dir='ltr'><strong>que</strong></span> <span class='ocrx_word' id='word_1_285' title='bbox 961 1874 1048 1933; x_wconf 88' lang='lat' dir='ltr'><strong>estid</strong></span> <span class='ocrx_word' id='word_1_286' title='bbox 1059 1875 1143 1953; x_wconf 88' lang='lat' dir='ltr'><strong>quod</strong></span> <span class='ocrx_word' id='word_1_287' title='bbox 1156 1875 1251 1935; x_wconf 87' lang='lat' dir='ltr'><strong>Patris</strong></span> <span class='ocrx_word' id='word_1_288' title='bbox 1265 1894 1325 1935; x_wconf 84' lang='lat' dir='ltr'><strong>vox</strong></span> <span class='ocrx_word' id='word_1_289' title='bbox 1335 1876 1497 1955; x_wconf 79' lang='lat' dir='ltr'><strong>significat,</strong></span> <span class='ocrx_word' id='word_1_290' title='bbox 1513 1881 1665 1941; x_wconf 84' lang='lat' dir='ltr'><strong>autCrea·</strong></span> 
     </span>
     <span class='ocr_line' id='line_1_35' title="bbox 887 1966 1663 2049; baseline 0.01 -25"><span class='ocrx_word' id='word_1_291' title='bbox 887 1966 972 2039; x_wconf 89' lang='lat' dir='ltr'><strong>toris,</strong></span> <span class='ocrx_word' id='word_1_292' title='bbox 989 1984 1024 2026; x_wconf 91' lang='lat' dir='ltr'><strong>ac</strong></span> <span class='ocrx_word' id='word_1_293' title='bbox 1038 1967 1063 2025; x_wconf 91' lang='lat' dir='ltr'><strong>si</strong></span> <span class='ocrx_word' id='word_1_294' title='bbox 1076 1967 1110 2026; x_wconf 91' lang='lat' dir='ltr'><strong>in</strong></span> <span class='ocrx_word' id='word_1_295' title='bbox 1123 1967 1195 2042; x_wconf 89' lang='lat' dir='ltr'><strong>illis,</strong></span> <span class='ocrx_word' id='word_1_296' title='bbox 1210 1967 1341 2044; x_wconf 84' lang='lat' dir='ltr'><strong>bonitas,</strong></span> <span class='ocrx_word' id='word_1_297' title='bbox 1354 1970 1514 2048; x_wconf 85' lang='lat' dir='ltr'><strong>sapientia,</strong></span> <span class='ocrx_word' id='word_1_298' title='bbox 1530 1977 1663 2049; x_wconf 90' lang='lat' dir='ltr'><strong>potestas</strong></span> 
     </span>
     <span class='ocr_line' id='line_1_36' title="bbox 887 2056 1663 2142; baseline 0.012 -25"><span class='ocrx_word' id='word_1_299' title='bbox 887 2056 1065 2134; x_wconf 86' lang='lat' dir='ltr'><strong>includitur,</strong></span> <span class='ocrx_word' id='word_1_300' title='bbox 1081 2063 1124 2120; x_wconf 88' lang='lat' dir='ltr'><strong>sic</strong></span> <span class='ocrx_word' id='word_1_301' title='bbox 1142 2066 1177 2120; x_wconf 86' lang='lat' dir='ltr'><strong>ut</strong></span> <span class='ocrx_word' id='word_1_302' title='bbox 1192 2060 1304 2121; x_wconf 87' lang='lat' dir='ltr'><strong>directe</strong></span> <span class='ocrx_word' id='word_1_303' title='bbox 1318 2061 1529 2142; x_wconf 85' lang='lat' dir='ltr'><strong>explicatoque</strong></span> <span class='ocrx_word' id='word_1_304' title='bbox 1550 2065 1583 2124; x_wconf 91' lang='lat' dir='ltr'><strong>in</strong></span> <span class='ocrx_word' id='word_1_305' title='bbox 1597 2084 1663 2127; x_wconf 88' lang='lat' dir='ltr'><strong>sese</strong></span> 
     </span>
     <span class='ocr_line' id='line_1_37' title="bbox 887 2152 1662 2235; baseline 0.012 -25"><span class='ocrx_word' id='word_1_306' title='bbox 887 2157 996 2211; x_wconf 90' lang='lat' dir='ltr'><strong>mutuo</strong></span> <span class='ocrx_word' id='word_1_307' title='bbox 1013 2152 1314 2231; x_wconf 86' lang='lat' dir='ltr'><strong>comprehendantur</strong></span> <span class='ocrx_word' id='word_1_308' title='bbox 1330 2153 1398 2235; x_wconf 75' lang='lat' dir='ltr'><strong>(hoc</strong></span> <span class='ocrx_word' id='word_1_309' title='bbox 1420 2156 1503 2217; x_wconf 90' lang='lat' dir='ltr'><strong>enim</strong></span> <span class='ocrx_word' id='word_1_310' title='bbox 1523 2157 1602 2218; x_wconf 83' lang='lat' dir='ltr'><strong>velle</strong></span> <span class='ocrx_word' id='word_1_311' title='bbox 1620 2159 1662 2220; x_wconf 90' lang='lat' dir='ltr'><strong>is-</strong></span> 
     </span>
     <span class='ocr_line' id='line_1_38' title="bbox 887 2245 1661 2331; baseline 0.012 -27"><span class='ocrx_word' id='word_1_312' title='bbox 887 2250 944 2320; x_wconf 88' lang='lat' dir='ltr'><strong>tos,</strong></span> <span class='ocrx_word' id='word_1_313' title='bbox 957 2245 983 2305; x_wconf 92' lang='lat' dir='ltr'><strong>si</strong></span> <span class='ocrx_word' id='word_1_314' title='bbox 994 2251 1196 2306; x_wconf 86' lang='lat' dir='ltr'><strong>consentanee</strong></span> <span class='ocrx_word' id='word_1_315' title='bbox 1206 2246 1386 2325; x_wconf 89' lang='lat' dir='ltr'><strong>loquuntur,</strong></span> <span class='ocrx_word' id='word_1_316' title='bbox 1399 2254 1539 2327; x_wconf 86' lang='lat' dir='ltr'><strong>oportere</strong></span> <span class='ocrx_word' id='word_1_317' title='bbox 1548 2252 1661 2331; x_wconf 88' lang='lat' dir='ltr'><strong>docui),</strong></span> 
     </span>
     <span class='ocr_line' id='line_1_39' title="bbox 887 2338 1663 2420; baseline 0.01 -23"><span class='ocrx_word' id='word_1_318' title='bbox 887 2338 1022 2416; x_wconf 84' lang='lat' dir='ltr'><strong>profecto</strong></span> <span class='ocrx_word' id='word_1_319' title='bbox 1034 2358 1099 2399; x_wconf 91' lang='lat' dir='ltr'><strong>non</strong></span> <span class='ocrx_word' id='word_1_320' title='bbox 1112 2339 1197 2400; x_wconf 91' lang='lat' dir='ltr'><strong>deest</strong></span> <span class='ocrx_word' id='word_1_321' title='bbox 1211 2341 1307 2401; x_wconf 89' lang='lat' dir='ltr'><strong>Patris</strong></span> <span class='ocrx_word' id='word_1_322' title='bbox 1320 2341 1535 2420; x_wconf 80' lang='lat' dir='ltr'><strong>significationi</strong></span> <span class='ocrx_word' id='word_1_323' title='bbox 1549 2362 1586 2404; x_wconf 86' lang='lat' dir='ltr'><strong>ac</strong></span> <span class='ocrx_word' id='word_1_324' title='bbox 1605 2362 1663 2404; x_wconf 93' lang='lat' dir='ltr'><strong>no·</strong></span> 
     </span>
     <span class='ocr_line' id='line_1_40' title="bbox 887 2432 1663 2514; baseline 0.009 -24"><span class='ocrx_word' id='word_1_325' title='bbox 887 2432 974 2507; x_wconf 88' lang='lat' dir='ltr'><strong>tioni,</strong></span> <span class='ocrx_word' id='word_1_326' title='bbox 991 2433 1136 2493; x_wconf 87' lang='lat' dir='ltr'><strong>creatoris</strong></span> <span class='ocrx_word' id='word_1_327' title='bbox 1150 2434 1246 2508; x_wconf 85' lang='lat' dir='ltr'><strong>notio;</strong></span> <span class='ocrx_word' id='word_1_328' title='bbox 1266 2453 1368 2514; x_wconf 89' lang='lat' dir='ltr'><strong>neque</strong></span> <span class='ocrx_word' id='word_1_329' title='bbox 1382 2434 1528 2496; x_wconf 86' lang='lat' dir='ltr'><strong>bonitatis</strong></span> <span class='ocrx_word' id='word_1_330' title='bbox 1545 2435 1663 2514; x_wconf 77' lang='lat' dir='ltr'><strong>signifi·</strong></span> 
     </span>
     <span class='ocr_line' id='line_1_41' title="bbox 888 2524 1664 2606; baseline 0.008 -21"><span class='ocrx_word' id='word_1_331' title='bbox 888 2524 1011 2600; x_wconf 87' lang='lat' dir='ltr'><strong>cationi,</strong></span> <span class='ocrx_word' id='word_1_332' title='bbox 1037 2527 1194 2606; x_wconf 80' lang='lat' dir='ltr'><strong>sapientias</strong></span> <span class='ocrx_word' id='word_1_333' title='bbox 1225 2527 1416 2606; x_wconf 76' lang='lat' dir='ltr'><strong>significatio.</strong></span> <span class='ocrx_word' id='word_1_334' title='bbox 1445 2529 1532 2602; x_wconf 92' lang='lat' dir='ltr'><strong>Quod</strong></span> <span class='ocrx_word' id='word_1_335' title='bbox 1559 2535 1664 2591; x_wconf 84' lang='lat' dir='ltr'><strong>tamen</strong></span> 
     </span>
     <span class='ocr_line' id='line_1_42' title="bbox 889 2617 1439 2682; baseline 0.009 -5"><span class='ocrx_word' id='word_1_336' title='bbox 889 2617 1059 2679; x_wconf 88' lang='lat' dir='ltr'><strong>absurdum</strong></span> <span class='ocrx_word' id='word_1_337' title='bbox 1074 2638 1139 2679; x_wconf 90' lang='lat' dir='ltr'><strong>esse</strong></span> <span class='ocrx_word' id='word_1_338' title='bbox 1155 2621 1284 2680; x_wconf 83' lang='lat' dir='ltr'><strong>Basilius</strong></span> <span class='ocrx_word' id='word_1_339' title='bbox 1296 2622 1439 2682; x_wconf 85' lang='lat' dir='ltr'><strong>ostendit.</strong></span> 
     </span>
    </p>

    <p class='ocr_par' dir='ltr' id='par_1_5' title="bbox 888 2711 1664 3166">
     <span class='ocr_line' id='line_1_43' title="bbox 928 2711 1663 2794; baseline 0.008 -24"><span class='ocrx_word' id='word_1_340' title='bbox 928 2711 980 2771; x_wconf 88' lang='lat' dir='ltr'><strong>Vl.</strong></span> <span class='ocrx_word' id='word_1_341' title='bbox 994 2712 1159 2791; x_wconf 79' lang='lat' dir='ltr'><strong>Gregorius</strong></span> <span class='ocrx_word' id='word_1_342' title='bbox 1173 2714 1330 2792; x_wconf 86' lang='lat' dir='ltr'><strong>Nyssenus</strong></span> <span class='ocrx_word' id='word_1_343' title='bbox 1348 2721 1379 2775; x_wconf 95' lang='lat' dir='ltr'><strong>et</strong></span> <span class='ocrx_word' id='word_1_344' title='bbox 1397 2716 1551 2794; x_wconf 76' lang='lat' dir='ltr'><strong>frequenti</strong></span> <span class='ocrx_word' id='word_1_345' title='bbox 1567 2722 1597 2776; x_wconf 91' lang='lat' dir='ltr'><strong>et</strong></span> <span class='ocrx_word' id='word_1_346' title='bbox 1610 2734 1663 2776; x_wconf 81' lang='lat' dir='ltr'><strong>cx·</strong></span> 
     </span>
     <span class='ocr_line' id='line_1_44' title="bbox 889 2806 1664 2884; baseline 0.006 -21"><span class='ocrx_word' id='word_1_347' title='bbox 889 2822 993 2884; x_wconf 90' lang='lat' dir='ltr'><strong>pressa</strong></span> <span class='ocrx_word' id='word_1_348' title='bbox 1000 2822 1064 2864; x_wconf 90' lang='lat' dir='ltr'><strong>non</strong></span> <span class='ocrx_word' id='word_1_349' title='bbox 1073 2806 1176 2865; x_wconf 76' lang='lat' dir='ltr'><strong>missus</strong></span> <span class='ocrx_word' id='word_1_350' title='bbox 1185 2808 1321 2868; x_wconf 85' lang='lat' dir='ltr'><strong>oratione</strong></span> <span class='ocrx_word' id='word_1_351' title='bbox 1328 2808 1411 2868; x_wconf 91' lang='lat' dir='ltr'><strong>idem</strong></span> <span class='ocrx_word' id='word_1_352' title='bbox 1421 2808 1561 2868; x_wconf 80' lang='lat' dir='ltr'><strong>adstruit</strong></span> <span class='ocrx_word' id='word_1_353' title='bbox 1573 2809 1664 2868; x_wconf 90' lang='lat' dir='ltr'><strong>Velut</strong></span> 
     </span>
     <span class='ocr_line' id='line_1_45' title="bbox 888 2897 1664 2980; baseline 0.005 -24"><span class='ocrx_word' id='word_1_354' title='bbox 888 2897 921 2956; x_wconf 92' lang='lat' dir='ltr'><strong>in</strong></span> <span class='ocrx_word' id='word_1_355' title='bbox 948 2898 1048 2978; x_wconf 86' lang='lat' dir='ltr'><strong>primo</strong></span> <span class='ocrx_word' id='word_1_356' title='bbox 1068 2897 1206 2959; x_wconf 69' lang='lat' dir='ltr'><strong>adrem</strong></span> <span class='ocrx_word' id='word_1_357' title='bbox 1223 2899 1402 2960; x_wconf 81' lang='lat' dir='ltr'><strong>Eunomium</strong></span> <span class='ocrx_word' id='word_1_358' title='bbox 1423 2901 1664 2980; x_wconf 87' lang='lat' dir='ltr'><strong>uniuscujusque</strong></span> 
     </span>
     <span class='ocr_line' id='line_1_46' title="bbox 890 2990 1663 3073; baseline 0.009 -25"><span class='ocrx_word' id='word_1_359' title='bbox 890 2990 1024 3049; x_wconf 88' lang='lat' dir='ltr'><strong>nominis</strong></span> <span class='ocrx_word' id='word_1_360' title='bbox 1038 2991 1122 3068; x_wconf 91' lang='lat' dir='ltr'><strong>quod</strong></span> <span class='ocrx_word' id='word_1_361' title='bbox 1143 2991 1181 3051; x_wconf 88' lang='lat' dir='ltr'><strong>de</strong></span> <span class='ocrx_word' id='word_1_362' title='bbox 1196 2993 1258 3051; x_wconf 87' lang='lat' dir='ltr'><strong>Deo</strong></span> <span class='ocrx_word' id='word_1_363' title='bbox 1281 2992 1401 3068; x_wconf 81' lang='lat' dir='ltr'><strong>dicitur,</strong></span> <span class='ocrx_word' id='word_1_364' title='bbox 1422 2993 1609 3073; x_wconf 83' lang='lat' dir='ltr'><strong>«propriam</strong></span> <span class='ocrx_word' id='word_1_365' title='bbox 1628 3013 1663 3055; x_wconf 87' lang='lat' dir='ltr'><strong>ac</strong></span> 
     </span>
     <span class='ocr_line' id='line_1_47' title="bbox 890 3082 1663 3166; baseline 0.005 -23"><span class='ocrx_word' id='word_1_366' title='bbox 890 3082 1079 3161; x_wconf 74' lang='lat' dir='ltr'><strong>singularem</strong></span> <span class='ocrx_word' id='word_1_367' title='bbox 1088 3101 1153 3144; x_wconf 90' lang='lat' dir='ltr'><strong>esse</strong></span> <span class='ocrx_word' id='word_1_368' title='bbox 1166 3085 1348 3145; x_wconf 75' lang='lat' dir='ltr'><strong>notionem»</strong></span> <span class='ocrx_word' id='word_1_369' title='bbox 1362 3087 1479 3161; x_wconf 81' lang='lat' dir='ltr'><strong>asserit,</strong></span> <span class='ocrx_word' id='word_1_370' title='bbox 1490 3092 1581 3166; x_wconf 88' lang='lat' dir='ltr'><strong>atque</strong></span> <span class='ocrx_word' id='word_1_371' title='bbox 1593 3087 1663 3148; x_wconf 90' lang='lat' dir='ltr'><strong>ideo</strong></span> 
     </span>
    </p>
   </div>
   <div class='ocr_carea' id='block_1_5' title="bbox 68 3175 1665 4661">
    <p class='ocr_par' dir='ltr' id='par_1_6' title="bbox 68 3175 1665 4661">
     <span class='ocr_line' id='line_1_48' title="bbox 72 3175 1664 3267; baseline -0.001 -23"><span class='ocrx_word' id='word_1_372' title='bbox 72 3192 128 3261; x_wconf 86' lang='lat' dir='ltr'><strong>tur,</strong></span> <span class='ocrx_word' id='word_1_373' title='bbox 141 3182 248 3243; x_wconf 77' lang='lat' dir='ltr'><strong>involvi</strong></span> <span class='ocrx_word' id='word_1_374' title='bbox 270 3183 309 3241; x_wconf 88' lang='lat' dir='ltr'><strong>in</strong></span> <span class='ocrx_word' id='word_1_375' title='bbox 328 3180 436 3253; x_wconf 90' lang='lat' dir='ltr'><strong>altero,</strong></span> <span class='ocrx_word' id='word_1_376' title='bbox 454 3178 503 3240; x_wconf 89' lang='lat' dir='ltr'><strong>vel</strong></span> <span class='ocrx_word' id='word_1_377' title='bbox 524 3197 588 3239; x_wconf 89' lang='lat' dir='ltr'><strong>non</strong></span> <span class='ocrx_word' id='word_1_378' title='bbox 601 3197 689 3259; x_wconf 90' lang='lat' dir='ltr'><strong>posse</strong></span> <span class='ocrx_word' id='word_1_379' title='bbox 703 3186 833 3267; x_wconf 84' lang='lat' dir='ltr'><strong>concipi,</strong></span> <span class='ocrx_word' id='word_1_380' title='bbox 893 3197 907 3231; x_wconf 77' lang='lat'><strong>¹¹</strong></span> <span class='ocrx_word' id='word_1_381' title='bbox 919 3193 976 3255; x_wconf 73' lang='lat' dir='ltr'><strong>Pffl</strong></span> <span class='ocrx_word' id='word_1_382' title='bbox 989 3175 1232 3255; x_wconf 67' lang='lat' dir='ltr'><strong>appellationum</strong></span> <span class='ocrx_word' id='word_1_383' title='bbox 1245 3195 1376 3239; x_wconf 80' lang='lat' dir='ltr'><strong>numero</strong></span> <span class='ocrx_word' id='word_1_384' title='bbox 1389 3185 1534 3258; x_wconf 75' lang='lat' dir='ltr'><strong>cognatas</strong></span> <span class='ocrx_word' id='word_1_385' title='bbox 1546 3179 1601 3238; x_wconf 80' lang='lat' dir='ltr'><strong>Dei</strong></span> <span class='ocrx_word' id='word_1_386' title='bbox 1615 3180 1664 3239; x_wconf 88' lang='lat' dir='ltr'><strong>di-</strong></span> 
     </span>
     <span class='ocr_line' id='line_1_49' title="bbox 72 3265 1663 3356; baseline -0.003 -20"><span class='ocrx_word' id='word_1_387' title='bbox 72 3279 138 3356; x_wconf 87' lang='lat' dir='ltr'><strong>qnin</strong></span> <span class='ocrx_word' id='word_1_388' title='bbox 153 3275 326 3336; x_wconf 74' lang='lat' dir='ltr'><strong>involvatur</strong></span> <span class='ocrx_word' id='word_1_389' title='bbox 345 3271 441 3347; x_wconf 90' lang='lat' dir='ltr'><strong>aliud,</strong></span> <span class='ocrx_word' id='word_1_390' title='bbox 460 3295 473 3327; x_wconf 70' lang='grc' dir='ltr'>ν</span> <span class='ocrx_word' id='word_1_391' title='bbox 490 3270 540 3330; x_wconf 92' lang='lat' dir='ltr'><strong>cui</strong></span> <span class='ocrx_word' id='word_1_392' title='bbox 552 3277 741 3352; x_wconf 84' lang='lat' dir='ltr'><strong>quantopere</strong></span> <span class='ocrx_word' id='word_1_393' title='bbox 755 3278 837 3340; x_wconf 72' lang='lat' dir='ltr'><strong>Basj.</strong></span> <span class='ocrx_word' id='word_1_394' title='bbox 889 3269 1020 3348; x_wconf 78' lang='lat' dir='ltr'><strong>gnitates</strong></span> <span class='ocrx_word' id='word_1_395' title='bbox 1031 3265 1248 3331; x_wconf 64' lang='lat' dir='ltr'><strong>considerant.</strong></span> <span class='ocrx_word' id='word_1_396' title='bbox 1263 3292 1277 3327; x_wconf 85' lang='grc' dir='ltr'>ν</span> <span class='ocrx_word' id='word_1_397' title='bbox 1291 3271 1325 3331; x_wconf 94' lang='lat' dir='ltr'><strong>ln</strong></span> <span class='ocrx_word' id='word_1_398' title='bbox 1338 3271 1522 3332; x_wconf 88' lang='lat' dir='ltr'><strong>duodecimo</strong></span> <span class='ocrx_word' id='word_1_399' title='bbox 1535 3289 1609 3333; x_wconf 82' lang='lat' dir='ltr'><strong>vero</strong></span> <span class='ocrx_word' id='word_1_400' title='bbox 1624 3272 1663 3333; x_wconf 91' lang='lat' dir='ltr'><strong>li·</strong></span> 
     </span>
     <span class='ocr_line' id='line_1_50' title="bbox 72 3361 1664 3446; baseline 0 -19"><span class='ocrx_word' id='word_1_401' title='bbox 72 3368 123 3428; x_wconf 88' lang='lat' dir='ltr'><strong>lius</strong></span> <span class='ocrx_word' id='word_1_402' title='bbox 133 3368 287 3442; x_wconf 78' lang='lat' dir='ltr'><strong>reclamet,</strong></span> <span class='ocrx_word' id='word_1_403' title='bbox 301 3384 340 3426; x_wconf 82' lang='lat' dir='ltr'><strong>ex</strong></span> <span class='ocrx_word' id='word_1_404' title='bbox 353 3370 418 3425; x_wconf 87' lang='lat' dir='ltr'><strong>tota</strong></span> <span class='ocrx_word' id='word_1_405' title='bbox 428 3362 482 3424; x_wconf 89' lang='lat' dir='ltr'><strong>illa</strong></span> <span class='ocrx_word' id='word_1_406' title='bbox 494 3363 696 3443; x_wconf 84' lang='lat' dir='ltr'><strong>disputatione</strong></span> <span class='ocrx_word' id='word_1_407' title='bbox 703 3368 836 3446; x_wconf 63' lang='lat' dir='ltr'><strong>judicans·</strong></span> <span class='ocrx_word' id='word_1_408' title='bbox 889 3361 946 3422; x_wconf 85' lang='lat' dir='ltr'><strong>bro</strong></span> <span class='ocrx_word' id='word_1_409' title='bbox 974 3362 1125 3442; x_wconf 87' lang='lat' dir='ltr'><strong>copiosius</strong></span> <span class='ocrx_word' id='word_1_410' title='bbox 1148 3364 1282 3443; x_wconf 89' lang='lat' dir='ltr'><strong>idipsum</strong></span> <span class='ocrx_word' id='word_1_411' title='bbox 1310 3371 1444 3440; x_wconf 85' lang='lat' dir='ltr'><strong>enarrat,</strong></span> <span class='ocrx_word' id='word_1_412' title='bbox 1466 3366 1541 3426; x_wconf 90' lang='lat' dir='ltr'><strong>dnm</strong></span> <span class='ocrx_word' id='word_1_413' title='bbox 1563 3365 1664 3427; x_wconf 91' lang='lat' dir='ltr'><strong>Basilii</strong></span> 
     </span>
     <span class='ocr_line' id='line_1_51' title="bbox 71 3455 1663 3540; baseline -0.001 -19"><span class='ocrx_word' id='word_1_414' title='bbox 71 3468 166 3540; x_wconf 74' lang='lat' dir='ltr'><strong>potest</strong></span> <span class='ocrx_word' id='word_1_415' title='bbox 183 3463 263 3522; x_wconf 82' lang='lat' dir='ltr'><strong>Nam</strong></span> <span class='ocrx_word' id='word_1_416' title='bbox 283 3464 317 3521; x_wconf 89' lang='lat' dir='ltr'><strong>et</strong></span> <span class='ocrx_word' id='word_1_417' title='bbox 336 3458 378 3518; x_wconf 87' lang='lat' dir='ltr'><strong>ita</strong></span> <span class='ocrx_word' id='word_1_418' title='bbox 396 3457 528 3535; x_wconf 91' lang='lat' dir='ltr'><strong>denique</strong></span> <span class='ocrx_word' id='word_1_419' title='bbox 542 3457 714 3521; x_wconf 83' lang='lat' dir='ltr'><strong>concludit:</strong></span> <span class='ocrx_word' id='word_1_420' title='bbox 730 3486 744 3519; x_wconf 81' lang='lat' dir='ltr'><strong>e</strong></span> <span class='ocrx_word' id='word_1_421' title='bbox 761 3465 835 3538; x_wconf 72' lang='lat' dir='ltr'><strong>Qui.</strong></span> <span class='ocrx_word' id='word_1_422' title='bbox 889 3455 1119 3517; x_wconf 85' lang='lat' dir='ltr'><strong>sententiamub</strong></span> <span class='ocrx_word' id='word_1_423' title='bbox 1131 3458 1274 3518; x_wconf 86' lang='lat' dir='ltr'><strong>Eunomii</strong></span> <span class='ocrx_word' id='word_1_424' title='bbox 1280 3458 1434 3520; x_wconf 89' lang='lat' dir='ltr'><strong>calumnia</strong></span> <span class='ocrx_word' id='word_1_425' title='bbox 1442 3458 1585 3520; x_wconf 85' lang='lat' dir='ltr'><strong>defendit.</strong></span> <span class='ocrx_word' id='word_1_426' title='bbox 1598 3460 1663 3520; x_wconf 77' lang='lat' dir='ltr'><strong>Eto</strong></span> 
     </span>
     <span class='ocr_line' id='line_1_52' title="bbox 72 3548 1660 3637; baseline -0.001 -23"><span class='ocrx_word' id='word_1_427' title='bbox 72 3572 134 3614; x_wconf 89' lang='lat' dir='ltr'><strong>nam</strong></span> <span class='ocrx_word' id='word_1_428' title='bbox 145 3572 215 3634; x_wconf 76' lang='lat' dir='ltr'><strong>ergo</strong></span> <span class='ocrx_word' id='word_1_429' title='bbox 225 3550 399 3614; x_wconf 77' lang='lat' dir='ltr'><strong>manifestae</strong></span> <span class='ocrx_word' id='word_1_430' title='bbox 409 3549 534 3611; x_wconf 84' lang='lat' dir='ltr'><strong>insanioe</strong></span> <span class='ocrx_word' id='word_1_431' title='bbox 540 3569 603 3611; x_wconf 90' lang='lat' dir='ltr'><strong>non</strong></span> <span class='ocrx_word' id='word_1_432' title='bbox 613 3552 661 3629; x_wconf 88' lang='lat' dir='ltr'><strong>sit,</strong></span> <span class='ocrx_word' id='word_1_433' title='bbox 675 3558 835 3637; x_wconf 81' lang='lat' dir='ltr'><strong>proprium</strong></span> <span class='ocrx_word' id='word_1_434' title='bbox 888 3549 955 3608; x_wconf 89' lang='lat' dir='ltr'><strong>nim</strong></span> <span class='ocrx_word' id='word_1_435' title='bbox 970 3548 1098 3609; x_wconf 90' lang='lat' dir='ltr'><strong>Basilius</strong></span> <span class='ocrx_word' id='word_1_436' title='bbox 1110 3554 1217 3610; x_wconf 86' lang='lat' dir='ltr'><strong>eontra</strong></span> <span class='ocrx_word' id='word_1_437' title='bbox 1227 3551 1406 3612; x_wconf 77' lang='lat' dir='ltr'><strong>haereticum</strong></span> <span class='ocrx_word' id='word_1_438' title='bbox 1419 3551 1504 3612; x_wconf 89' lang='lat' dir='ltr'><strong>hunc</strong></span> <span class='ocrx_word' id='word_1_439' title='bbox 1514 3551 1660 3629; x_wconf 88' lang='lat' dir='ltr'><strong>scribens,</strong></span> 
     </span>
     <span class='ocr_line' id='line_1_53' title="bbox 71 3642 1664 3731; baseline 0.001 -27"><span class='ocrx_word' id='word_1_440' title='bbox 71 3649 221 3728; x_wconf 72' lang='lat' dir='ltr'><strong>inicuique</strong></span> <span class='ocrx_word' id='word_1_441' title='bbox 232 3645 359 3708; x_wconf 88' lang='lat' dir='ltr'><strong>nomini</strong></span> <span class='ocrx_word' id='word_1_442' title='bbox 372 3643 577 3722; x_wconf 80' lang='lat' dir='ltr'><strong>significatum</strong></span> <span class='ocrx_word' id='word_1_443' title='bbox 588 3663 703 3726; x_wconf 77' lang='lat' dir='ltr'><strong>negare</strong></span> <span class='ocrx_word' id='word_1_444' title='bbox 712 3652 833 3731; x_wconf 85' lang='lat' dir='ltr'><strong>subjici,</strong></span> <span class='ocrx_word' id='word_1_445' title='bbox 888 3642 989 3704; x_wconf 85' lang='lat' dir='ltr'><strong>varias</strong></span> <span class='ocrx_word' id='word_1_446' title='bbox 1009 3643 1207 3722; x_wconf 83' lang='lat' dir='ltr'><strong>diversasque</strong></span> <span class='ocrx_word' id='word_1_447' title='bbox 1228 3645 1265 3705; x_wconf 93' lang='lat' dir='ltr'><strong>de</strong></span> <span class='ocrx_word' id='word_1_448' title='bbox 1287 3646 1350 3706; x_wconf 86' lang='lat' dir='ltr'><strong>Deo</strong></span> <span class='ocrx_word' id='word_1_449' title='bbox 1372 3646 1522 3720; x_wconf 88' lang='lat' dir='ltr'><strong>notiones,</strong></span> <span class='ocrx_word' id='word_1_450' title='bbox 1539 3647 1599 3707; x_wconf 91' lang='lat' dir='ltr'><strong>hoc</strong></span> <span class='ocrx_word' id='word_1_451' title='bbox 1619 3653 1664 3706; x_wconf 87' lang='lat' dir='ltr'><strong>est</strong></span> 
     </span>
     <span class='ocr_line' id='line_1_54' title="bbox 72 3734 1664 3821; baseline -0.001 -19"><span class='ocrx_word' id='word_1_452' title='bbox 72 3742 116 3802; x_wconf 83' lang='lat' dir='ltr'><strong>sed</strong></span> <span class='ocrx_word' id='word_1_453' title='bbox 126 3742 204 3821; x_wconf 92' lang='lat' dir='ltr'><strong>quod</strong></span> <span class='ocrx_word' id='word_1_454' title='bbox 215 3741 257 3802; x_wconf 85' lang='lat' dir='ltr'><strong>ad</strong></span> <span class='ocrx_word' id='word_1_455' title='bbox 270 3740 339 3800; x_wconf 83' lang='lat' dir='ltr'><strong>vim</strong></span> <span class='ocrx_word' id='word_1_456' title='bbox 352 3738 470 3811; x_wconf 84' lang='lat' dir='ltr'><strong>attinet,</strong></span> <span class='ocrx_word' id='word_1_457' title='bbox 485 3737 569 3798; x_wconf 88' lang='lat' dir='ltr'><strong>idem</strong></span> <span class='ocrx_word' id='word_1_458' title='bbox 582 3740 686 3801; x_wconf 86' lang='lat' dir='ltr'><strong>valere</strong></span> <span class='ocrx_word' id='word_1_459' title='bbox 705 3742 837 3805; x_wconf 88' lang='lat' dir='ltr'><strong>invicem</strong></span> <span class='ocrx_word' id='word_1_460' title='bbox 889 3734 1002 3804; x_wconf 68' lang='grc' dir='ltr'>ἐπινοίας</span> <span class='ocrx_word' id='word_1_461' title='bbox 1016 3743 1046 3798; x_wconf 67' lang='lat' dir='ltr'><strong>et</strong></span> <span class='ocrx_word' id='word_1_462' title='bbox 1058 3735 1178 3815; x_wconf 72' lang='grc' dir='ltr'>νοήματα</span> <span class='ocrx_word' id='word_1_463' title='bbox 1196 3737 1322 3798; x_wconf 78' lang='grc' dir='ltr'>ίο11111111</span> <span class='ocrx_word' id='word_1_464' title='bbox 1336 3739 1465 3814; x_wconf 83' lang='lat' dir='ltr'><strong>dixerat,</strong></span> <span class='ocrx_word' id='word_1_465' title='bbox 1480 3758 1549 3819; x_wconf 86' lang='lat' dir='ltr'><strong>quae</strong></span> <span class='ocrx_word' id='word_1_466' title='bbox 1563 3758 1664 3818; x_wconf 89' lang='lat' dir='ltr'><strong>neque</strong></span> 
     </span>
     <span class='ocr_line' id='line_1_55' title="bbox 71 3829 1664 3911; baseline -0.001 -18"><span class='ocrx_word' id='word_1_467' title='bbox 71 3836 209 3897; x_wconf 80' lang='lat' dir='ltr'><strong>affirmare</strong></span> <span class='ocrx_word' id='word_1_468' title='bbox 222 3833 356 3895; x_wconf 81' lang='lat' dir='ltr'><strong>nomina</strong></span> <span class='ocrx_word' id='word_1_469' title='bbox 373 3831 522 3892; x_wconf 76' lang='lat' dir='ltr'><strong>omnia⁰t</strong></span> <span class='ocrx_word' id='word_1_470' title='bbox 532 3854 548 3890; x_wconf 82' lang='lat' dir='ltr'><strong>n</strong></span> <span class='ocrx_word' id='word_1_471' title='bbox 562 3833 605 3893; x_wconf 88' lang='lat' dir='ltr'><strong>Ae</strong></span> <span class='ocrx_word' id='word_1_472' title='bbox 616 3837 775 3898; x_wconf 75' lang='lat' dir='ltr'><strong>nonnullis</strong></span> <span class='ocrx_word' id='word_1_473' title='bbox 787 3838 837 3900; x_wconf 82' lang='lat' dir='ltr'><strong>in.</strong></span> <span class='ocrx_word' id='word_1_474' title='bbox 889 3829 975 3890; x_wconf 83' lang='lat' dir='ltr'><strong>nuda</strong></span> <span class='ocrx_word' id='word_1_475' title='bbox 992 3834 1093 3890; x_wconf 79' lang='lat' dir='ltr'><strong>essent</strong></span> <span class='ocrx_word' id='word_1_476' title='bbox 1112 3830 1273 3906; x_wconf 86' lang='lat' dir='ltr'><strong>vocabula,</strong></span> <span class='ocrx_word' id='word_1_477' title='bbox 1291 3849 1392 3911; x_wconf 90' lang='lat' dir='ltr'><strong>neque</strong></span> <span class='ocrx_word' id='word_1_478' title='bbox 1413 3831 1491 3892; x_wconf 87' lang='lat' dir='ltr'><strong>falsa</strong></span> <span class='ocrx_word' id='word_1_479' title='bbox 1509 3831 1664 3911; x_wconf 78' lang='lat' dir='ltr'><strong>significa·</strong></span> 
     </span>
     <span class='ocr_line' id='line_1_56' title="bbox 70 3922 1663 4009; baseline -0.003 -20"><span class='ocrx_word' id='word_1_480' title='bbox 70 3929 197 4007; x_wconf 65' lang='lat' dir='ltr'><strong>enectis,</strong></span> <span class='ocrx_word' id='word_1_481' title='bbox 218 3951 234 3988; x_wconf 81' lang='lat' dir='ltr'><strong>e</strong></span> <span class='ocrx_word' id='word_1_482' title='bbox 249 3925 377 3989; x_wconf 90' lang='lat' dir='ltr'><strong>nullum</strong></span> <span class='ocrx_word' id='word_1_483' title='bbox 398 3942 463 3985; x_wconf 90' lang='lat' dir='ltr'><strong>esse</strong></span> <span class='ocrx_word' id='word_1_484' title='bbox 481 3943 595 3986; x_wconf 89' lang='lat' dir='ltr'><strong>nomen</strong></span> <span class='ocrx_word' id='word_1_485' title='bbox 616 3927 677 4003; x_wconf 84' lang='lat' dir='ltr'><strong>ait,</strong></span> <span class='ocrx_word' id='word_1_486' title='bbox 696 3931 780 4009; x_wconf 92' lang='lat' dir='ltr'><strong>quod</strong></span> <span class='ocrx_word' id='word_1_487' title='bbox 792 3937 838 3991; x_wconf 88' lang='lat' dir='ltr'><strong>to-</strong></span> <span class='ocrx_word' id='word_1_488' title='bbox 889 3929 967 3984; x_wconf 87' lang='lat' dir='ltr'><strong>rent.</strong></span> <span class='ocrx_word' id='word_1_489' title='bbox 982 3923 1041 3983; x_wconf 88' lang='lat' dir='ltr'><strong>Sed</strong></span> <span class='ocrx_word' id='word_1_490' title='bbox 1055 3922 1138 3982; x_wconf 87' lang='lat' dir='ltr'><strong>idem</strong></span> <span class='ocrx_word' id='word_1_491' title='bbox 1154 3923 1205 3983; x_wconf 91' lang='lat' dir='ltr'><strong>hic</strong></span> <span class='ocrx_word' id='word_1_492' title='bbox 1219 3924 1341 3984; x_wconf 87' lang='lat' dir='ltr'><strong>evenire</strong></span> <span class='ocrx_word' id='word_1_493' title='bbox 1355 3924 1440 4003; x_wconf 91' lang='lat' dir='ltr'><strong>quod</strong></span> <span class='ocrx_word' id='word_1_494' title='bbox 1458 3925 1491 3984; x_wconf 87' lang='lat' dir='ltr'><strong>in</strong></span> <span class='ocrx_word' id='word_1_495' title='bbox 1508 3924 1663 4004; x_wconf 90' lang='lat' dir='ltr'><strong>plerisque</strong></span> 
     </span>
     <span class='ocr_line' id='line_1_57' title="bbox 71 4015 1664 4101; baseline -0.003 -19"><span class='ocrx_word' id='word_1_496' title='bbox 71 4028 123 4082; x_wconf 88' lang='lat' dir='ltr'><strong>tam</strong></span> <span class='ocrx_word' id='word_1_497' title='bbox 139 4023 191 4082; x_wconf 82' lang='lat' dir='ltr'><strong>uei</strong></span> <span class='ocrx_word' id='word_1_498' title='bbox 206 4027 356 4082; x_wconf 87' lang='lat' dir='ltr'><strong>naturam</strong></span> <span class='ocrx_word' id='word_1_499' title='bbox 369 4018 617 4097; x_wconf 90' lang='lat' dir='ltr'><strong>comprehendat,</strong></span> <span class='ocrx_word' id='word_1_500' title='bbox 638 4025 669 4081; x_wconf 90' lang='lat' dir='ltr'><strong>et</strong></span> <span class='ocrx_word' id='word_1_501' title='bbox 686 4029 837 4101; x_wconf 84' lang='lat' dir='ltr'><strong>quantum</strong></span> <span class='ocrx_word' id='word_1_502' title='bbox 889 4015 981 4075; x_wconf 86' lang='lat' dir='ltr'><strong>rebus</strong></span> <span class='ocrx_word' id='word_1_503' title='bbox 993 4015 1071 4089; x_wconf 70' lang='lat' dir='ltr'><strong>afim,</strong></span> <span class='ocrx_word' id='word_1_504' title='bbox 1085 4033 1154 4093; x_wconf 82' lang='lat' dir='ltr'><strong>quae</strong></span> <span class='ocrx_word' id='word_1_505' title='bbox 1169 4034 1240 4076; x_wconf 89' lang='lat' dir='ltr'><strong>cum</strong></span> <span class='ocrx_word' id='word_1_506' title='bbox 1255 4018 1355 4095; x_wconf 87' lang='lat' dir='ltr'><strong>primo</strong></span> <span class='ocrx_word' id='word_1_507' title='bbox 1366 4023 1491 4096; x_wconf 87' lang='lat' dir='ltr'><strong>aspectu</strong></span> <span class='ocrx_word' id='word_1_508' title='bbox 1501 4035 1599 4078; x_wconf 91' lang='lat' dir='ltr'><strong>unum</strong></span> <span class='ocrx_word' id='word_1_509' title='bbox 1610 4016 1664 4077; x_wconf 89' lang='lat' dir='ltr'><strong>ali·</strong></span> 
     </span>
     <span class='ocr_line' id='line_1_58' title="bbox 71 4107 1664 4194; baseline 0.009 -19"><span class='ocrx_word' id='word_1_510' title='bbox 71 4116 131 4175; x_wconf 87' lang='lat' dir='ltr'><strong>satis</strong></span> <span class='ocrx_word' id='word_1_511' title='bbox 142 4122 185 4175; x_wconf 80' lang='grc' dir='ltr'><strong>αιι</strong></span> <span class='ocrx_word' id='word_1_512' title='bbox 197 4114 344 4194; x_wconf 78' lang='lat' dir='ltr'><strong>explicet.</strong></span> <span class='ocrx_word' id='word_1_513' title='bbox 356 4112 454 4185; x_wconf 83' lang='lat' dir='ltr'><strong>Quare</strong></span> <span class='ocrx_word' id='word_1_514' title='bbox 465 4111 564 4171; x_wconf 87' lang='lat' dir='ltr'><strong>multa</strong></span> <span class='ocrx_word' id='word_1_515' title='bbox 578 4131 642 4174; x_wconf 90' lang='lat' dir='ltr'><strong>esse</strong></span> <span class='ocrx_word' id='word_1_516' title='bbox 654 4132 690 4175; x_wconf 85' lang='lat' dir='ltr'><strong>oe</strong></span> <span class='ocrx_word' id='word_1_517' title='bbox 704 4116 834 4193; x_wconf 87' lang='lat' dir='ltr'><strong>diversa,</strong></span> <span class='ocrx_word' id='word_1_518' title='bbox 890 4107 966 4185; x_wconf 70' lang='lat' dir='ltr'><strong>quid</strong></span> <span class='ocrx_word' id='word_1_519' title='bbox 980 4113 1010 4167; x_wconf 75' lang='grc' dir='ltr'><strong>θί</strong></span> <span class='ocrx_word' id='word_1_520' title='bbox 1018 4107 1147 4187; x_wconf 54' lang='lat' dir='ltr'><strong>simpl&amp;</strong></span> <span class='ocrx_word' id='word_1_521' title='bbox 1156 4127 1221 4169; x_wconf 64' lang='lat'><strong>&lt;³⁸⁸2</strong></span> <span class='ocrx_word' id='word_1_522' title='bbox 1231 4109 1402 4183; x_wconf 64' lang='lat' dir='ltr'><strong>videantur,</strong></span> <span class='ocrx_word' id='word_1_523' title='bbox 1417 4116 1521 4189; x_wconf 57' lang='grc' dir='ltr'><strong>Ροδίθί1</strong></span> <span class='ocrx_word' id='word_1_524' title='bbox 1532 4109 1664 4189; x_wconf 56' lang='lat' dir='ltr'><strong>diligen·</strong></span> 
     </span>
     <span class='ocr_line' id='line_1_59' title="bbox 71 4200 1664 4287; baseline 0.001 -25"><span class='ocrx_word' id='word_1_525' title='bbox 71 4225 129 4284; x_wconf 74' lang='lat' dir='ltr'><strong>qnn,</strong></span> <span class='ocrx_word' id='word_1_526' title='bbox 154 4208 279 4287; x_wconf 76' lang='lat' dir='ltr'><strong>singula</strong></span> <span class='ocrx_word' id='word_1_527' title='bbox 309 4206 466 4285; x_wconf 78' lang='lat' dir='ltr'><strong>propriam</strong></span> <span class='ocrx_word' id='word_1_528' title='bbox 496 4204 612 4266; x_wconf 79' lang='lat' dir='ltr'><strong>habent</strong></span> <span class='ocrx_word' id='word_1_529' title='bbox 640 4208 836 4287; x_wconf 51' lang='lat' dir='ltr'><strong>significant).</strong></span> <span class='ocrx_word' id='word_1_530' title='bbox 889 4200 950 4259; x_wconf 85' lang='lat' dir='ltr'><strong>tius</strong></span> <span class='ocrx_word' id='word_1_531' title='bbox 973 4202 1172 4263; x_wconf 72' lang='lat' dir='ltr'><strong>considerate</strong></span> <span class='ocrx_word' id='word_1_532' title='bbox 1193 4201 1377 4283; x_wconf 88' lang='lat' dir='ltr'><strong>multiplices</strong></span> <span class='ocrx_word' id='word_1_533' title='bbox 1403 4203 1603 4283; x_wconf 90' lang='lat' dir='ltr'><strong>proprietates</strong></span> <span class='ocrx_word' id='word_1_534' title='bbox 1633 4210 1664 4264; x_wconf 86' lang='lat' dir='ltr'><strong>et</strong></span> 
     </span>
     <span class='ocr_line' id='line_1_60' title="bbox 70 4294 1664 4378; baseline -0.001 -21"><span class='ocrx_word' id='word_1_535' title='bbox 70 4299 184 4360; x_wconf 59' lang='lat' dir='ltr'><strong>neml»</strong></span> <span class='ocrx_word' id='word_1_536' title='bbox 202 4302 253 4361; x_wconf 89' lang='lat' dir='ltr'><strong>Sic</strong></span> <span class='ocrx_word' id='word_1_537' title='bbox 276 4300 312 4359; x_wconf 91' lang='lat' dir='ltr'><strong>in</strong></span> <span class='ocrx_word' id='word_1_538' title='bbox 334 4298 414 4358; x_wconf 89' lang='lat' dir='ltr'><strong>libro</strong></span> <span class='ocrx_word' id='word_1_539' title='bbox 434 4297 470 4359; x_wconf 87' lang='lat' dir='ltr'><strong>de</strong></span> <span class='ocrx_word' id='word_1_540' title='bbox 489 4299 579 4360; x_wconf 81' lang='lat' dir='ltr'><strong>Recta</strong></span> <span class='ocrx_word' id='word_1_541' title='bbox 593 4299 662 4378; x_wconf 78' lang='lat' dir='ltr'><strong>fide,</strong></span> <span class='ocrx_word' id='word_1_542' title='bbox 685 4303 836 4365; x_wconf 78' lang='lat' dir='ltr'><strong>«nullum</strong></span> <span class='ocrx_word' id='word_1_543' title='bbox 889 4294 1031 4354; x_wconf 88' lang='lat' dir='ltr'><strong>notiones</strong></span> <span class='ocrx_word' id='word_1_544' title='bbox 1052 4294 1243 4356; x_wconf 87' lang='lat' dir='ltr'><strong>intuentihus</strong></span> <span class='ocrx_word' id='word_1_545' title='bbox 1273 4295 1417 4358; x_wconf 81' lang='lat' dir='ltr'><strong>offerunt.</strong></span> <span class='ocrx_word' id='word_1_546' title='bbox 1440 4297 1480 4357; x_wconf 87' lang='lat' dir='ltr'><strong>Ut</strong></span> <span class='ocrx_word' id='word_1_547' title='bbox 1511 4296 1544 4356; x_wconf 94' lang='lat' dir='ltr'><strong>in</strong></span> <span class='ocrx_word' id='word_1_548' title='bbox 1572 4296 1664 4357; x_wconf 81' lang='lat' dir='ltr'><strong>tritici</strong></span> 
     </span>
     <span class='ocr_line' id='line_1_61' title="bbox 69 4388 1664 4468; baseline 0.004 -18"><span class='ocrx_word' id='word_1_549' title='bbox 69 4393 161 4454; x_wconf 87' lang='lat' dir='ltr'><strong>itidem</strong></span> <span class='ocrx_word' id='word_1_550' title='bbox 176 4412 296 4455; x_wconf 88' lang='lat' dir='ltr'><strong>nomen</strong></span> <span class='ocrx_word' id='word_1_551' title='bbox 309 4391 450 4452; x_wconf 88' lang='lat' dir='ltr'><strong>sufficere</strong></span> <span class='ocrx_word' id='word_1_552' title='bbox 464 4391 537 4451; x_wconf 90' lang='lat' dir='ltr'><strong>dicit</strong></span> <span class='ocrx_word' id='word_1_553' title='bbox 550 4393 694 4454; x_wconf 88' lang='lat' dir='ltr'><strong>omnibus</strong></span> <span class='ocrx_word' id='word_1_554' title='bbox 707 4396 762 4457; x_wconf 86' lang='lat' dir='ltr'><strong>Dei</strong></span> <span class='ocrx_word' id='word_1_555' title='bbox 783 4414 837 4458; x_wconf 91' lang='lat' dir='ltr'><strong>or·</strong></span> <span class='ocrx_word' id='word_1_556' title='bbox 890 4406 987 4466; x_wconf 70' lang='lat' dir='ltr'><strong>grano</strong></span> <span class='ocrx_word' id='word_1_557' title='bbox 1005 4388 1149 4464; x_wconf 83' lang='lat' dir='ltr'><strong>comitur,</strong></span> <span class='ocrx_word' id='word_1_558' title='bbox 1163 4390 1246 4468; x_wconf 81' lang='lat' dir='ltr'><strong>quod</strong></span> <span class='ocrx_word' id='word_1_559' title='bbox 1260 4389 1372 4449; x_wconf 71' lang='lat' dir='ltr'><strong>multas</strong></span> <span class='ocrx_word' id='word_1_560' title='bbox 1383 4389 1478 4450; x_wconf 75' lang='lat' dir='ltr'><strong>habet</strong></span> <span class='ocrx_word' id='word_1_561' title='bbox 1492 4390 1664 4452; x_wconf 73' lang='lat' dir='ltr'><strong>distinctas·</strong></span> 
     </span>
     <span class='ocr_line' id='line_1_62' title="bbox 69 4481 1663 4566; baseline -0.001 -21"><span class='ocrx_word' id='word_1_562' title='bbox 69 4488 207 4547; x_wconf 88' lang='lat' dir='ltr'><strong>namentis</strong></span> <span class='ocrx_word' id='word_1_563' title='bbox 224 4484 418 4566; x_wconf 83' lang='lat' dir='ltr'><strong>explicandis</strong></span> <span class='ocrx_word' id='word_1_564' title='bbox 434 4506 449 4542; x_wconf 86' lang='lat' dir='ltr'><strong>c</strong></span> <span class='ocrx_word' id='word_1_565' title='bbox 462 4503 498 4544; x_wconf 89' lang='lat' dir='ltr'><strong>ac</strong></span> <span class='ocrx_word' id='word_1_566' title='bbox 511 4485 537 4544; x_wconf 92' lang='lat' dir='ltr'><strong>si</strong></span> <span class='ocrx_word' id='word_1_567' title='bbox 550 4485 619 4564; x_wconf 91' lang='lat' dir='ltr'><strong>quis</strong></span> <span class='ocrx_word' id='word_1_568' title='bbox 633 4487 723 4564; x_wconf 88' lang='lat' dir='ltr'><strong>dicat,</strong></span> <span class='ocrx_word' id='word_1_569' title='bbox 742 4491 834 4566; x_wconf 86' lang='lat' dir='ltr'><strong>Deus,</strong></span> <span class='ocrx_word' id='word_1_570' title='bbox 890 4499 949 4559; x_wconf 81' lang='lat' dir='ltr'><strong>que</strong></span> <span class='ocrx_word' id='word_1_571' title='bbox 971 4481 1164 4561; x_wconf 81' lang='lat' dir='ltr'><strong>intelligendi</strong></span> <span class='ocrx_word' id='word_1_572' title='bbox 1183 4484 1329 4557; x_wconf 88' lang='lat' dir='ltr'><strong>rationes,</strong></span> <span class='ocrx_word' id='word_1_573' title='bbox 1349 4489 1385 4543; x_wconf 84' lang='lat' dir='ltr'><strong>ut</strong></span> <span class='ocrx_word' id='word_1_574' title='bbox 1407 4501 1501 4563; x_wconf 90' lang='lat' dir='ltr'><strong>supra</strong></span> <span class='ocrx_word' id='word_1_575' title='bbox 1518 4484 1663 4561; x_wconf 79' lang='lat' dir='ltr'><strong>diximus,</strong></span> 
     </span>
     <span class='ocr_line' id='line_1_63' title="bbox 68 4575 1665 4661; baseline 0 -23"><span class='ocrx_word' id='word_1_576' title='bbox 68 4596 122 4639; x_wconf 86' lang='lat' dir='ltr'><strong>nen</strong></span> <span class='ocrx_word' id='word_1_577' title='bbox 137 4581 315 4661; x_wconf 85' lang='lat' dir='ltr'><strong>hocipsnm</strong></span> <span class='ocrx_word' id='word_1_578' title='bbox 329 4578 413 4657; x_wconf 93' lang='lat' dir='ltr'><strong>quod</strong></span> <span class='ocrx_word' id='word_1_579' title='bbox 434 4583 479 4638; x_wconf 92' lang='lat' dir='ltr'><strong>est</strong></span> <span class='ocrx_word' id='word_1_580' title='bbox 499 4579 597 4654; x_wconf 86' lang='lat' dir='ltr'><strong>Pater,</strong></span> <span class='ocrx_word' id='word_1_581' title='bbox 613 4581 791 4661; x_wconf 73' lang='lat' dir='ltr'><strong>exprimere,</strong></span> <span class='ocrx_word' id='word_1_582' title='bbox 807 4584 837 4644; x_wconf 91' lang='lat' dir='ltr'><strong>ei</strong></span> <span class='ocrx_word' id='word_1_583' title='bbox 891 4594 959 4656; x_wconf 69' lang='lat' dir='ltr'><strong>quse</strong></span> <span class='ocrx_word' id='word_1_584' title='bbox 975 4575 1105 4654; x_wconf 77' lang='lat' dir='ltr'><strong>singulae</strong></span> <span class='ocrx_word' id='word_1_585' title='bbox 1125 4575 1252 4636; x_wconf 88' lang='lat' dir='ltr'><strong>diversis</strong></span> <span class='ocrx_word' id='word_1_586' title='bbox 1272 4581 1435 4637; x_wconf 88' lang='lat' dir='ltr'><strong>censentur</strong></span> <span class='ocrx_word' id='word_1_587' title='bbox 1451 4576 1665 4657; x_wconf 81' lang='lat' dir='ltr'><strong>appellationi-</strong></span> 
     </span>
    </p>
   </div>
   <div class='ocr_carea' id='block_1_6' title="bbox 67 4829 1667 5577">
    <p class='ocr_par' dir='ltr' id='par_1_7' title="bbox 67 4829 1667 5158">
     <span class='ocr_line' id='line_1_64' title="bbox 96 4829 1665 4906; baseline -0.002 -17"><span class='ocrx_word' id='word_1_588' title='bbox 96 4852 112 4889; x_wconf 82' lang='grc' dir='ltr'>α</span> <span class='ocrx_word' id='word_1_589' title='bbox 128 4837 214 4892; x_wconf 64' lang='lat' dir='ltr'><strong>Busta,</strong></span> <span class='ocrx_word' id='word_1_590' title='bbox 229 4836 293 4896; x_wconf 86' lang='grc' dir='ltr'><strong>Πῶς</strong></span> <span class='ocrx_word' id='word_1_591' title='bbox 305 4833 348 4886; x_wconf 69' lang='grc' dir='ltr'><strong>οὖν</strong></span> <span class='ocrx_word' id='word_1_592' title='bbox 359 4833 415 4906; x_wconf 60' lang='lat' dir='ltr'><strong>cip)</strong></span> <span class='ocrx_word' id='word_1_593' title='bbox 432 4834 506 4905; x_wconf 84' lang='grc' dir='ltr'>μανία</span> <span class='ocrx_word' id='word_1_594' title='bbox 518 4833 606 4904; x_wconf 77' lang='grc' dir='ltr'>σαρὴς,</span> <span class='ocrx_word' id='word_1_595' title='bbox 622 4833 654 4906; x_wconf 78' lang='grc' dir='ltr'><strong>μὴ</strong></span> <span class='ocrx_word' id='word_1_596' title='bbox 668 4832 732 4888; x_wconf 67' lang='lat' dir='ltr'><strong>idios</strong></span> <span class='ocrx_word' id='word_1_597' title='bbox 746 4854 836 4903; x_wconf 77' lang='lat' dir='ltr'><strong>oqueu·</strong></span> <span class='ocrx_word' id='word_1_598' title='bbox 888 4830 979 4902; x_wconf 80' lang='grc' dir='ltr'>κλήρου</span> <span class='ocrx_word' id='word_1_599' title='bbox 995 4829 1123 4892; x_wconf 71' lang='grc' dir='ltr'>ἀκινδύνως</span> <span class='ocrx_word' id='word_1_600' title='bbox 1143 4830 1402 4903; x_wconf 76' lang='grc' dir='ltr'>παραλαμὸανομίνον·</span> <span class='ocrx_word' id='word_1_601' title='bbox 1418 4833 1446 4885; x_wconf 80' lang='grc' dir='ltr'><strong>ἅν</strong></span> <span class='ocrx_word' id='word_1_602' title='bbox 1461 4852 1487 4886; x_wconf 85' lang='grc' dir='ltr'><strong>τε</strong></span> <span class='ocrx_word' id='word_1_603' title='bbox 1498 4832 1545 4906; x_wconf 76' lang='grc' dir='ltr'><strong>γὰρ</strong></span> <span class='ocrx_word' id='word_1_604' title='bbox 1556 4831 1613 4906; x_wconf 75' lang='grc' dir='ltr'><strong>εἴπῃ</strong></span> <span class='ocrx_word' id='word_1_605' title='bbox 1629 4853 1665 4896; x_wconf 82' lang='grc' dir='ltr'><strong>τις</strong></span> 
     </span>
     <span class='ocr_line' id='line_1_65' title="bbox 67 4913 1663 4992; baseline -0.001 -21"><span class='ocrx_word' id='word_1_606' title='bbox 67 4920 156 4991; x_wconf 81' lang='grc' dir='ltr'>νίμενον</span> <span class='ocrx_word' id='word_1_607' title='bbox 170 4919 270 4992; x_wconf 72' lang='grc' dir='ltr'>ἑκάστῳ</span> <span class='ocrx_word' id='word_1_608' title='bbox 284 4922 334 4972; x_wconf 80' lang='grc' dir='ltr'><strong>τῶν</strong></span> <span class='ocrx_word' id='word_1_609' title='bbox 343 4915 469 4989; x_wconf 72' lang='grc' dir='ltr'>ὀνομάτων</span> <span class='ocrx_word' id='word_1_610' title='bbox 481 4916 658 4983; x_wconf 60' lang='lat' dir='ltr'><strong>teatensem</strong></span> <span class='ocrx_word' id='word_1_611' title='bbox 671 4917 760 4989; x_wconf 69' lang='grc' dir='ltr'>λέγειν·</span> <span class='ocrx_word' id='word_1_612' title='bbox 771 4918 836 4971; x_wconf 73' lang='grc' dir='ltr'>ἀλλὰ</span> <span class='ocrx_word' id='word_1_613' title='bbox 889 4915 952 4980; x_wconf 71' lang='grc' dir='ltr'>θεὸς,</span> <span class='ocrx_word' id='word_1_614' title='bbox 974 4914 1017 4967; x_wconf 78' lang='grc' dir='ltr'><strong>οὒκ</strong></span> <span class='ocrx_word' id='word_1_615' title='bbox 1032 4913 1141 4983; x_wconf 69' lang='grc' dir='ltr'>ἐδήλωσε</span> <span class='ocrx_word' id='word_1_616' title='bbox 1162 4915 1202 4980; x_wconf 78' lang='grc' dir='ltr'><strong>τι,</strong></span> <span class='ocrx_word' id='word_1_617' title='bbox 1221 4916 1317 4987; x_wconf 79' lang='grc' dir='ltr'>πατήρ·</span> <span class='ocrx_word' id='word_1_618' title='bbox 1333 4921 1370 4987; x_wconf 80' lang='grc' dir='ltr'><strong>τῷ</strong></span> <span class='ocrx_word' id='word_1_619' title='bbox 1388 4915 1414 4969; x_wconf 81' lang='grc' dir='ltr'><strong>δὲ</strong></span> <span class='ocrx_word' id='word_1_620' title='bbox 1427 4916 1508 4989; x_wconf 79' lang='grc' dir='ltr'>πατὴρ</span> <span class='ocrx_word' id='word_1_621' title='bbox 1521 4918 1600 4970; x_wconf 76' lang='grc' dir='ltr'>λείπει</span> <span class='ocrx_word' id='word_1_622' title='bbox 1622 4917 1663 4983; x_wconf 69' lang='grc' dir='ltr'>τί),</span> 
     </span>
     <span class='ocr_line' id='line_1_66' title="bbox 67 4997 1666 5075; baseline -0.002 -18"><span class='ocrx_word' id='word_1_623' title='bbox 67 5004 123 5073; x_wconf 62' lang='grc' dir='ltr'>παρὰ</span> <span class='ocrx_word' id='word_1_624' title='bbox 132 5005 175 5072; x_wconf 71' lang='grc' dir='ltr'><strong>τὴν</strong></span> <span class='ocrx_word' id='word_1_625' title='bbox 189 5002 314 5075; x_wconf 70' lang='grc' dir='ltr'>ίνίργειαν</span> <span class='ocrx_word' id='word_1_626' title='bbox 326 5000 503 5055; x_wconf 63' lang='lat' dir='ltr'><strong>udwornicis</strong></span> <span class='ocrx_word' id='word_1_627' title='bbox 516 5000 628 5054; x_wconf 73' lang='grc' dir='ltr'>δύνασθαι</span> <span class='ocrx_word' id='word_1_628' title='bbox 649 4999 767 5069; x_wconf 75' lang='grc' dir='ltr'>ἀλλήλοις</span> <span class='ocrx_word' id='word_1_629' title='bbox 785 5004 835 5056; x_wconf 82' lang='grc' dir='ltr'>διο-</span> <span class='ocrx_word' id='word_1_630' title='bbox 889 5000 997 5067; x_wconf 80' lang='grc' dir='ltr'>ιιτίστης·</span> <span class='ocrx_word' id='word_1_631' title='bbox 1013 4999 1108 5060; x_wconf 73' lang='grc' dir='ltr'>τούτοις</span> <span class='ocrx_word' id='word_1_632' title='bbox 1121 4997 1148 5051; x_wconf 78' lang='grc' dir='ltr'><strong>δὲ</strong></span> <span class='ocrx_word' id='word_1_633' title='bbox 1160 4999 1232 5052; x_wconf 77' lang='grc' dir='ltr'>πάλιν</span> <span class='ocrx_word' id='word_1_634' title='bbox 1245 5000 1318 5071; x_wconf 82' lang='grc' dir='ltr'>χρεία</span> <span class='ocrx_word' id='word_1_635' title='bbox 1330 4999 1491 5072; x_wconf 80' lang='grc' dir='ltr'>ἀγαθότητος,</span> <span class='ocrx_word' id='word_1_636' title='bbox 1513 5001 1611 5067; x_wconf 75' lang='grc' dir='ltr'>σοφίας,</span> <span class='ocrx_word' id='word_1_637' title='bbox 1624 5003 1666 5054; x_wconf 82' lang='grc' dir='ltr'><strong>δο-</strong></span> 
     </span>
     <span class='ocr_line' id='line_1_67' title="bbox 69 5082 1667 5158; baseline -0.003 -17"><span class='ocrx_word' id='word_1_638' title='bbox 69 5086 206 5156; x_wconf 66' lang='lat' dir='ltr'><strong>pmcne</strong></span> <span class='ocrx_word' id='word_1_639' title='bbox 219 5087 348 5158; x_wconf 73' lang='grc' dir='ltr'>ὀνόματα,</span> <span class='ocrx_word' id='word_1_640' title='bbox 890 5086 996 5156; x_wconf 85' lang='grc' dir='ltr'>νάμιως,</span> <span class='ocrx_word' id='word_1_641' title='bbox 1015 5083 1055 5136; x_wconf 78' lang='grc' dir='ltr'>καί</span> <span class='ocrx_word' id='word_1_642' title='bbox 1074 5087 1123 5136; x_wconf 80' lang='grc' dir='ltr'><strong>τῶν</strong></span> <span class='ocrx_word' id='word_1_643' title='bbox 1145 5082 1239 5135; x_wconf 82' lang='grc' dir='ltr'>λοιπῶν</span> <span class='ocrx_word' id='word_1_644' title='bbox 1262 5088 1311 5136; x_wconf 84' lang='grc' dir='ltr'><strong>τῶν</strong></span> <span class='ocrx_word' id='word_1_645' title='bbox 1334 5083 1472 5154; x_wconf 70' lang='grc' dir='ltr'>φερομένων</span> <span class='ocrx_word' id='word_1_646' title='bbox 1499 5082 1523 5135; x_wconf 84' lang='grc' dir='ltr'><strong>ίν</strong></span> <span class='ocrx_word' id='word_1_647' title='bbox 1549 5088 1579 5152; x_wconf 79' lang='grc' dir='ltr'><strong>τῆ</strong></span> <span class='ocrx_word' id='word_1_648' title='bbox 1607 5083 1667 5157; x_wconf 77' lang='grc' dir='ltr'>ἁγίᾳ</span> 
     </span>
    </p>

    <p class='ocr_par' dir='ltr' id='par_1_8' title="bbox 67 5168 1667 5410">
     <span class='ocr_line' id='line_1_68' title="bbox 97 5168 982 5243; baseline -0.006 -19"><span class='ocrx_word' id='word_1_649' title='bbox 97 5171 163 5226; x_wconf 83' lang='lat' dir='ltr'><strong>ttd.</strong></span> <span class='ocrx_word' id='word_1_650' title='bbox 180 5171 226 5225; x_wconf 81' lang='grc' dir='ltr'><strong>Ἐν</strong></span> <span class='ocrx_word' id='word_1_651' title='bbox 240 5169 287 5243; x_wconf 70' lang='grc' dir='ltr'><strong>μιν</strong></span> <span class='ocrx_word' id='word_1_652' title='bbox 301 5170 370 5223; x_wconf 67' lang='lat' dir='ltr'><strong>sidtu</strong></span> <span class='ocrx_word' id='word_1_653' title='bbox 383 5168 446 5224; x_wconf 84' lang='grc' dir='ltr'>ίστιν</span> <span class='ocrx_word' id='word_1_654' title='bbox 465 5171 554 5241; x_wconf 78' lang='grc' dir='ltr'>ὄνομα,</span> <span class='ocrx_word' id='word_1_655' title='bbox 566 5172 581 5223; x_wconf 76' lang='grc' dir='ltr'><strong>ὃ</strong></span> <span class='ocrx_word' id='word_1_656' title='bbox 595 5173 673 5224; x_wconf 75' lang='grc' dir='ltr'>πᾶσαν</span> <span class='ocrx_word' id='word_1_657' title='bbox 687 5169 784 5242; x_wconf 71' lang='grc' dir='ltr'>ἐξαρκεῖ</span> <span class='ocrx_word' id='word_1_658' title='bbox 792 5169 835 5238; x_wconf 75' lang='grc' dir='ltr'><strong>τὴν</strong></span> <span class='ocrx_word' id='word_1_659' title='bbox 890 5172 982 5240; x_wconf 73' lang='grc' dir='ltr'>γραφῇ.</span> 
     </span>
     <span class='ocr_line' id='line_1_69' title="bbox 67 5250 1667 5328; baseline -0.001 -21"><span class='ocrx_word' id='word_1_660' title='bbox 67 5255 174 5311; x_wconf 74' lang='grc' dir='ltr'>τοῦθιοῦ</span> <span class='ocrx_word' id='word_1_661' title='bbox 182 5256 256 5328; x_wconf 67' lang='lat' dir='ltr'><strong>plesse</strong></span> <span class='ocrx_word' id='word_1_662' title='bbox 270 5254 412 5327; x_wconf 72' lang='grc' dir='ltr'>περιλαοδν,</span> <span class='ocrx_word' id='word_1_663' title='bbox 427 5253 516 5316; x_wconf 76' lang='grc' dir='ltr'>ἱκανῶς</span> <span class='ocrx_word' id='word_1_664' title='bbox 531 5253 680 5326; x_wconf 75' lang='grc' dir='ltr'>ἐξαγγεῖλαι·</span> <span class='ocrx_word' id='word_1_665' title='bbox 700 5255 779 5308; x_wconf 78' lang='grc' dir='ltr'>πλείω</span> <span class='ocrx_word' id='word_1_666' title='bbox 798 5253 835 5320; x_wconf 79' lang='grc' dir='ltr'><strong>δὲ,</strong></span> <span class='ocrx_word' id='word_1_667' title='bbox 926 5252 1043 5307; x_wconf 75' lang='lat' dir='ltr'><strong>dGaeo.</strong></span> <span class='ocrx_word' id='word_1_668' title='bbox 1060 5252 1141 5321; x_wconf 87' lang='lat' dir='ltr'><strong>Nyss.</strong></span> <span class='ocrx_word' id='word_1_669' title='bbox 1164 5251 1192 5305; x_wconf 80' lang='lat' dir='ltr'><strong>ut</strong></span> <span class='ocrx_word' id='word_1_670' title='bbox 1209 5250 1236 5304; x_wconf 77' lang='grc' dir='ltr'><strong>δὲ</strong></span> <span class='ocrx_word' id='word_1_671' title='bbox 1257 5250 1356 5306; x_wconf 76' lang='grc' dir='ltr'>ἑκάστου</span> <span class='ocrx_word' id='word_1_672' title='bbox 1376 5257 1425 5305; x_wconf 83' lang='grc' dir='ltr'><strong>τῶν</strong></span> <span class='ocrx_word' id='word_1_673' title='bbox 1445 5251 1585 5325; x_wconf 78' lang='grc' dir='ltr'>λεγομίνων</span> <span class='ocrx_word' id='word_1_674' title='bbox 1606 5251 1667 5306; x_wconf 65' lang='lat' dir='ltr'><strong>tecc-</strong></span> 
     </span>
     <span class='ocr_line' id='line_1_70' title="bbox 67 5334 1665 5410; baseline 0.001 -20"><span class='ocrx_word' id='word_1_675' title='bbox 67 5341 211 5394; x_wconf 74' lang='grc' dir='ltr'>ιιὶπσαίλσ</span> <span class='ocrx_word' id='word_1_676' title='bbox 221 5341 279 5393; x_wconf 78' lang='grc' dir='ltr'>κατ’</span> <span class='ocrx_word' id='word_1_677' title='bbox 292 5338 355 5392; x_wconf 69' lang='lat' dir='ltr'><strong>otas</strong></span> <span class='ocrx_word' id='word_1_678' title='bbox 368 5337 470 5392; x_wconf 68' lang='lat' dir='ltr'><strong>teucros</strong></span> <span class='ocrx_word' id='word_1_679' title='bbox 483 5338 615 5410; x_wconf 70' lang='lat' dir='ltr'><strong>eqpeoleu.</strong></span> <span class='ocrx_word' id='word_1_680' title='bbox 890 5337 966 5399; x_wconf 81' lang='grc' dir='ltr'>ζουοά</span> <span class='ocrx_word' id='word_1_681' title='bbox 980 5356 1017 5399; x_wconf 82' lang='grc' dir='ltr'><strong>τις</strong></span> <span class='ocrx_word' id='word_1_682' title='bbox 1032 5334 1122 5401; x_wconf 83' lang='grc' dir='ltr'>ἔννοια,</span> <span class='ocrx_word' id='word_1_683' title='bbox 1134 5338 1174 5389; x_wconf 80' lang='grc' dir='ltr'>καί</span> <span class='ocrx_word' id='word_1_684' title='bbox 1197 5336 1321 5409; x_wconf 77' lang='grc' dir='ltr'>πρέπουσα</span> <span class='ocrx_word' id='word_1_685' title='bbox 1340 5342 1370 5410; x_wconf 77' lang='grc' dir='ltr'><strong>τῇ</strong></span> <span class='ocrx_word' id='word_1_686' title='bbox 1390 5337 1444 5409; x_wconf 72' lang='grc' dir='ltr'>περὶ</span> <span class='ocrx_word' id='word_1_687' title='bbox 1465 5336 1527 5390; x_wconf 82' lang='grc' dir='ltr'>Θεοῦ</span> <span class='ocrx_word' id='word_1_688' title='bbox 1544 5336 1665 5410; x_wconf 77' lang='grc' dir='ltr'>ίιπολήψιι</span> 
     </span>
    </p>

    <p class='ocr_par' dir='ltr' id='par_1_9' title="bbox 70 5419 1665 5577">
     <span class='ocr_line' id='line_1_71' title="bbox 96 5419 1665 5495; baseline -0.004 -16"><span class='ocrx_word' id='word_1_689' title='bbox 96 5424 163 5480; x_wconf 82' lang='lat' dir='ltr'><strong>tid.</strong></span> <span class='ocrx_word' id='word_1_690' title='bbox 185 5425 284 5478; x_wconf 77' lang='grc' dir='ltr'>θὐιοῦν</span> <span class='ocrx_word' id='word_1_691' title='bbox 309 5424 365 5478; x_wconf 68' lang='grc' dir='ltr'>οὗτε</span> <span class='ocrx_word' id='word_1_692' title='bbox 389 5422 441 5486; x_wconf 71' lang='grc' dir='ltr'>ἐνὸς</span> <span class='ocrx_word' id='word_1_693' title='bbox 468 5423 588 5495; x_wconf 74' lang='grc' dir='ltr'>ὀνόματος</span> <span class='ocrx_word' id='word_1_694' title='bbox 611 5422 740 5494; x_wconf 73' lang='grc' dir='ltr'>ἀρκοῦντος</span> <span class='ocrx_word' id='word_1_695' title='bbox 760 5423 837 5484; x_wconf 74' lang='grc' dir='ltr'>πάσας</span> <span class='ocrx_word' id='word_1_696' title='bbox 890 5420 1045 5493; x_wconf 80' lang='grc' dir='ltr'>γνωρίζεται·</span> <span class='ocrx_word' id='word_1_697' title='bbox 1068 5419 1182 5488; x_wconf 79' lang='grc' dir='ltr'>δηλονότι</span> <span class='ocrx_word' id='word_1_698' title='bbox 1195 5419 1256 5474; x_wconf 72' lang='grc' dir='ltr'>κατὰ</span> <span class='ocrx_word' id='word_1_699' title='bbox 1274 5420 1316 5474; x_wconf 74' lang='grc' dir='ltr'><strong>τὸν</strong></span> <span class='ocrx_word' id='word_1_700' title='bbox 1337 5419 1507 5492; x_wconf 71' lang='grc' dir='ltr'>ἀριθμὸντῶν</span> <span class='ocrx_word' id='word_1_701' title='bbox 1527 5420 1665 5491; x_wconf 76' lang='grc' dir='ltr'>ὀνομάτων,</span> 
     </span>
     <span class='ocr_line' id='line_1_72' title="bbox 70 5503 1451 5577; baseline -0.006 -13"><span class='ocrx_word' id='word_1_702' title='bbox 70 5506 125 5575; x_wconf 57' lang='lat' dir='ltr'><strong>ivai</strong></span> <span class='ocrx_word' id='word_1_703' title='bbox 134 5510 247 5577; x_wconf 71' lang='grc' dir='ltr'>δηλῶσαι</span> <span class='ocrx_word' id='word_1_704' title='bbox 260 5509 303 5571; x_wconf 75' lang='grc' dir='ltr'><strong>τὰς</strong></span> <span class='ocrx_word' id='word_1_705' title='bbox 315 5512 359 5562; x_wconf 76' lang='grc' dir='ltr'><strong>τοῦ</strong></span> <span class='ocrx_word' id='word_1_706' title='bbox 373 5508 436 5561; x_wconf 76' lang='grc' dir='ltr'>θεοῦ</span> <span class='ocrx_word' id='word_1_707' title='bbox 446 5507 535 5571; x_wconf 73' lang='grc' dir='ltr'>δόξας,</span> <span class='ocrx_word' id='word_1_708' title='bbox 553 5506 606 5560; x_wconf 73' lang='grc' dir='ltr'>εὔει</span> <span class='ocrx_word' id='word_1_709' title='bbox 621 5506 721 5561; x_wconf 66' lang='lat' dir='ltr'><strong>indotos</strong></span> <span class='ocrx_word' id='word_1_710' title='bbox 736 5505 760 5569; x_wconf 74' lang='grc' dir='ltr'><strong>ἐξ</strong></span> <span class='ocrx_word' id='word_1_711' title='bbox 779 5506 837 5558; x_wconf 73' lang='grc' dir='ltr'>ὀλο·</span> <span class='ocrx_word' id='word_1_712' title='bbox 891 5505 931 5556; x_wconf 77' lang='grc' dir='ltr'>καί</span> <span class='ocrx_word' id='word_1_713' title='bbox 939 5504 963 5557; x_wconf 79' lang='grc' dir='ltr'>αἱ</span> <span class='ocrx_word' id='word_1_714' title='bbox 975 5508 1090 5575; x_wconf 80' lang='grc' dir='ltr'>οομροεῖς</span> <span class='ocrx_word' id='word_1_715' title='bbox 1101 5503 1165 5566; x_wconf 76' lang='grc' dir='ltr'>ἀξίαι</span> <span class='ocrx_word' id='word_1_716' title='bbox 1176 5508 1219 5557; x_wconf 81' lang='grc' dir='ltr'><strong>τοῦ</strong></span> <span class='ocrx_word' id='word_1_717' title='bbox 1226 5503 1288 5556; x_wconf 82' lang='grc' dir='ltr'>θεοῦ</span> <span class='ocrx_word' id='word_1_718' title='bbox 1298 5505 1451 5575; x_wconf 83' lang='grc' dir='ltr'>θεωροῦνται.</span> 
     </span>
    </p>
   </div>
   <div class='ocr_carea' id='block_1_7' title="bbox 0 0 2008 6168">
    <p class='ocr_par' dir='ltr' id='par_1_10' title="bbox 0 0 2008 6168">
     <span class='ocr_line' id='line_1_73' title="bbox 0 0 2008 6168; baseline 0 0"><span class='ocrx_word' id='word_1_719' title='bbox 0 0 2008 6168; x_wconf 95' lang='lat' dir='ltr'><strong> </strong></span> 
     </span>
    </p>
   </div>
  </div>
 </body>
</html>
