4030 6204
326 233 386 292 blo
846 228 1171 294 THEDIDGIGORUM
1191 229 1410 293 mousson

326 400 431 470 nntur,
446 394 506 457 hoc
520 398 566 457 est
583 394 873 477 comprehendatis.
893 395 950 458 Rei
969 396 1100 458 enimet
1147 395 1264 458 lotione
1286 397 1511 458 demonstrant.
1537 397 1619 458 Tum
1641 401 1762 470 enters,
1792 415 1862 478 qne
1878 397 1911 462 de

327 487 484 566 simplicis,
511 492 544 548 et
569 487 656 549 nubs
682 487 764 550 mole
791 488 933 549 &dentre
960 506 1032 568 psrs
1054 493 1101 549 est
1148 489 1424 568 comprehensione
1451 493 1525 549 sunt
1550 489 1909 567 eilstu,vete1umlocs,

328 579 426 655 nulla,
454 578 596 658 nullique
618 597 768 656 recessus,
796 586 851 641 sut
875 580 1018 656 lstebroe3
1042 598 1101 643 nec
1148 582 1273 642 tamem
1292 581 1353 643 boo
1373 581 1487 643 diserta
1505 598 1571 643 non
1593 583 1785 661 exprimunt,
1814 584 1912 646 eodem

327 671 410 732 inest
422 671 551 733 omnino
566 672 748 751 quidquam,
764 673 849 751 quod
862 673 980 734 esteris
993 673 1099 752 ecgni-
1148 689 1207 734 nus
1228 674 1380 752 dirigimt.
1402 674 1481 735 Cum
1504 673 1590 735 enirn
1613 675 1911 754 comprehensionem

327 763 379 839 iis,
394 769 426 824 et
437 764 606 843 conspectis
619 782 684 825 sese
698 764 867 839 subtrahat,
883 764 1101 844 intuentesque
1148 765 1196 826 rei
1215 765 1387 845 crrjuspism
1410 765 1445 825 in
1468 782 1505 826 ec
1519 766 1610 827 sitam
1631 782 1695 827 esse
1710 767 1864 846 judicant,
1883 775 1913 830 ul

327 854 423 917 fallat.
437 856 497 929 Qui
511 856 547 916 fit
557 856 652 934 igitur
666 861 702 916 ut
715 857 815 918 Deum
827 856 937 917 beatiss
949 856 1101 936 aspiciens
1149 856 1204 918 ills
1225 862 1291 918 tots
1312 856 1484 937 cognltioui
1506 863 1611 937 puteat
1633 864 1758 935 nosbae,
1782 864 1815 920 et
1835 861 1912 938 qussi

328 967 394 1009 non
408 949 441 1009 id
451 965 544 1009 omne
558 954 722 1027 cognoscat
734 948 819 1026 quod
832 948 867 1009 in
885 949 949 1009 Deo
963 953 1018 1023 est,
1035 948 1101 1009 imo
1150 949 1314 1028 eomplexu
1332 949 1469 1028 quodum
1493 956 1680 1023 coerceam,
1701 951 1750 1012 nti
1772 957 1837 1013 tcta
1856 951 1913 1032 ejus

328 1041 413 1119 quod
426 1046 473 1101 est
495 1042 593 1117 Deus3
613 1047 667 1102 sut
687 1040 713 1101 si
737 1040 816 1101 nihil
836 1059 901 1101 nnn
920 1040 1015 1108 videt,
1036 1058 1101 1102 non
1149 1040 1313 1120 plenitudo
1325 1041 1475 1122 capiatur,
1487 1041 1709 1116 utdeilnistur,
1730 1044 1911 1106 rircnrmerl·

328 1131 419 1193 illum
433 1133 699 1212 comprehendisse
708 1131 847 1194 dicstrui
857 1133 937 1193 Nam
949 1132 1102 1211 quidquid
1150 1133 1304 1214 baturque
1318 1135 1438 1208 nolitis,
1458 1139 1494 1194 ut
1510 1133 1607 1213 ipsius
1620 1151 1691 1214 pars
1706 1135 1795 1196 nulls
1807 1136 1913 1199 subter

329 1223 471 1299 illudast,
489 1226 573 1305 quod
587 1225 655 1305 ejus
667 1225 766 1286 eciem
782 1224 977 1303 subterbsgit,
993 1224 1103 1286 velest
1150 1224 1266 1303 fugiat3
1298 1243 1372 1287 oum
1407 1226 1485 1298 brec,
1518 1225 1659 1305 inquam,
1689 1233 1721 1289 et
1750 1228 1861 1289 similis
1879 1230 1911 1291 de

330 1318 421 1391 Deus,
450 1318 501 1379 vel
521 1317 660 1379 ulienum
687 1317 805 1397 aliquid
828 1322 859 1378 et
882 1317 1100 1378 adventitium.
1150 1325 1295 1397 καταλήψει,
1311 1336 1347 1378 sc
1360 1318 1558 1398 perceptione
1580 1318 1681 1379 animi
1698 1320 1842 1400 perfectu
1855 1320 1910 1403 ple

330 1410 397 1470 Hoc
409 1428 484 1471 vero
498 1410 652 1490 posterius
670 1428 729 1470 nee
746 1415 793 1470 est
814 1409 916 1470 ullum
932 1409 967 1470 in
980 1410 1054 1484 Deo,
1071 1414 1103 1470 et
1150 1426 1254 1488 nsque
1267 1415 1419 1485 statuunt,
1431 1410 1525 1472 iidem
1534 1428 1628 1491 porro
1638 1412 1740 1473 Deum
1752 1430 1910 1476 remonon

329 1506 366 1561 ut
379 1502 428 1573 sit,
446 1502 525 1580 nihil
537 1502 666 1563 interest
678 1506 795 1576 nostre,
811 1502 867 1581 qui
889 1502 927 1563 de
941 1520 978 1563 eo
1000 1501 1102 1562 solum
1152 1516 1217 1561 esse
1243 1501 1517 1581 simplicissimum,
1547 1498 1705 1582 nullisque
1733 1511 1910 1568 constantffl

330 1594 509 1671 querimus,
530 1595 615 1674 quod
638 1593 779 1655 naturale
800 1594 840 1655 sit
859 1596 933 1655 Deo.
951 1594 1007 1655 Sin
1021 1595 1103 1654 Deus
1151 1592 1291 1672 pertibus
1303 1598 1409 1674 sperte
1422 1594 1568 1668 sentiant,
1585 1610 1651 1656 non
1664 1596 1737 1670 alio,
1755 1614 1848 1676 qinom
1858 1617 1910 1677 quc

330 1690 376 1746 est
406 1686 561 1766 idipsum,
590 1686 674 1766 quod
703 1686 862 1747 videntem
888 1685 973 1760 lutet,
1006 1685 1103 1746 latare
1152 1684 1216 1746 dlxi
1229 1686 1334 1760 modo,
1350 1686 1479 1748 illorum
1492 1688 1609 1767 exponi
1622 1704 1761 1751 mensus
1774 1692 1909 1753 sentem

329 1796 456 1857 prorsus
468 1798 534 1840 non
547 1784 665 1859 potest,
681 1796 721 1839 no
730 1778 870 1858 purlibus
882 1784 1023 1840 onustare
1036 1796 1102 1839 cre-
1151 1777 1276 1857 poterit.
1293 1776 1447 1839 Nimirum
1462 1779 1598 1854 sibillos,
1614 1781 1670 1859 qui
1684 1782 1785 1843 Deum
1796 1783 1871 1844 clare
1881 1802 1910 1844 sc

330 1869 432 1947 datur,
446 1890 581 1950 quarum
603 1890 667 1932 uns
679 1870 783 1950 palum
796 1870 847 1943 sit,
863 1870 960 1932 altera
974 1871 1101 1933 celetur
1152 1871 1316 1950 perspicue
1334 1875 1534 1949 contuentur,
1549 1878 1648 1934 toturn
1665 1874 1734 1953 ejus
1749 1876 1907 1949 esoendam,

330 1965 377 2024 lta
387 1982 445 2027 nos
456 1965 674 2043 undecumque
685 1963 856 2043 constringi
866 1963 1022 2026 videmur.
1152 1968 1308 2038 naturam,
1337 1980 1374 2024 sc
1391 1964 1596 2043 proprietatos
1618 1982 1729 2027 omncs
1745 1968 1859 2040 videre,
1881 1973 1909 2028 ut

370 2058 431 2118 Sed
451 2057 605 2136 imprimis
624 2074 690 2117 uon
711 2073 902 2136 magnopere
922 2058 961 2118 dc
974 2070 1102 2136 respon·
1152 2070 1218 2115 non
1229 2054 1269 2115 sd
1288 2054 1445 2130 universe,
1462 2072 1534 2135 quoe
1552 2056 1677 2119 infinita
1690 2060 1800 2133 nusi,
1815 2058 1908 2122 eleis

330 2148 431 2210 dendo
455 2150 598 2210 sollicitos
617 2153 649 2209 et
668 2148 777 2209 anxios
801 2167 866 2210 ease
888 2167 947 2210 nos
969 2153 1101 2229 oportet.
1152 2147 1264 2208 dendo
1286 2148 1391 2209 moliri
1407 2154 1519 2227 potest,
1542 2149 1634 2225 clnrs,
1652 2155 1685 2211 et
1702 2151 1843 2212 distinctn
1856 2152 1911 2213 illo

330 2241 401 2303 Non
421 2242 517 2315 enim,
543 2246 580 2302 ut
605 2242 761 2302 inscitiam
782 2241 868 2302 illius
893 2241 942 2302 rei
965 2247 1104 2302 nostrum
1152 2256 1225 2300 rum
1250 2241 1388 2319 cognitio
1414 2241 1579 2320 pertinent.
1606 2242 1707 2304 llubet
1731 2243 1799 2305 hec
1819 2243 1909 2324 opinio

330 2335 460 2395 comitor
473 2334 635 2409 fateamur,
651 2333 701 2394 vel
718 2333 836 2413 pudere
850 2352 908 2394 nos
928 2334 1036 2413 megis,
1054 2334 1104 2395 vel
1152 2333 1339 2395 recentiores
1348 2334 1499 2412 quosdam
1505 2333 1545 2395 de
1553 2333 1658 2395 schola
1665 2334 1909 2397 fautoreslbeolo

329 2427 526 2504 reprehendi,
540 2426 798 2505 sutirridoripsr
812 2431 867 2502 est,
884 2426 1104 2505 quaminaliis
1152 2440 1218 2502 gos,
1248 2425 1303 2503 qui
1327 2430 1358 2485 et
1379 2425 1573 2487 enucleatius
1599 2427 1736 2488 remita
1760 2427 1905 2489 deliniunt

331 2517 515 2591 innumeris,
536 2536 607 2598 quse
622 2522 659 2578 ut
674 2535 739 2578 esse
759 2535 868 2579 revers
887 2518 1044 2594 novimus,
1060 2518 1105 2579 sic
1153 2516 1278 2592 Eourm,
1295 2534 1367 2597 quse
1380 2517 1481 2579 inesse
1499 2519 1562 2578 Deo
1582 2518 1770 2597 cogitentur,
1785 2519 1908 2600 quedem

331 2610 597 2688 quemadmodum
619 2628 651 2670 se
673 2609 809 2670 habeant
832 2611 858 2670 si
880 2628 946 2671 non
966 2610 1103 2689 ingenue
1152 2626 1264 2687 perse,
1277 2610 1461 2689 noproprie,
1474 2609 1614 2688 quodlib
1624 2608 1905 2689 [mutaremus

330 2702 538 2780 agnoscimus,
568 2706 685 2762 temere
710 2702 878 2762 divinando
902 2702 1101 2779 conjicimus3
1152 2701 1265 2779 incjus
1276 2706 1390 2762 nature
1404 2702 1573 2776 contineri3
1589 2701 1651 2763 ulis
1663 2720 1731 2764 non
1750 2703 1907 2783 persesed

330 2793 595 2873 quandoquidem,
605 2798 641 2853 ut
646 2794 690 2854 ait
700 2794 904 2855 Hebraeorum
910 2794 1104 2856 doctissimus
1152 2793 1185 2853 vi
1197 2793 1263 2854 sols
1275 2798 1307 2855 et
1316 2793 1491 2867 efficientia,
1509 2799 1663 2873 quatenus
1677 2796 1806 2874 produci
1816 2796 1852 2856 sb
1863 2795 1906 2856 illu

330 2885 433 2947 Rcbbi
445 2887 555 2959 Moses,
577 2885 682 2946 anihil
696 2902 807 2946 eorum
817 2886 973 2959 novimus,
990 2892 1105 2965 praeter
1152 2883 1211 2946 ista
1228 2891 1368 2965 possunt,
1393 2901 1456 2965 quo
1477 2885 1570 2946 modo
1594 2886 1749 2947 contineri
1771 2887 1907 2948 emimus

330 2978 526 3054 exstantiam,
541 2984 723 3039 nonsutem
736 2978 999 3057 quiduiutems.»
1018 2978 1105 3040 Telis
1152 2976 1258 3055 eliqua
1275 2977 1432 3038 dicuntur.
1448 2977 1549 3056 Atque
1561 2978 1621 3038 boe
1645 2978 1679 3038 in
1699 2979 1774 3040 solis
1785 2978 1906 3059 exemplo

330 3076 404 3131 sunt
430 3070 576 3151 pleraque
615 3070 722 3131 omnia
752 3070 928 3131 christiane
956 3071 1105 3150 mysterio
1152 3068 1353 3131 mmifestum
1366 3074 1423 3130 est.
1445 3068 1502 3130 Hic
1518 3071 1604 3131 enim
1621 3071 1801 3132 uniusmodi
1812 3072 1904 3144 formr,

329 3161 421 3238 fidei3
437 3162 561 3241 quaesic
573 3161 675 3242 reipsa
684 3180 749 3223 esse
763 3161 988 3241 cognoscimus,
1006 3168 1104 3224 uteo·
1153 3163 1346 3242 etqualitate
1360 3162 1510 3242 proditus
1527 3167 1582 3237 est,
1599 3161 1678 3237 luae,
1696 3182 1733 3225 so
1751 3162 1904 3243 splendore,

329 3272 403 3315 rum
415 3256 525 3316 modos
538 3273 658 3330 omnes,
674 3274 711 3316 ac
723 3255 859 3315 rationes
873 3254 951 3315 scire
965 3272 997 3316 se
1011 3273 1104 3317 namo
1153 3272 1249 3334 qnam
1261 3254 1392 3335 proinde
1407 3252 1577 3334 formaliter
1590 3254 1685 3316 habat
1697 3256 1731 3316 in
1745 3272 1826 3330 sese;
1839 3255 1905 3316 calo

330 3348 468 3425 prudens
494 3347 634 3427 profiteri
657 3347 762 3427 possit.
792 3346 841 3408 Ad
864 3347 950 3407 huuc
974 3349 1105 3410 modum
1152 3364 1220 3409 ram
1232 3364 1307 3408 vero
1321 3347 1547 3420 annositatem,
1564 3347 1789 3427 qualitatesque
1801 3351 1906 3409 <seru

330 3438 431 3500 videri
453 3440 553 3500 Deum
572 3438 721 3513 abestis,
746 3445 777 3499 et
797 3438 878 3499 clare
900 3438 1105 3520 distincteque
1152 3439 1187 3501 in
1201 3441 1266 3502 solu
1283 3442 1398 3502 virtute
1411 3454 1448 3500 aa
1463 3444 1614 3519 potestate
1636 3440 1784 3515 mutinet,
1808 3440 1906 3501 linet

331 3531 485 3610 cognosci,
516 3549 610 3591 nemo
642 3531 736 3592 hodie
770 3531 958 3605 eutholimus,
988 3533 1105 3593 nedum
1154 3532 1262 3593 effecta
1281 3533 1399 3606 omnia,
1424 3546 1560 3612 quorum
1581 3546 1674 3593 sousa
1695 3538 1755 3606 est,
1774 3537 1805 3593 et
1823 3531 1904 3611 origo.

330 3622 493 3702 theologus
513 3622 644 3684 dubitat.
668 3623 748 3696 Quid
766 3624 806 3684 sit
827 3629 943 3698 sutem,
965 3642 1020 3684 cnr
1040 3643 1105 3685 non
1153 3625 1224 3685 Non
1246 3625 1341 3698 enim,
1367 3622 1503 3703 exempli
1526 3639 1630 3697 cuum,
1655 3640 1770 3685 surum
1792 3629 1843 3699 ast,
1862 3628 1905 3683 snt

330 3715 455 3794 penitus
464 3714 755 3793 comprehendatur,
767 3716 882 3776 honest
894 3735 934 3777 ex
943 3721 1021 3791 toto,
1037 3734 1106 3797 per·
1152 3716 1241 3797 lapis,
1256 3718 1340 3797 quod
1361 3716 1396 3776 in
1406 3715 1601 3789 aurifodinis,
1615 3714 1904 3797 aclnpicidinisidius

330 3806 470 3886 fccteque
492 3807 644 3881 videntur,
670 3809 715 3868 sio
735 3813 772 3868 ut
789 3806 871 3869 nihil
892 3809 927 3869 in
952 3825 1000 3883 eo,
1021 3810 1106 3888 quod
1153 3806 1197 3882 vi,
1218 3815 1250 3870 et
1263 3809 1398 3871 efficacia
1407 3822 1538 3888 corpora
1549 3806 1609 3869 ists
1618 3808 1803 3871 formantur.
1813 3810 1904 3882 Qatn-

330 3899 532 3980 intelligutur,
558 3899 702 3980 supersit,
725 3900 753 3960 si
776 3900 894 3961 nescire
919 3917 970 3961 me
996 3900 1103 3978 fatear,
1154 3900 1263 3961 obrem
1288 3901 1344 3980 qui
1372 3900 1471 3961 solem
1490 3898 1595 3978 ipsum
1617 3900 1709 3979 plene
1736 3918 1773 3962 sc
1793 3900 1904 3981 pudeste

331 3992 554 4072 ignoscendum
570 3992 650 4053 mihi
662 3992 732 4067 erit,
752 3992 874 4072 opinor,
899 4008 958 4053 nec
970 3994 1010 4053 ud
1023 3993 1104 4054 invi-
1153 3993 1203 4054 vel
1227 3993 1323 4055 oculis
1342 3992 1437 4068 videt,
1461 3991 1511 4053 vel
1537 3997 1641 4053 mente
1664 3995 1802 4074 percipit,
1820 3996 1903 4052 totum

331 4084 415 4145 dium
427 4085 627 4146 trahendum.
642 4085 761 4145 Verum
774 4102 840 4145 non
856 4084 942 4146 deest
963 4086 1102 4161 omnino,
1154 4086 1283 4165 quidam
1297 4084 1447 4159 intusum,
1465 4089 1498 4145 et
1508 4083 1712 4145 substantium
1721 4086 1787 4165 ejus
1799 4100 1904 4147 omnem

332 4178 416 4255 quod
443 4177 502 4239 hnc
536 4178 575 4238 de
606 4195 640 4238 ra
673 4177 875 4258 probabiliter
903 4177 965 4238 dici
998 4184 1102 4257 queat,
1153 4178 1354 4258 intelligendo
1368 4176 1460 4257 oepit,
1474 4194 1511 4237 ac
1526 4176 1676 4256 quidquid
1689 4178 1784 4239 estin
1797 4196 1841 4250 co,
1854 4192 1903 4255 quo

332 4269 477 4348 quodque
490 4288 556 4330 non
571 4268 666 4330 nimis
676 4269 811 4342 curioso,
822 4287 858 4329 ac
867 4286 991 4330 moroso
1004 4269 1106 4349 inqui·
1154 4271 1325 4332 substantia
1337 4271 1405 4349 ipse
1416 4269 1580 4343 formatur,
1596 4275 1633 4329 ut
1643 4268 1812 4350 famuliter
1823 4269 1903 4330 inm

333 4360 421 4421 siluri
448 4362 622 4423 satisfaciat.
645 4361 739 4440 Cujus
758 4361 886 4441 quidem
908 4361 943 4421 in
970 4361 1107 4441 superio
1155 4364 1285 4425 dicatur.
1307 4363 1378 4423 Non
1394 4361 1500 4422 omnia
1517 4366 1623 4422 tamen
1642 4361 1783 4424 distincte
1800 4377 1903 4422 necess

333 4451 421 4514 ribus
451 4459 594 4515 veterum
624 4453 805 4527 adimendis,
835 4454 1106 4533 expendendisque
1156 4463 1202 4518 est
1215 4457 1255 4517 sb
1268 4454 1321 4517 illo
1336 4452 1488 4534 cognosci,
1501 4454 1613 4533 queri
1627 4453 1705 4532 ejus,
1717 4461 1749 4516 et
1761 4450 1904 4515 effluentis

333 4545 518 4605 testimoniis
527 4547 595 4625 jum
615 4546 768 4608 nonnulla
776 4546 860 4624 jacta
879 4552 954 4606 sunt
973 4546 1104 4608 semina.
1155 4547 1365 4629 proferuntur.
1388 4545 1477 4620 Quod
1499 4545 1664 4626 noemi
1691 4546 1833 4626 potuerit,
1848 4550 1904 4604 turu

160 4671 311 4735 bissinum·
375 4636 455 4697 Xlll.
469 4638 550 4698 Nam
563 4640 813 4701 testimoniorum
821 4637 1107 4718 istarumquaednm
1155 4640 1328 4702 absolutam
1346 4634 1430 4700 illius
1446 4637 1602 4715 notitiem,
1617 4638 1711 4699 idest
1727 4636 1905 4743 comprober

174 4725 297 4825 ptthu'ia
228 4737 293 4769 ⁰⁰⁰⁰⁰
334 4729 394 4789 boo
423 4729 607 4808 significant,
641 4732 756 4793 idcirco
789 4731 1011 4812 comprehendi
1041 4750 1107 4793 non
1155 4734 1276 4795 sionem
1303 4732 1363 4793 erit
1386 4731 1525 4810 adeptus.
1550 4732 1597 4791 lta
1622 4731 1722 4792 Deum
1739 4732 1792 4810 qui
1812 4725 1903 4790 mentis

182 4778 643 4930 ¹2²³31÷3⁸P⁰⁸⁸⁰Deuqupi⁸
664 4844 729 4886 non
752 4830 928 4904 potesttota
947 4824 1031 4886 illius
1044 4824 1109 4885 effi·
1156 4826 1246 4887 oculo
1268 4824 1442 4907 perspicue,
1455 4823 1530 4897 sive,
1547 4827 1583 4882 ut
1601 4823 1758 4903 Scriptura
1774 4822 1900 4902 loquitur

173 4885 297 4994 “¹35⁰‘'
253 4938 285 4983 ι
334 4912 447 4974 cicutis
454 4917 608 4994 cognomi,
624 4934 682 4977 nec
694 4916 803 4978 effecta
816 4917 922 4978 omnio
941 4916 1019 4996 cupi,
1036 4932 1107 4997 quae
1156 4917 1234 4997 forie
1253 4914 1294 4979 od
1309 4915 1416 4998 scetem
1438 4912 1533 4989 ridet,
1548 4918 1651 4975 toturn
1673 4914 1716 4990 id,
1743 4914 1822 4995 quod
1838 4914 1904 4974 beu

196 5004 254 5048 '¹¹¹⁰‘1
241 4992 282 5037 ¹²·st
334 5004 374 5064 sb
388 5005 442 5067 illo
458 5024 586 5070 manare
600 5014 740 5089 possunt.
752 5009 819 5070 Hoc
833 5009 1035 5090 Epiphanius,
1049 5008 1109 5070 boc
1157 5015 1212 5085 est,
1230 5008 1373 5070 distincte
1391 5006 1507 5083 cernit3
1523 5011 1708 5068 nonmmen
1723 5008 1903 5068 nniversam

335 5095 511 5179 Dionysius,
526 5100 586 5164 hoc
598 5116 652 5163 ιιι(
663 5100 722 5182 ipsi
731 5100 869 5164 seniores
879 5101 914 5163 in
927 5098 999 5163 Jobi
1010 5103 1109 5163 trans
1156 5100 1373 5185 pressitque
1386 5096 1550 5162 infinita
1521 5116 1553 5160 rr
1570 5114 1627 5160 sus
1639 5116 1798 5183 procreare
1810 5096 1901 5179 potest

371 5404 392 5447 α
412 5391 536 5448 Βιιιιιιιι.
566 5393 596 5449 in
617 5392 701 5450 lib.l
732 5399 811 5452 More
835 5395 904 5453 Neb.
934 5410 995 5467 csp.
1027 5411 1103 5452 ιιιιι.
1360 5401 1469 5455 ,tnllln
1483 5375 1524 5454 ub
1540 5368 1901 5454 usbrntmslsnmsb
