4030 6204
177 2176 207 2219 Ει
215 2175 324 2220 Patribus.

341 351 402 410 aas
843 340 1171 405 THEOLOGICORUM
1198 340 1416 403 DOGMATUM

343 518 433 592 velle,
448 522 480 576 et
492 517 532 576 ad
552 515 629 575 illud
652 513 795 585 excitare,
820 516 913 590 atque
931 526 1052 588 eogere.
1069 507 1115 566 lta
1163 505 1290 567 nianam
1304 507 1457 568 inscitiam
1472 505 1627 586 aptissime
1638 503 1789 584 Origenes
1800 504 1835 565 in
1848 515 1925 565 serto

343 609 376 669 in
392 607 510 669 Psalmo
524 623 545 667 v
559 627 565 667 ι
579 607 664 667 Mona
677 603 773 664 ostobo
796 601 859 671 titt,
876 609 903 662 et
916 598 1025 667 videbo,
1044 597 1114 679 quia
1163 597 1242 658 libro
1255 606 1361 659 contro
1384 596 1508 670 Celsum,
1529 597 1622 658 etiam
1641 600 1925 675 argumentisque

344 719 402 761 aon
426 698 504 760 Deua
535 697 629 759 volens
654 695 838 776 iniguitatem
858 701 891 753 tu
914 711 952 753 ea.
974 693 1011 751 Et
1033 689 1115 768 apud
1164 691 1318 770 precipua
1327 697 1401 752 sunt
1411 690 1788 768 hooingenere,n0tatis,
1800 689 1925 767 idipsum

345 790 552 852 Ezechielem:
566 786 888 868 Nuasqutilooluntotis
902 802 973 845 mete
986 790 1026 842 est
1038 798 1116 841 αιοιν
1164 782 1278 842 docuit.
1295 785 1373 843 Nam
1391 800 1463 844 oum
1483 783 1587 843 Celsus
1608 782 1701 856 idem,
1724 781 1812 859 qarod
1831 787 1925 859 postea

346 883 441 963 impii,
463 880 536 942 dicit
558 880 701 942 Dominus
716 877 804 945 Deru,
826 884 852 937 et
866 895 925 936 oon
940 883 973 936 ut
995 891 1114 934 conver
1165 874 1318 948 Calvinus,
1342 876 1456 936 sentire
1476 874 1662 936 Christianos
1680 873 1870 947 existimans,
1888 875 1928 934 in-

344 965 1115 1047 toturoviissutt‚etoioot¹iEtinlibroSopieatioes
1164 972 1346 1046 terr0garet‚
1375 969 1429 1047 qui
1448 969 1575 1029 tandem
1600 969 1698 1027 Deum
1724 965 1809 1026 mapa
1834 966 1927 1026 sm
2000 958 2001 985 1

346 1065 425 1126 Deus
456 1072 577 1127 mortem
599 1081 657 1123 aon
679 1062 763 1142 feeit,
784 1078 835 1121 aec
859 1058 976 1120 lototur
998 1057 1029 1117 ιἰι
1047 1074 1115 1136 per·
1165 1063 1321 1137 putarent,
1341 1061 1506 1140 respondet
1523 1059 1694 1137 Origenes:
1713 1058 1809 1118 «Nos
1828 1058 1927 1118 adista

346 1157 456 1218 ditione
466 1154 628 1218 vivorum&
641 1152 779 1232 lienique
789 1151 900 1212 Paulus
913 1151 951 1211 ad
963 1151 1117 1211 Romanos
1166 1150 1307 1227 dicimus,
1332 1153 1415 1213 mala
1428 1152 1564 1232 quidem,
1581 1152 1640 1212 hoo
1662 1156 1708 1212 est
1725 1149 1925 1224 vitiositatem,

346 1249 493 1324 scribens,
509 1247 652 1325 iniquum
665 1245 731 1305 fore
748 1245 847 1305 lleum
860 1242 978 1317 asserit,
1000 1241 1026 1300 si
1044 1257 1119 1300 vera
1166 1247 1198 1303 et
1215 1262 1285 1322 quas
1307 1244 1346 1304 ab
1369 1245 1427 1306 hae
1448 1250 1552 1305 ortum
1569 1242 1695 1317 habent,
1714 1242 1855 1302 actiones
1872 1261 1928 1303 nou

347 1342 387 1402 sit
400 1341 505 1419 opinio
526 1339 656 1414 Calvini,
678 1336 757 1397 velle
780 1340 950 1415 peceatum,
972 1333 1012 1393 ad
1025 1333 1118 1411 idque
1166 1335 1270 1397 iecisse
1297 1337 1406 1397 Deum.
1433 1336 1593 1410 Quomodo
1618 1335 1702 1395 enim
1727 1333 1800 1393 fieri
1827 1340 1925 1412 posset,

347 1433 527 1494 necessitate
548 1430 683 1509 quadam
710 1428 888 1489 oonstriotos
915 1426 1059 1499 excitare,
1088 1430 1119 1484 et
1167 1428 1322 1508 utdogma
1332 1429 1409 1489 illud
1418 1429 1456 1489 de
1465 1427 1585 1490 ludieio
1597 1426 1693 1487 libem
1705 1425 1925 1504 praediearetur,

348 1524 508 1604 impellere
536 1525 646 1584 Deum.
674 1520 713 1581 si
734 1528 830 1581 autern
854 1518 997 1599 iniquitas
1018 1524 1119 1576 nostro
1167 1520 1251 1599 quod
1264 1521 1391 1600 quidem
1405 1521 1504 1595 dooet,
1519 1526 1588 1580 tum
1607 1517 1767 1598 improbos
1782 1518 1926 1597 poenissi·

342 1616 494 1698 justitiam
503 1614 561 1675 Dei
570 1612 761 1680 commotdot,
772 1612 884 1691 inquit,
894 1607 1120 1691 quiddioermu?
1167 1610 1218 1672 fiai
1231 1617 1357 1692 propter
1374 1613 1509 1673 aciones
1522 1630 1561 1673 ex
1574 1610 1739 1671 vitiositate
1755 1609 1863 1684 facus,
1879 1629 1926 1690 pro

350 1706 503 1788 Numquid
518 1707 633 1787 iniquus
659 1713 699 1766 est
722 1704 809 1772 Deus,
833 1703 888 1783 qui
907 1701 998 1782 infert
1020 1697 1120 1761 iram?
1167 1704 1288 1765 ratione
1308 1705 1508 1780 delictorum3
1531 1704 1636 1765 beatos
1660 1721 1735 1763 vero
1758 1720 1839 1776 esse,
1863 1708 1890 1761 et
1911 1722 1928 1761 a

349 1797 521 1880 (meandum
551 1796 696 1858 homiaem
722 1794 814 1877 dito).
847 1794 942 1856 Absit.
976 1791 1120 1873 aloquin
1169 1796 1232 1856 Deo
1245 1798 1373 1876 praemia
1386 1802 1603 1858 consecuturos
1616 1813 1680 1869 eos,
1695 1794 1805 1874 quiex
1820 1794 1927 1854 virtutis
2002 1782 2003 1849 ί

348 1888 489 1973 quomodo
495 1888 650 1971 judicabit
665 1888 742 1949 Deus
757 1885 833 1947 hunc
845 1884 987 1949 mundum
1002 1884 1063 1944 ³?r)
1168 1890 1345 1969 pl'oettcripto
1366 1890 1509 1965 vixerint,
1530 1887 1594 1949 sive
1613 1887 1750 1947 ustiones
1762 1886 1882 1946 pituitis
1893 1885 1928 1945 [e-

371 1984 441 2055 xl.
464 1982 618 2043 Aooedant
632 1998 730 2059 pausa
751 1979 893 2058 quaedam
912 1983 1054 2037 veterum
1072 1993 1121 2036 ea·
1169 1980 1277 2057 serint,
1292 1974 1319 2043 si
1332 1980 1482 2060 ejusmodi
1494 1980 1666 2041 malaDeus
1679 1978 1801 2040 ferisset
1816 1988 1839 2037 ‘.
1850 1978 1926 2039 ullor

349 2076 422 2136 dem
441 2075 478 2135 de
500 2092 533 2134 re
551 2072 737 2133 testimonia.
757 2070 969 2147 Athenagoras
985 2069 1020 2128 in
1037 2067 1118 2147 Apo-
1168 2070 1223 2147 ait,
1239 2073 1293 2152 qui
1307 2074 1406 2134 Deum
1420 2072 1495 2133 mali
1503 2077 1661 2133 auctorem
1672 2071 1874 2144 eonstituunt,
1883 2088 1927 2130 eos

350 2166 469 2247 lopatieo
485 2182 609 2226 eausam
629 2163 723 2224 etiam
741 2162 824 2223 illius
841 2161 995 2222 eruditam
1018 2159 1118 2234 affert,
1169 2163 1335 2243 Scripturas
1346 2165 1522 2226 testimonia
1535 2164 1678 2244 quedam
1691 2162 1817 2238 afferre,
1828 2163 1926 2241 quasid

350 2257 588 2319 severissimam
600 2276 629 2316 :u
642 2254 795 2329 Quoniam
804 2254 842 2314 ad
857 2254 898 2329 id,
914 2252 998 2333 quod
1009 2257 1121 2331 praeter
1169 2256 1313 2317 videntur
1336 2276 1528 2331 asseverare3
1549 2256 1600 2317 sed
1616 2274 1652 2316 ea
1665 2255 1748 2316 male
1765 2253 1809 2315 ab
1822 2254 1879 2314 illis
1889 2254 1927 2313 in
2003 2300 2004 2305 1

352 2349 399 2430 (id
413 2356 459 2411 est
467 2345 586 2428 ronna)
603 2353 746 2408 naunam
760 2350 816 2421 est,
829 2344 988 2423 impellere
1001 2350 1121 2405 nonest
1168 2348 1276 2427 telligi.
1297 2350 1418 2411 Etenim
1436 2372 1451 2407 α
1472 2349 1556 2409 mala
1573 2348 1699 2428 proprie
1719 2347 1814 2414 dieta,
1839 2345 1926 2427 ραίάνι

352 2442 405 2503 Dei
418 2452 444 2501 ν.
463 2462 475 2498 ι
496 2442 549 2501 Est
571 2444 676 2499 autem
694 2457 711 2499 e
735 2437 808 2498 mali
831 2436 1062 2497 delinitionibus
1082 2454 1121 2496 ex
1168 2440 1246 2500 moli
1257 2438 1334 2521 fiunt
1348 2440 1493 2516 domines,
1508 2459 1573 2501 non
1585 2440 1690 2501 lesisse
1705 2441 1823 2513 Deum;
1838 2439 1926 2499 sedes

351 2532 525 2611 Augustino
546 2530 687 2610 superius
709 2528 808 2589 allatis
831 2547 894 2588 una
915 2528 1000 2605 hose,
1024 2533 1060 2588 ut
1082 2528 1121 2588 sit
1168 2530 1254 2592 velut
1267 2552 1306 2593 ex
1317 2533 1466 2594 assidenti
1479 2533 1624 2611 consequi
1633 2531 1645 2579 ί
1648 2577 1656 2591 .
1672 2553 1688 2589 υ
1706 2532 1782 2605 Quae
1796 2532 1926 2592 adversm

355 2625 426 2699 «id,
443 2624 526 2702 quod
540 2627 706 2683 esteoutra
720 2626 874 2681 neumam.
891 2641 906 2677 u
924 2621 1024 2693 Quare
1040 2622 1121 2681 Deus
1169 2623 1331 2685 Calvinum
1353 2626 1466 2704 scripta
1483 2629 1582 2704 putet,
1602 2624 1657 2703 qul
1676 2623 1779 2702 legere
1793 2622 1924 2683 voluerit

350 2718 389 2778 ad
404 2716 522 2777 malum
541 2733 605 2775 nou
625 2713 766 2793 impellit.
786 2735 801 2769 ιι
817 2715 897 2773 lleus
915 2712 1000 2773 euim
1019 2731 1120 2793 nsque
1169 2717 1285 2778 Eadem
1308 2736 1387 2797 pene
1410 2717 1576 2795 Gregorius
1603 2716 1762 2795 Nyssenus
1786 2714 1926 2775 habdin

349 2814 513 2870 tentatura
527 2807 621 2881 malo,
637 2823 739 2884 neque
749 2809 848 2864 tentat
861 2804 1039 2883 quempiam
1052 2826 1068 2863 υ
1081 2806 1120 2866 ad
1169 2809 1267 2889 eapite
1289 2826 1311 2869 v
1339 2808 1517 2871 Coteolretioi
1540 2808 1626 2881 libri,
1651 2826 1722 2887 ‹111ae
1746 2805 1926 2868 anteradenli

350 2901 498 2961 malum:
529 2898 613 2978 quod
636 2897 769 2958 laoobus
794 2896 925 2971 indicat,
954 2903 990 2956 ut
1017 2897 1121 2957 Graeca
1169 2901 1268 2980 eapite
1281 2902 1434 2981 descripta
1444 2905 1527 2962 sunt.

350 3012 415 3074 pras
438 3012 471 3053 se
494 2991 599 3052 ierunt
612 2988 635 3050 ⁶.
656 2989 697 3049 At
721 3007 761 3049 er
781 2988 898 3049 Calvini
916 2988 1118 3067 blasphemia,
1209 2992 1382 3053 Methodius
1408 2994 1484 3052 item
1506 2997 1613 3052 auctor
1634 2990 1781 3069 antiquus
1804 2989 1838 3051 iu
1859 2989 1926 3050 libro

348 3104 414 3146 non
436 3090 536 3145 tentat
561 3081 674 3158 solum,
700 3087 732 3141 et
757 3080 873 3141 illicere
900 3081 1012 3156 studet,
1037 3081 1121 3160 quod
1169 3082 1323 3146 doLibero
1337 3084 1473 3159 arbitrio,
1498 3084 1581 3164 apud
1602 3084 1760 3155 Photium,
1779 3105 1796 3139 u
1809 3082 1926 3162 impium

350 3195 450 3238 uuum
458 3175 581 3237 diabolo
593 3189 772 3235 conoessum
786 3178 842 3247 est,
859 3172 912 3232 sed
921 3173 1026 3247 etiam,
1037 3173 1121 3252 quod
1169 3195 1234 3237 esse
1245 3183 1359 3244 censet,
1372 3177 1547 3237 effectorem
1560 3175 1634 3236 mali
1647 3182 1759 3254 putare
1772 3177 1923 3247 Deum131

348 3269 406 3329 iste
418 3288 475 3329 neo
493 3268 576 3343 iacit,
592 3284 649 3327 nee
661 3270 761 3346 potest
775 3265 885 3340 faeere,
901 3283 957 3343 pro
972 3270 1120 3342 potestate
1169 3274 1205 3328 ut
1226 3274 1257 3328 et
1279 3269 1489 3330 Theodoretus
1511 3268 1591 3327 libro
1605 3268 1644 3341 V,
1669 3278 1772 3329 contra
1796 3265 1924 3331 Herem,
2005 3298 2006 3323 ι

349 3360 521 3439 compellit,
537 3379 552 3416 ι(
568 3364 599 3418 et
618 3357 766 3436 reprobos
791 3357 875 3435 (quae
903 3363 976 3416 sunt
1003 3356 1119 3418 Calvini
1168 3359 1266 3439 eapite
1280 3377 1324 3420 vr.

348 3449 457 3531 verba)
468 3449 694 3528 inobsequium
704 3448 794 3527 oogit.
807 3470 822 3505 ι)
836 3447 977 3509 Clemens
990 3448 1119 3510 Alexan·
1208 3452 1272 3512 Xll.
1296 3452 1424 3512 Basilius
1441 3470 1514 3513 vero
1537 3452 1696 3530 integrum
1712 3451 1754 3511 de
1766 3451 1826 3511 hoe
1842 3467 1921 3528 urgu-

349 3542 505 3602 drinusin
521 3541 623 3620 primo
639 3538 833 3615 Stromoteoo,
851 3545 1012 3619 peceatum
1026 3559 1118 3602 omne
1168 3549 1273 3604 mento
1303 3543 1419 3604 librum
1449 3543 1657 3618 elucubravit;
1688 3543 1723 3603 in
1751 3561 1814 3621 qno
1841 3544 1925 3602 Deum

349 3653 388 3695 ex
408 3633 506 3694 libera
530 3631 598 3692 lieri
621 3630 780 3691 voluntate
800 3631 965 3692 hominum
989 3633 1115 3693 asserit:
1168 3635 1245 3713 ejus,
1270 3637 1354 3714 quod
1374 3654 1445 3697 vere
1468 3636 1588 3697 malum
1608 3641 1664 3709 est,
1689 3636 1722 3695 id
1744 3642 1793 3696 est
1813 3634 1922 3715 pastali.

353 3748 368 3783 α
383 3728 481 3786 Deum
494 3730 600 3785 autem
613 3739 738 3783 eausam
749 3722 834 3782 illius
843 3741 907 3783 non
916 3732 1008 3784 esset
1024 3745 1040 3781 υ
1168 3734 1326 3789 auetorem
1340 3747 1404 3788 non
1413 3744 1478 3788 esse
1487 3728 1636 3808 disputat;
1652 3728 1825 3788 hoavems
1837 3725 1923 3797 nobis,

390 3816 575 3879 Athanasius
583 3816 617 3875 in
630 3814 709 3874 libro
723 3823 823 3875 eontra
839 3812 974 3876 Gentes«
988 3816 1115 3889 Malum,
1168 3825 1199 3880 et
1220 3820 1260 3880 ab
1280 3820 1378 3881 libera
1398 3819 1556 3881 voluntate
1579 3824 1701 3894 namra,
1737 3838 1803 3880 non
1823 3818 1861 3878 ab
1880 3816 1924 3876 illo

349 3910 461 3989 inquit,
473 3926 603 3988 nequea
616 3908 678 3968 Deo
692 3911 748 3981 est,
765 3925 866 3985 nequo
879 3906 912 3966 in
923 3908 1001 3982 Deo3
1017 3927 1119 3987 neque
1168 3912 1326 3990 proficisci.
1347 3913 1454 3986 «Quod
1467 3912 1572 3991 igitur,
1597 3912 1711 3990 inquit,
1731 3912 1853 3991 proprie
1869 3927 1924 3968 ma-

348 4001 526 4080 aprinoipio
536 4000 604 4074 fuit,
616 4017 673 4059 neo
682 4003 727 4059 est
736 3998 802 4075 ejus
812 3998 875 4057 ulls
884 3997 1115 4060 substantias.»
1168 4002 1235 4064 lum
1249 4009 1304 4078 est,
1320 4010 1490 4083 peceatum,
1502 4004 1646 4083 quodque
1654 4003 1849 4082 potissimum
1862 3999 1924 4061 meli

350 4094 409 4154 Sed
433 4092 641 4172 eopiosissime
664 4097 695 4152 et
715 4090 755 4151 ad
774 4088 1000 4152 retundendam
1019 4092 1117 4153 Calvi-
1168 4095 1373 4175 appellatione
1386 4096 1515 4175 dignum
1530 4101 1586 4173 est,
1602 4114 1641 4156 ex
1662 4102 1770 4157 nostra
1783 4096 1925 4156 voluntate

386 4407 408 4446 tt
426 4392 529 4446 Arnen,
549 4386 584 4442 Οίι
598 4388 645 4459 γάρ
659 4387 713 4440 θεοῦ
725 4388 798 4440 κινεῖν
810 4384 849 4440 ἐπί
861 4387 890 4440 τὸ
904 4386 969 4458 παρὰ
983 4388 1063 4459 φύσιν.
1169 4394 1222 4454 ταῖς
1235 4390 1298 4445 κατὰ
1308 4393 1393 4445 κακίαν
1408 4390 1521 4464 πράξεσι,
1540 4390 1595 4445 κατ’
1610 4391 1744 4463 ἀναλογίαν
1764 4398 1813 4445 τῶν
1828 4390 1925 4463 ἡμαρτη-

385 4475 402 4529 ί)
419 4473 516 4529 loono
534 4472 555 4535 l,
570 4470 614 4526 l3.
639 4468 668 4523 ‘0
679 4469 726 4541 γὰρ
741 4469 794 4530 θεὸς
807 4468 953 4540 ἀπείραστός
965 4468 1015 4523 ἐστι
1026 4477 1119 4538 κακῶν,
1170 4476 1260 4546 μένων,
1277 4477 1334 4537 τοὺς
1348 4476 1463 4546 φαύλους·
1482 4475 1613 4546 μακαρίους
1629 4476 1653 4527 δ’
1673 4468 1752 4538 είναι,
1767 4475 1806 4527 καὶ
1819 4473 1924 4534 reitesta

349 4556 456 4627 πῑῑράίῑῑ
466 4554 492 4607 δὲ
504 4552 577 4615 atro<
590 4552 686 4606 Οὗῧίνα·
1169 4563 1218 4610 τῶν
1236 4558 1284 4612 άπὸ
1299 4560 1354 4611 θεοῦ
1370 4563 1447 4630 γερῶν
1464 4559 1520 4621 τοὺς
1536 4556 1591 4610 κατ’
1608 4556 1697 4629 ἀρετὴν
1712 4557 1854 4627 βιώσαντας,
1864 4558 1878 4622 ίι
1889 4553 1926 4615 ίίί

385 4652 400 4691 c
419 4638 503 4693 Clusi.
520 4638 629 4691 Strom.
648 4633 694 4688 ‘lv'
712 4637 749 4688 ὅτι
765 4634 871 4705 μάλιστα
889 4634 904 4687 ὅ
921 4634 975 4696 θεὸς
996 4634 1039 4707 μὲν
1058 4635 1119 4707 ἡμῖν
1168 4641 1222 4694 κατ’
1236 4640 1322 4712 ἀρετὴν
1330 4639 1428 4711 πράξεις
1436 4643 1596 4709 ποιήσαντας,
1607 4638 1628 4693 εἰ
1636 4639 1667 4693 τά
1674 4640 1754 4701 οὕτως
1764 4638 1824 4693 καί
1834 4639 1925 4702 maeti-

348 4719 432 4779 κακίας
444 4718 560 4779 άναίτιος.
581 4715 631 4771 lael
650 4716 676 4770 di
694 4723 745 4771 τῶν
765 4717 948 4789 ἁμαρτημάτων
969 4718 1117 4790 προαίρεσις,
1168 4740 1205 4774 κει
1216 4722 1231 4775 ὁ
1242 4722 1311 4790 tete,

348 4803 389 4854 καί
400 4800 464 4873 ὁρμὴ
476 4802 602 4874 κατάρχει.
967 4800 976 4815 ”
1204 4800 1225 4875 s
1239 4800 1310 4856 lbid.
1330 4799 1399 4853 Κακὰ
1410 4799 1491 4852 τοίνυν
1503 4798 1524 4852 εί
1536 4799 1579 4870 μὲν
1601 4797 1632 4852 τά
1645 4799 1733 4870 κυρίως
1754 4799 1829 4861 οὕτως
1844 4796 1924 4867 ὄνομα·

385 4884 529 4940 delinere.
549 4882 607 4937 Ὅτι
621 4882 650 4936 τὸ
665 4882 739 4935 κακον
756 4879 785 4934 σίν
802 4881 868 4953 παρὰ
877 4882 942 4947 θεοῦ,
957 4881 1013 4935 otst
1025 4880 1049 4934 ἓν
1061 4882 1118 4955 θεῷ,
1168 4886 1261 4956 ζόμτνα
1289 4881 1399 4945 ἔξακοίιοι
1410 4901 1455 4945 τις,
1484 4881 1499 4934 ί
1525 4881 1578 4943 θεὸς
1597 4878 1625 4934 ot
1644 4882 1784 4949 πεποίηκεν
1806 4879 1924 4937 mitat

348 4966 404 5022 οὔτε
416 4965 439 5029 tt
451 4966 529 5040 ἀρχῆς
543 4966 653 5038 γέγοναν,
666 4963 721 5017 οὔτε
733 4964 804 5017 οίισία
815 4964 851 5025 τίς
861 4962 925 5016 ἔστιν
941 4963 1027 5017 αὐτοῦ.
1167 4966 1356 5039 προηγουμένοις
1371 4964 1445 5018 stret
1460 4963 1540 5035 ἔργοις
1551 4962 1624 5034 ὀλίγα
1634 4964 1669 5025 ὣς
1680 4964 1742 5035 πρὸς
1754 4963 1796 5029 την
1808 4969 1856 5017 τῶν
1866 4962 1923 5014 ὅλον

384 5066 399 5105 e
417 5050 534 5105 Oulaltlt.
547 5047 595 5103 lib.
611 5048 644 5104 Vl
660 5061 721 5102 cort.
742 5046 814 5103 Cels.
840 5044 927 5118 Ἡμεῖς
939 5046 965 5099 ’δὲ
980 5045 1068 5118 φαμὲν,
1079 5048 1118 5100 ὅτι
1167 5047 1284 5113 διάταξιν,
1297 5048 1461 5120 τυγχάνοντα,
1475 5044 1678 5115 ἐπηκολούθησεν.

348 5133 410 5185 κοοιά
426 5131 469 5202 μίν
482 5131 527 5198 τὴν
545 5130 641 5195 κακίαν,
655 5129 696 5181 καί
714 5127 757 5189 τὰς
774 5126 816 5181 άτ’
829 5126 903 5193 αὐτῆς
916 5128 1014 5200 πράξεις
1037 5128 1051 5180 6
1065 5129 1118 5190 θεὸς
1202 5145 1223 5199 μ
1240 5126 1323 5182 Paor.
1340 5126 1402 5184 eod·
1415 5126 1480 5183 236.
1500 5126 1548 5179 Καὶ
1562 5127 1593 5180 το
1605 5124 1713 5179 ἐντεῦθεν
1725 5126 1858 5197 ὁλάκληοον
1871 5118 1923 5176 τίνι

349 5213 393 5267 οὒκ
408 5212 517 5281 ίκοίησι.
532 5220 586 5275 πῶς
602 5211 650 5284 γάρ
671 5204 725 5264 υίόν
745 5230 772 5264 τε
789 5208 819 5278 ἦν
839 5211 867 5262 το
885 5211 940 5281 περὶ
958 5214 1001 5277 τῆς
1017 5210 1118 5281 κρίσεως
1167 5207 1196 5261 τὸ
1206 5207 1280 5261 κακὸν
1293 5204 1370 5270 αἴτιος
1384 5205 1452 5260 ἔσται
1468 5206 1651 5278 δημιουργήσας
1667 5204 1755 5267 stete.
1769 5207 1829 5276 ὅπερ
1839 5203 1921 5262 Μία

348 5298 462 5368 κηρυγμα
479 5294 615 5366 ιταρῤησίαν
633 5293 699 5367 ἔχειν
719 5294 843 5357 διδάσκον,
862 5293 1005 5356 κολάζεσθαι
1023 5291 1067 5363 μὲν
1079 5289 1118 5345 aa

376 5500 387 5544 l
400 5500 464 5545 Esse.
476 5508 540 5549 ιιιιι,
550 5495 585 5541 ra.
596 5496 648 5540 -t
659 5497 711 5549 Sao.
723 5507 740 5548 l,
752 5497 785 5540 la.
797 5518 825 5530 -
835 5496 850 5539 8
861 5496 920 5541 Roas.
933 5507 968 5547 ιιι,
978 5496 999 5539 t.
