3952 6170
341 297 402 357 tlt
846 282 1174 346 Tnnonoulcouuu
1194 281 1425 345 DOGMATUM.

342 458 396 539 qui
406 457 441 518 in
452 460 538 517 tomo
545 454 682 515 seeundo
692 468 825 532 operum
834 451 995 512 Athanasii
1002 449 1111 530 legun-
1162 457 1193 511 et
1213 449 1331 527 ubique
1359 465 1497 528 praesens
1519 452 1576 523 est,
1600 446 1715 526 inquit,
1740 446 1799 509 ista
1816 454 1907 513 namra

340 557 404 612 tur.
421 549 467 610 lbi
480 547 648 609 discrimen
659 546 741 605 inter
754 548 872 604 creatas
885 561 946 618 res,
961 544 1008 603 uti
1020 561 1112 622 ange·
1162 543 1331 618 Trinitatis,
1346 540 1533 620 quaomnia
1542 539 1654 620 implet
1664 540 1796 600 interius
1805 546 1834 603 et
1844 548 1906 605 ene

340 642 397 717 los,
420 647 451 702 et
477 641 596 702 divinas
617 654 765 718 personas
782 637 842 697 boo
866 634 972 696 affert:
993 656 1005 692 ι
1023 635 1112 708 Quod
1161 635 1227 695 rius
1239 654 1258 695 a
1272 635 1451 696 summitate
1470 633 1621 695 aoelorum
1638 648 1739 711 nsque
1751 632 1905 712 adpromn

339 734 526 810 Gabrielem,
553 730 641 792 verbi
658 747 762 804 eausa,
786 728 832 788 ibi
854 727 1027 806 intelligere
1040 745 1110 807 pos·
1160 728 1237 789 dum
1249 727 1475 789 internorum⁶⁸
1492 748 1505 784 ι
1524 724 1701 787 Ber'nmdm
1712 724 1808 787 itemz
1826 747 1838 780 ι
1851 726 1905 789 ilbi·

340 844 411 889 sum
436 827 490 887 ubi
515 843 580 885 non
606 829 652 884 est
676 820 824 901 Rapbael,
851 822 974 880 Patrem
992 838 1066 880 vero
1081 826 1112 880 et
1160 840 1233 901 qne,
1257 821 1371 900 inquit,
1397 818 1558 899 aqualiter
1581 823 1668 881 utos
1693 822 1741 880 eat
1766 835 1820 896 per
1840 836 1907 883 wau

339 918 453 979 Filium
482 924 513 979 et
541 916 692 996 Spiritum
718 918 861 975 sanetum
885 911 1014 991 ubique,
1035 912 1110 972 etin
1160 913 1332 995 simplicem
1345 910 1577 974 subdendam&
1596 932 1609 969 ι
1626 910 1768 973 Etalibi:
1788 910 1907 984 «Qum

261 1050 264 1056 ι
339 1011 485 1072 omnibus
512 1015 612 1090 etper
631 1007 739 1068 omnia
757 1004 931 1083 intelligor.
952 1026 964 1061 ι
985 1003 1045 1065 Ubi
1072 1005 1111 1066 de
1161 1006 1216 1067 nbi
1238 1025 1304 1068 non
1327 1004 1386 1067 ait?
1400 1005 1445 1065 Ne
1469 1005 1529 1065 boo
1543 1002 1671 1082 quidem
1689 1001 1832 1065 dixerim.
1852 1004 1907 1078 Qu

338 1111 449 1166 οῦσιώδει
463 1101 625 1165 existentia
643 1099 843 1180 perspicuum
855 1102 901 1157 est
912 1114 1004 1175 agere
1017 1097 1111 1157 Maxi-
1160 1099 1227 1159 sine
1245 1101 1309 1160 Deo
1320 1096 1446 1159 loous⁸l
1463 1117 1476 1153 ι
1491 1098 1600 1159 Petrus
1612 1114 1740 1176 quoque
1753 1095 1908 1161 menda

338 1213 437 1257 mum.
453 1195 541 1269 Quod
552 1193 689 1274 apertius
701 1196 825 1253 enarrat
831 1190 866 1251 in
879 1190 976 1249 altaro
988 1188 1110 1269 dialogo
1164 1212 1177 1249 ι
1194 1190 1310 1271 ubique
1324 1193 1425 1252 Deum
1432 1207 1559 1270 essapar
1570 1188 1778 1251 substantiam
1789 1194 1822 1251 et
1832 1208 1907 1255 aurn-

337 1295 438 1348 coutro
471 1285 701 1349 Moredoas‘ooos.
718 1284 783 1344 lllio
802 1282 887 1343 enim
906 1281 1107 1361 ulliabolum,
1158 1283 1319 1345 tiabtarts
1348 1282 1492 1344 affirmat.
1519 1282 1607 1356 Quod
1630 1282 1715 1344 idem
1740 1282 1907 1346 ennon

337 1380 392 1456 ait,
406 1379 595 1459 uonnbique
607 1396 673 1441 esse
684 1375 860 1450 substantio,
876 1374 962 1434 uelut
975 1373 1107 1450 inooelo,
1159 1377 1264 1456 plures
1298 1380 1467 1450 testantur,
1498 1379 1535 1435 ut
1564 1375 1731 1453 Gregorius
1764 1376 1905 1455 Magnor',

336 1490 373 1532 ao
385 1490 425 1533 ne
437 1472 471 1533 in
485 1477 569 1533 terra
582 1471 709 1550 quidem
718 1468 872 1529 universa.
889 1466 951 1527 Sed
963 1468 1111 1544 quemad-
1159 1467 1338 1545 Alouinus‘,
1354 1469 1464 1530 Petrus
1474 1464 1644 1542 nomam,
1659 1469 1797 1529 loannes
1809 1470 1907 1531 nono

336 1565 467 1625 modum
485 1569 640 1643 tyrannus
661 1561 773 1641 aliquis
797 1564 882 1620 οοοίο
895 1559 929 1618 in
955 1557 1023 1618 loeo
1038 1577 1111 1621 oon·
1158 1560 1271 1623 oenus⁸
1286 1561 1390 1637 etalii,
1402 1559 1620 1639 quirationem
1629 1558 1729 1635 illam,
1745 1561 1906 1643 qmnbiqu

336 1656 456 1734 sistens,
472 1656 627 1717 mandatis
640 1654 705 1716 suis
718 1653 872 1732 subjaotos
892 1650 952 1711 sibi
970 1650 1107 1727 mittens,
1158 1656 1236 1715 etin
1247 1653 1323 1716 loois
1336 1652 1482 1714 omnibus
1508 1653 1589 1713 inest
1611 1653 1694 1714 Dans
1707 1652 1820 1715 alarius
1831 1645 1906 1734 expll-

336 1748 453 1829 ubique
466 1748 621 1810 dominari
634 1746 747 1808 dieitur
760 1746 950 1824 ubicumque
962 1745 1108 1823 potentiae
1158 1753 1241 1808 eant.
1257 1747 1329 1808 ldeo
1342 1747 1377 1807 in
1394 1750 1488 1825 eaput
1504 1763 1637 1825 aequans
1650 1745 1685 1806 in
1695 1764 1761 1825 qno
1773 1764 1905 1826 exponen·

335 1860 400 1903 sure
425 1842 584 1905 ministros
604 1840 710 1915 babet,
738 1845 769 1899 et
782 1838 865 1917 quod
891 1837 930 1897 ad
944 1854 1108 1916 personam
1157 1839 1235 1901 dum
1248 1840 1324 1900 illud
1341 1839 1410 1914 erit,
1427 1839 1554 1899 illorum
1567 1838 1746 1900 estimenta
1760 1840 1903 1918 rejidmra

334 1935 462 2014 quidam
490 1936 610 2011 attinet,
634 1950 699 1994 uno
712 1933 746 1992 in
772 1931 840 1991 looo
855 1934 911 2003 ast,
927 1929 990 2009 ,sed
1003 1946 1109 2009 opara-
1199 1933 1264 1992 ΧΠ.
1288 1932 1414 2010 Scripsit
1436 1930 1616 1994 Anastasius
1632 1933 1645 1957 ¹
1668 1930 1840 2011 patriarcba
1861 1935 1905 1994 ln·

333 2028 419 2090 tione
432 2027 601 2090 voluntatis
627 2025 820 2104 ubicumque
845 2022 1035 2097 dominatur,
1064 2021 1108 2082 ibi
1156 2024 1319 2085 tioobenus
1340 2023 1459 2085 librum
1483 2041 1586 2085 unum
1612 2021 1648 2084 de
1669 2022 1904 2106 Ιιιοὲνοισιιισὲρα

334 2138 399 2181 esse
413 2120 541 2195 dioitnr;
557 2119 601 2179 sio
616 2123 647 2179 et
659 2117 799 2178 diabolus
811 2113 969 2194 hypostasi
980 2113 1108 2193 quidem
1157 2116 1216 2178 Ilei
1231 2117 1363 2184 esuutiu,
1379 2117 1436 2196 qni
1451 2123 1498 2178 est
1515 2116 1702 2179 seeunduse
1719 2117 1853 2197 quinqua
1865 2118 1904 2197 qui

334 2213 437 2273 suade
451 2211 666 2273 loooinlooum
679 2209 801 2283 transit,
812 2207 989 2287 operatione
1002 2212 1107 2268 autem
1157 2209 1195 2269 de
1214 2210 1307 2270 uariis
1329 2209 1402 2270 fidei
1420 2208 1515 2270 rebus
1539 2209 1614 2270 editi
1636 2215 1721 2270 sunt.
1745 2211 1782 2271 ln
1796 2228 1832 2271 οο
1844 2209 1904 2271 libro

333 2305 503 2365 voluntatis
530 2303 647 2381 ubique
676 2307 833 2362 terrarum
863 2305 920 2375 est,
947 2299 1106 2362 voluntate
1155 2301 1256 2362 multo
1282 2301 1525 2364 tolerabiliorem
1551 2303 1739 2363 senunfiam
1761 2319 1851 2382 quam
1871 2306 1904 2363 ul

333 2395 401 2475 ejus
417 2401 566 2476 operante
584 2396 618 2455 in
640 2394 712 2455 filiis
729 2392 908 2453 diffidentiae
923 2410 978 2471 per
989 2392 1105 2471 prinei·
1155 2392 1218 2470 illa,
1234 2412 1330 2473 qnam
1348 2394 1543 2473 Eugubinus,
1561 2395 1714 2470 Vorstius,
1731 2395 1842 2475 aliique
1853 2412 1904 2474 par

333 2495 424 2568 patus
443 2494 474 2549 et
487 2492 652 2568 potestates
676 2492 708 2546 et
732 2485 844 2546 mundi
860 2489 993 2544 rectores
1017 2489 1104 2545 tana·
1154 2485 1212 2546 tim
1233 2487 1368 2566 amplexi
1386 2492 1470 2563 sunt,
1489 2487 1604 2566 partim
1623 2487 1843 2566 approbarunt,
1861 2504 1903 2567 pro

333 2580 473 2642 brorum.
507 2581 597 2640 Pater
624 2583 730 2639 autem
755 2583 786 2638 et
808 2576 903 2637 Filius
924 2580 955 2636 et
972 2576 1105 2656 Spiritus
1154 2577 1266 2640 haeresi
1277 2579 1416 2641 habetne
1429 2578 1632 2659 blasphemia,
1648 2585 1680 2639 et
1693 2579 1802 2641 uadem
1810 2579 1901 2659 quibat

332 2678 457 2735 moetus
470 2671 640 2734 substantia
658 2676 689 2731 et
706 2671 822 2731 virtute
833 2675 864 2730 et
876 2669 975 2748 gloria
987 2669 1105 2749 ubique
1154 2670 1200 2731 illi
1207 2673 1339 2751 permoti
1346 2676 1420 2733 sunt
1429 2677 1614 2751 argumenta
1622 2671 1902 2752 proponitaodiluit.

333 2772 364 2826 at
376 2767 411 2827 in
424 2764 571 2827 omnibus
588 2769 619 2824 et
637 2781 693 2843 per
707 2763 813 2823 omnia
826 2760 931 2823 suntl.
950 2784 963 2820 ι
986 2762 1105 2836 Quibus
1156 2765 1293 2839 «Aiunt,
1309 2752 1423 2844 inquit,
1438 2767 1520 2826 Deus
1529 2766 1563 2826 in
1577 2764 1725 2826 omnibns
1738 2764 1903 2827 estaffioadr

331 2858 435 2919 uerbis
454 2853 691 2918 'disdnotissime
718 2855 818 2935 qualis
847 2855 887 2915 sit
913 2856 1104 2916 immensitas
1153 2857 1314 2935 operandi,
1330 2857 1463 2918 essentia
1476 2874 1550 2918 vero
1568 2874 1736 2936 nusquam.
1753 2857 1822 2919 Vim
1841 2857 1903 2917 bant

331 2950 430 3012 Deiad
442 2953 759 3012 mentamnostramet
772 2947 950 3008 instituam
959 2948 1101 3027 explieat,
1153 2949 1360 3028 operatoriam
1378 2950 1488 3010 meunt
1506 2949 1651 3011 affectum
1665 2951 1720 3029 qul
1739 2949 1902 3030 prooaditax

290 3048 295 3057 ”
330 3061 462 3122 eamque
476 3042 576 3103 tribus
589 3042 798 3121 personiapro
819 3040 951 3102 indiviso
965 3058 1104 3101 eommu-
1153 3058 1190 3101 aa
1210 3042 1355 3118 efficacia,
1370 3042 1499 3121 perinde
1517 3048 1612 3121 atqua
1636 3042 1663 3103 si
1685 3042 1774 3103 navis
1791 3041 1902 3121 rumpia

330 3153 403 3197 nem
418 3154 482 3196 esse
496 3134 642 3209 defendit,
656 3134 920 3213 quemadmodum
933 3138 1041 3194 auotor
1051 3133 1103 3193 ille
1152 3135 1262 3211 penda
1275 3134 1394 3214 peritus
1406 3134 1440 3194 in
1453 3134 1593 3214 ipsajam
1604 3151 1625 3195 a
1635 3152 1670 3197 so
1679 3135 1825 3196 adornata
1836 3132 1900 3205 uari,

329 3228 385 3306 qui
397 3227 455 3289 sub
473 3226 633 3288 Athanasii
651 3226 779 3286 nomino
794 3227 896 3286 editus
913 3231 959 3286 est
975 3226 1009 3287 in
1022 3226 1102 3286 libro
1153 3232 1184 3286 ot
1196 3232 1298 3287 textor
1311 3227 1345 3286 in
1365 3244 1423 3288 suo
1441 3246 1461 3287 a
1473 3245 1506 3288 sa
1525 3232 1668 3307 pertento
1681 3227 1792 3290 babitu
1803 3225 1900 3304 οοαιγθ·

328 3318 488 3400 quintode
504 3318 594 3381 Unito
607 3316 771 3379 substantia
789 3317 976 3378 Trioitutrirb
1002 3339 1014 3375 ι
1043 3319 1103 3380 Sed
1153 3318 1309 3383 donauit.
1331 3340 1346 3377 a
1369 3319 1442 3380 Ηιοο
1457 3319 1514 3381 illi.
1536 3319 1717 3381 Anmtasius
1734 3338 1807 3382 varo
1823 3321 1901 3381 beon

365 3572 386 3613 a
405 3556 507 3615 Msxllt.
524 3560 591 3615 lom.
606 3553 642 3609 ll.
658 3553 721 3613 dib.
749 3554 858 3627 Δύναμαι
880 3554 927 3628 γὰρ
948 3559 1035 3623 νοῆσαι
1055 3555 1096 3609 τὀν
1146 3557 1300 3631 περιέρχεται
1321 3555 1370 3613 ἀπὸ
1390 3559 1466 3613 τόπον
1488 3556 1521 3620 εἰς
1542 3559 1629 3615 τόπον·
1658 3562 1689 3631 τῇ
1708 3557 1735 3615 δὲ
1756 3555 1854 3631 ἐνεργείᾳ
1867 3560 1899 3610 τοῦ

329 3638 446 3712 Γαθριὴλ,
462 3638 519 3692 ἔνθα
532 3637 576 3692 οῦκ
590 3636 677 3693 ἔστινθ
689 3635 808 3709 Ῥαραήλ
819 3639 912 3712 πατέρα
926 3637 962 3705 δὲ,
977 3639 1018 3691 καί
1031 3637 1095 3713 υἱὸν,
1146 3637 1282 3712 θελήματος
1303 3644 1430 3712 πανταχοῦ
1450 3644 1494 3712 γῆς
1516 3638 1690 3714 ἔνεργοορὲνου
1719 3648 1763 3696 τοῦ
1784 3642 1897 3715 θελήματος

327 3723 369 3775 καί
376 3724 445 3797 θγιον
452 3724 557 3794 πνεῦμα,
573 3725 700 3794 πανταχοῦ
713 3721 754 3775 καὶ
768 3720 792 3774 ἒν
806 3725 876 3795 πᾶσι,
891 3722 931 3775 uod
945 3721 985 3775 διὰ
998 3723 1096 3775 πάντων
1146 3719 1220 3775 aimo
1235 3720 1259 3774 ἓν
1274 3728 1327 3784 τοῖς
1340 3723 1402 3786 υἱοῖς
1420 3727 1463 3793 τῆς
1482 3723 1618 3795 ἀπειθείας,
1640 3723 1682 3777 διὰ
1702 3730 1752 3778 τῶν
1773 3723 1857 3799 ἀρχῶν,
1867 3720 1898 3773 ul

327 3812 389 3860 νοῶ.
1145 3810 1195 3858 τῶν
1214 3803 1345 3870 ἐξουσιῶν,
1368 3806 1409 3860 καλ
1432 3813 1482 3861 τῶν
1503 3808 1709 3879 κοσμοκρατθρονν
1737 3812 1781 3861 τοῦ
1804 3806 1894 3864 attur

363 3889 380 3945 θ
398 3888 439 3944 ld.
456 3887 522 3943 dial.
539 3887 561 3942 l.
579 3892 655 3943 cont.
673 3886 783 3943 Maced.
803 3885 854 3941 (ita
875 3888 926 3941 ἔστι
940 3892 1067 3960 πανταχοῦ
1082 3886 1096 3941 θ
1145 3887 1225 3961 πατὴρ
1240 3888 1276 3955 δὲ,
1291 3888 1332 3942 καί
1339 3889 1448 3957 οίθς,ιιαλ
1456 3890 1525 3961 θγιον
1534 3894 1640 3963 πνεῦμα,
1658 3889 1741 3961 οθσίᾳ,
1756 3890 1796 3943 sal
1808 3888 1897 3960 θοιάρει,

326 3973 450 4033 oratura
473 3970 529 4024 οὔτε
551 3970 599 4042 γὰρ
620 3968 645 4023 tr
665 3976 701 4042 τῷ
717 3969 814 4043 οθρανῷ
829 3969 904 4027 ἔστιν·
921 3970 976 4024 οὔτε
991 3969 1015 4023 ἰν
1029 3972 1094 4043 πάσᾳ
1145 3970 1185 4023 καὶ
1200 3971 1256 4045 δόξῃ
1269 3977 1408 4047 πανταχοῦ,
1418 3973 1458 4027 uel
1473 3971 1497 4026 ἔν
1510 3976 1581 4039 πᾶσι,
1595 3972 1636 4026 καί
1649 3972 1692 4028 ab
1705 3974 1804 4027 πάντων
1815 3970 1866 4026 tat

325 4060 356 4126 ‘ii
369 4060 412 4128 γῇ·
430 4053 499 4108 Ἀλλ’
512 4055 596 4125 ὥσπερ
617 4071 654 4115 u<
675 4054 791 4125 θ’*ραθνθς
812 4052 836 4106 ἓν
855 4056 925 4126 τόπῳ
943 4053 991 4108 τινὶ
1005 4056 1040 4107 ὢν
1055 4053 1096 4106 διὰ
1182 4071 1197 4110 c
1214 4056 1312 4112 duest.
1332 4057 1368 4129 Τῇ
1383 4054 1501 4128 ἐνεργείᾳ,
1516 4057 1605 4129 paulu,
1621 4055 1646 4111 ἐν
1660 4057 1735 4111 πᾶσίν
1750 4055 1811 4112 ἔστιν
1822 4057 1836 4110 θ
1847 4056 1895 4114 θῦε·

325 4144 375 4192 τῶν
386 4139 583 4210 προσταγμάτων
604 4135 691 4192 ἑαυτοῦ
711 4136 870 4191 ἀποστέλλων
885 4138 1015 4207 θπηιιθους,
1031 4155 1095 4191 παν·
1144 4145 1175 4212 τᾳ
1195 4138 1269 4210 οῦσίᾳ
1288 4137 1315 4192 u
1336 4139 1455 4212 ὠθαμοῦ·
1479 4138 1600 4215 θνίργιιαν
1619 4141 1735 4213 λέγοντος
1751 4142 1781 4199 πθ
1792 4133 1898 4213 molit&

325 4227 403 4294 ταχοῦ
414 4223 512 4294 κρατεῖν
523 4222 630 4292 λίγετοιι,
646 4219 702 4273 ἔνθα
717 4218 776 4273 εἰσίν
792 4220 817 4275 τί
830 4219 1095 4293 ῦπηρετοῦγεεναιοολτῷ
1144 4227 1187 4291 τῆς
1201 4221 1321 4294 ίνιργείας
1336 4222 1508 4297 ἀποτέλεσμα.

324 4306 446 4376 δυνάμεις
461 4304 502 4357 καί
516 4309 546 4377 τῇ
560 4303 601 4377 μὲν
618 4303 751 4358 θποστάσει
771 4301 795 4356 ἐν
817 4302 851 4355 tvl
865 4306 935 4375 τόπῳ
947 4302 1007 4357 ἔστί·
1023 4309 1053 4377 τῇ
1068 4303 1095 4357 δὲ
1179 4306 1201 4361 d
1219 4307 1260 4361 ld.
1280 4308 1362 4375 Φαίην
1377 4309 1399 4359 θ’
1413 4310 1441 4360 ἂν
1458 4307 1537 4380 ἔγωγε
1552 4311 1595 4375 τῆς
1609 4312 1654 4362 τοῦ
1667 4309 1725 4363 θεοῦ
1739 4309 1825 4381 pirron
1843 4305 1896 4376 ἆχθ·

325 4384 431 4460 ἐνεργείᾳ
452 4391 494 4440 τοῦ
515 4387 652 4459 θελήματος
672 4391 811 4461 πανταχοῦ,
833 4388 894 4440 θπου
916 4385 939 4440 θ’
958 4389 986 4443 ἂν
1005 4392 1092 4463 κρατῇ,
1145 4407 1225 4460 ριστον
1239 4383 1301 4443 εἶναι
1315 4389 1358 4459 τῂν
1375 4386 1496 4463 ἐνέργειαν
1510 4388 1597 4445 αιίτοῦ.

325 4464 387 4523 εἶναι
399 4471 506 4547 λέγεται·
530 4470 595 4527 οθτω
616 4469 656 4523 καί
678 4469 692 4523 θ
713 4471 827 4533 διάθολος
849 4474 879 4545 τῇ
899 4469 943 4547 ptr
962 4469 1094 4525 ὑποστάσει

357 4699 365 4715 ·
382 4698 494 4749 brunsii
508 4697 599 4751 Statim
611 4697 790 4752 selluliorheul
803 4698 886 4753 librum
900 4700 989 4752 exbibet
1000 4700 1095 4754 Gallen-
1143 4715 1238 4766 eorum,
1254 4702 1283 4755 de
1300 4703 1421 4773 umetipso
1440 4702 1517 4757 snbdlt
1534 4721 1541 4755 z
1560 4722 1571 4753 ι
1592 4704 1656 4767 Quos
1673 4702 1720 4776 ἱροί
1741 4702 1838 4769 ίοιοεοῦ,
1850 4714 1895 4759 stt·

323 4775 384 4839 diris,
399 4773 524 4843 (Bttltotlr.
539 4774 654 4838 Petrum,
670 4780 687 4828 t.
702 4776 751 4827 llll.
774 4790 842 4843 pagg.
863 4775 1008 4845 etl-ala).
1024 4791 1093 4845 penes
1142 4778 1234 4831 ίοοῦανο
1249 4794 1329 4845 puram
1345 4785 1368 4831 et
1384 4780 1484 4849 uudlqna
1501 4780 1603 4837 limatum
1622 4780 1775 4848 uposulmus,
1787 4779 1839 4835 nu
1849 4790 1896 4846 prt-

323 4863 390 4917 qnem
402 4848 463 4901 hune
474 4849 563 4901 titulum
574 4850 664 4915 profert
679 4867 684 4899 :
702 4848 784 4902 Oratio
798 4851 828 4903 de
845 4851 1044 4919 circumscripto.
1059 4852 1093 4904 llo
1142 4853 1217 4920 prium
1231 4861 1396 4923 expromentes,
1418 4857 1458 4909 sed
1476 4856 1551 4925 potius
1572 4857 1708 4912 Sanctorum
1727 4856 1791 4910 rerba
1806 4860 1894 4923 law

322 4930 396 4977 anun
409 4924 481 4993 pluris
494 4924 562 4976 ducta
575 4939 603 4976 οι
616 4924 660 4976 boo
673 4924 732 4976 libro
743 4922 872 4979 testimonia
884 4929 990 4980 eadmeri
1000 4926 1090 4993 debent,
1141 4926 1210 4981 flores
1231 4930 1373 4997 colligentes,
1392 4933 1441 4984 heo
1459 4946 1520 4987 nunt
1538 4937 1645 5005 unquam
1665 4934 1729 4989 ieros
1745 4933 1851 4995 θοιὶαιιιν,
1866 4925 1895 4983 lli

322 5014 368 5066 quo
380 5000 444 5052 illum
453 4999 585 5052 rirsmotm
598 4999 726 5064 absolvens,
738 5003 919 5054 commemoratis
929 5001 1029 5071 (liridi
1040 5002 1092 5072 lll.)
1140 5004 1251 5069 adjutrice
1264 5007 1299 5059 vel
1312 5007 1388 5077 potius
1403 5021 1473 5061 cause
1488 5013 1512 5061 et
1531 5009 1643 5080 principio
1660 5012 1759 5079 uptun
1777 5022 1827 5077 avt,
1839 5005 1895 5073 wi!

323 5088 369 5127 non
377 5074 426 5127 sine
438 5074 506 5128 laude
514 5075 630 5139 Patribus,
641 5078 683 5142 οιιι·
691 5080 757 5129 reete
767 5082 904 5130 tractarunt
912 5080 1016 5135 Verbum
1026 5081 1092 5131 vert·
1139 5076 1229 5135 labores
1238 5097 1303 5148 roges
1317 5088 1339 5139 el
1352 5083 1432 5150 privati
1446 5083 1474 5137 ad
1488 5082 1608 5141 saluum
1621 5085 1736 5141 aarum
1747 5104 1758 5135 ν
1769 5080 1800 5143 B·
1817 5083 1844 5143 a·

323 5151 389 5215 tuta,
404 5165 477 5223 ειιροι
494 5166 554 5219 onor
572 5152 669 5223 οιροοιι
690 5152 808 5206 unum
824 5158 925 5223 propter
938 5158 1033 5211 reolum
1049 5169 1093 5209 οοο

352 5359 435 5401 θΤοινι.
451 5359 477 5403 ll.
494 5360 546 5404 eth.
563 5363 611 5406 sub.
627 5364 665 5407 θα.
689 5364 730 5408 lib.
746 5366 824 5408 V.—i
841 5365 903 5410 llom.
920 5367 940 5410 ³.
957 5368 984 5410 (le
1000 5367 1161 5413 Mutum-ii
1173 5368 1220 5413 Lib.
1239 5372 1262 5413 λ’.
1275 5372 1301 5416 tte
1318 5373 1382 5416 Gom.
1400 5384 1448 5427 cap.
1463 5373 1548 5417 νι.-θ
1565 5373 1613 5419 tlh.
1631 5374 1668 5419 ΙΙΙ.
1685 5374 1761 5419 lum
1776 5382 1823 5426 σειν.
1839 5381 1892 5411 tt·-

322 5419 530 5535 {dimidiatum
545 5434 592 5478 τερ.
609 5426 858 5472 rirr.-·ltl1ilr.ll.da
874 5429 953 5475 trinit.
969 5440 1017 5483 σεο.
1034 5441 1063 5474 ιτ.
1080 5437 1104 5475 οι
1120 5433 1213 5477 rra—l
1230 5432 1310 5486 θνιιιο.
1326 5434 1359 5479 tu
1377 5436 1404 5480 tc
1419 5435 1526 5490 ouum
1542 5448 1590 5493 τερ.
1608 5440 1696 5481 uu-tl
1710 5436 1755 5480 ut.
1769 5434 1787 5479 l.
1802 5434 1827 5479 ts
1839 5431 1891 5477 Μ,
