3956 6168
307 379 367 439 tto
812 383 1137 450 THEOLOGIGORUM
1159 386 1374 450 DOGMATUM

308 546 395 624 cauus
408 545 502 608 verba
513 547 662 625 1111111111
675 546 827 609 obelum
841 554 872 609 et
885 550 998 611 similia
1011 567 1078 613 sen-
1125 551 1204 613 leret
1222 553 1255 613 in
1274 552 1402 633 epistola
1419 555 1460 615 ad
1482 554 1698 617 laumentium
1708 575 1822 638 papam
1831 576 1886 635 cre,
1964 540 1965 545 ἵ

307 638 451 700 tientium
476 638 578 699 lauces
600 645 757 718 premunt,
782 640 915 703 libenter
932 642 984 703 bic
995 644 1079 706 adte-
1126 644 1182 706 ubi
1193 650 1224 706 et
1236 645 1549 726 introductioniscjus
1561 648 1741 728 theologica
1755 652 1889 715 meminit

307 750 380 794 ram
393 730 444 792 ¹.c
467 732 499 793 Si
516 732 662 793 voluisset
675 750 760 811 crgo,
780 734 892 813 inquit,
917 735 1011 797 lilius
1024 737 1078 798 Dei
1127 756 1166 798 cx
1179 756 1275 818 caque
1294 744 1405 799 caetera
1424 747 1658 817 commemorat,
1673 742 1795 802 11111111
1808 762 1888 823 sape-

307 823 380 884 indc
401 823 461 884 sibi
480 825 651 885 humanam
678 843 803 886 carnem
830 845 996 908 veramque
1018 829 1079 890 ior·
1127 830 1218 890 rioris
1237 830 1320 891 illius
1336 832 1528 892 mentionem
1548 832 1663 909 fecisse,
1683 840 1793 894 contra
1805 855 1890 914 111111

307 934 404 991 mare,
425 917 508 978 unde
530 918 675 978 formavit
697 923 728 979 et
745 918 791 979 illi
816 919 918 998 primo
946 922 1076 1000 bomini,
1128 922 1167 983 ad
1178 923 1353 1002 marginem
1366 923 1519 984 abelardi
1534 925 1582 984 vir
1603 926 1712 985 (111111
1726 927 1888 988 adnotavit.
1965 950 1966 959 ¹

308 1009 457 1088 quoniam
479 1010 585 1070 omnia
608 1029 663 1089 per
684 1011 788 1090 ipsum
807 1012 886 1072 tacta
908 1019 991 1089 sunt,
1009 1015 1078 1094 quis
1129 1015 1282 1075 Caeterum
1306 1016 1389 1096 apud
1412 1016 1558 1076 cumdem
1579 1018 1775 1078 Bernardum
1789 1021 1890 1082 citatru

308 1119 381 1163 eum
393 1120 458 1161 non
468 1104 604 1181 potuisse
621 1103 734 1163 audeat
750 1104 930 1166 affirmare?
944 1107 976 1167 Si
990 1108 1077 1168 deni-
1128 1104 1281 1167 abaelardi
1295 1107 1426 1169 locusex
1439 1108 1519 1168 libro
1530 1109 1665 1187 quodam
1674 1111 1890 1174 sententiarum

308 1212 369 1272 que
382 1194 421 1255 de
434 1194 549 1255 caelesti
562 1196 610 1256 vcl
622 1213 712 1257 aerea
724 1196 774 1257 vel
790 1197 920 1259 humida
938 1205 1080 1261 creatura
1128 1204 1159 1258 11
1170 1199 1361 1277 expositione
1375 1198 1506 1281 cpr'atolae
1515 1199 1555 1260 ud
1567 1199 1722 1277 Ronwncs,
1739 1203 1795 1281 qui
1805 1205 1890 1282 priori

309 1305 421 1366 corpus
440 1293 633 1368 assumptum
653 1288 746 1350 vellet
765 1296 957 1352 commutare
975 1292 1080 1353 1111111-
1128 1290 1265 1369 dogmati
1278 1291 1370 1371 plane
1383 1293 1556 1353 contrarius
1569 1299 1625 1354 cst.
1649 1293 1695 1354 lbi
1712 1295 1801 1355 enim
1813 1296 1891 1356 docet

309 1397 409 1440 manae
430 1381 529 1441 carnis
545 1381 738 1442 vedssimam
760 1382 950 1461 qualitatem,
969 1384 1002 1444 in
1017 1403 1079 1464 qua
1131 1384 1265 1443 «Deum
1286 1384 1352 1444 sine
1374 1383 1489 1463 injuria
1511 1384 1624 1446 diaboli
1640 1384 1711 1463 jure
1732 1387 1890 1465 profugum

309 1477 341 1533 et
359 1472 463 1534 vivere
485 1479 521 1533 ut
542 1474 681 1534 mortalis
701 1475 796 1535 bomo
813 1480 915 1553 posset
938 1482 969 1536 et
985 1479 1076 1553 mori,
1128 1492 1221 1535 suum
1234 1475 1260 1535 si
1271 1475 1362 1536 vellet
1370 1476 1521 1552 misereri,
1532 1483 1670 1556 repetere
1684 1482 1715 1538 et
1728 1478 1797 1538 solo
1808 1480 1890 1540 verba

308 1564 368 1625 boc
390 1583 463 1626 eum
489 1567 623 1646 potuisse
642 1567 743 1627 lacere
764 1566 834 1645 quis
857 1574 1002 1643 negaret,
1024 1572 1077 1649 qui
1127 1566 1539 1648 eriperepotuisse.rItaqrre
1557 1569 1771 1651 neeesdtatem
1784 1571 1890 1632 unllam

309 1675 423 1736 negare
455 1660 699 1739 omnipotentem
731 1660 950 1739 omnipotentis
979 1661 1078 1724 tilium
1128 1657 1232 1733 fuisse,
1261 1677 1368 1720 acum
1386 1659 1450 1720 sola
1466 1659 1605 1739 jussione
1619 1679 1675 1721 sua
1688 1662 1798 1722 divina
1814 1663 1891 1723 mise

309 1767 373 1809 uon
387 1750 538 1812 auderet?
558 1754 715 1812 Postremo
733 1752 759 1811 si
776 1751 971 1814 voluissetde
985 1756 1079 1818 nullis
1128 1751 1207 1811 ratio
1234 1750 1366 1812 liberare
1397 1752 1559 1813 homiuem
1583 1771 1603 1813 1
1631 1759 1759 1833 peccato
1789 1762 1887 1834 posset

309 1840 469 1903 elementis
487 1844 641 1923 corporeis
652 1861 722 1923 qua
736 1862 791 1924 per
804 1862 877 1905 eum
891 1852 993 1911 creata
1006 1855 1079 1909 sunt
1127 1847 1254 1922 propter
1284 1843 1529 1923 redemptionem
1550 1850 1686 1905 nostram
1710 1845 1825 1907 Filium
1846 1848 1889 1907 ilci

309 1951 422 2013 corpus
443 1953 611 2011 assumere,
636 1935 689 1996 sed
712 1954 838 2015 prorsus
856 1955 894 1997 ax
908 1938 1006 1999 nihilo
1020 1941 1078 2000 sibi
1127 1941 1368 2016 carnosuscepta
1381 1960 1394 1994 u
1413 1941 1460 1996 tot
1473 1942 1505 1996 et
1516 1943 1603 1997 11111
1612 1937 1725 2017 probra
1736 1939 1887 2000 sustinere.

308 2043 413 2086 creare
435 2045 541 2088 veram
564 2046 701 2104 carnem,
723 2028 802 2089 sicut
820 2047 876 2109 per
890 2047 963 2090 eum
977 2039 1079 2093 creata
1129 2026 1207 2086 Hinc
1220 2026 1316 2105 igitur
1331 2033 1450 2088 constat
1463 2028 1616 2088 redimere
1633 2028 1796 2089 hominem
1814 2030 1890 2091 aliter
1968 2078 1969 2113 ,

308 2124 381 2178 snut
403 2125 514 2181 cuncta
535 2139 606 2200 quae
628 2126 822 2197 nouerant,
846 2122 916 2200 quis
936 2128 1078 2184 nostrum
1128 2119 1508 2199 quaminstituitpotuisse
1522 2121 1631 2181 Deum.
1648 2121 1703 2181 Cui
1720 2127 1755 2182 et
1773 2123 1888 2182 Bernar-

308 2213 540 2287 contradiceret,
556 2213 625 2292 quis
635 2219 777 2273 nostrum
789 2212 857 2273 fieri
867 2231 931 2274 non
944 2216 1078 2293 potuisse
1128 2211 1186 2270 dus
1204 2211 1400 2290 suifragatur.
1425 2233 1441 2268 c
1460 2212 1533 2285 Quis
1550 2218 1654 2292 negat,
1670 2213 1786 2292 inquit,
1801 2217 1889 2274 omui·

308 2303 551 2366 contenderetis
569 2306 606 2365 Et
622 2304 656 2365 111
668 2304 748 2365 libro
761 2303 797 2365 de
808 2303 927 2366 Natura
940 2315 967 2366 et
980 2309 1079 2388 pratia
1128 2303 1247 2381 potenti
1260 2304 1299 2364 ed
1313 2321 1444 2364 manum
1457 2304 1549 2365 fuisse
1566 2305 1643 2365 ulios
1659 2311 1691 2365 et
1703 2305 1784 2365 oh'os
1796 2306 1890 2367 modos

307 2403 412 2457 contra
422 2396 607 2475 Pelopidam,
622 2397 720 2476 capite
734 2413 789 2473 vu,
804 2397 843 2457 ad
856 2398 887 2458 id
899 2400 982 2477 quod
996 2401 1080 2462 Pela·
1128 2400 1241 2455 nostrie
1266 2396 1504 2475 redemptionis,
1526 2396 1767 2475 justificationis,
1791 2398 1888 2458 libera-

308 2489 378 2567 gius
400 2489 580 2567 scripserat:
615 2510 630 2547 c
654 2488 745 2548 Aliud
768 2506 833 2549 esse
856 2507 1013 2568 quarere,
1038 2513 1079 2553 an
1127 2487 1246 2549 11111111
1261 2489 1378 2548 Verum
1389 2488 1448 2549 boc
1461 2506 1527 2548 non
1540 2489 1719 2568 prejudicat
1733 2490 1888 2569 ejusqum

309 2581 404 2660 possit
425 2580 542 2659 aliquid
562 2598 628 2641 1111
648 2580 731 2659 quod
754 2580 794 2639 ad
810 2580 908 2641 solam
926 2584 1078 2661 possibili·
1129 2580 1264 2639 emuttis
1277 2579 1369 2658 clegit
1382 2579 1535 2640 efficaciae.
1550 2581 1587 2640 Et
1600 2580 1725 2641 11111111
1741 2583 1769 2641 is
1782 2588 1890 2661 praestat

307 2678 404 2734 tatem
417 2673 561 2752 pertinet,
583 2672 668 2733 aliud
683 2678 829 2733 utrumne
851 2674 900 2748 sit,
923 2675 999 2734 nita
1012 2695 1076 2737 res·
1129 2688 1185 2749 per
1210 2689 1304 2750 quem
1328 2672 1373 2732 in
1396 2677 1479 2733 terra
1516 2671 1699 2748 oblivionis,
1727 2673 1890 2751 gravcdmis

309 2765 445 2844 pendet:
475 2786 491 2822 n
514 2765 602 2825 Hanc
631 2764 860 2825 distinctionem
886 2784 992 2827 veram
1014 2786 1078 2830 esse
1128 2764 1233 2842 lapsus
1246 2763 1354 2840 nostri,
1376 2769 1424 2824 tot
1440 2770 1471 2825 11
1492 2766 1587 2825 tantis
1600 2765 1890 2844 gravaminibus»

308 2874 401 2919 nemo
415 2857 555 2936 ambigit.
570 2858 768 2935 Consequens
780 2858 865 2917 enim
885 2865 931 2919 est
949 2866 984 2920 ut
995 2862 1077 2939 quod
1128 2856 1278 2936 paratoria
1290 2855 1400 2917 fortius
1422 2863 1455 2917 ct
1471 2857 1607 2918 vivacius
1616 2858 1885 2919 admoneremur
1970 2878 1971 2885 ¹

308 2955 365 3024 est,
379 2968 444 3011 esse
456 2950 601 3031 potuerit,
621 2968 686 3010 non
700 2955 747 3010 est
766 2954 870 3010 autem
889 2968 1080 3031 consequens
1129 2950 1196 3022 Quo
1210 2948 1244 3008 in
1257 2947 1325 3008 loco
1340 2949 1502 3027 diligenter
1520 2950 1580 3010 boc
1594 2949 1696 3010 notari
1710 2950 1808 3011 velim
1819 2950 1889 3030 quod

309 3048 345 3102 ut
358 3042 442 3122 quod
455 3060 519 3104 esse
533 3048 644 3122 potest,
660 3043 753 3103 etiam
766 3042 814 3102 sit.
835 3043 1081 3116 11111111ίωῦ1-
1128 3040 1218 3101 illum
1236 3041 1366 3102 modum
1388 3041 1519 3102 humani
1539 3041 1692 3103 liberandi
1714 3042 1836 3121 generis
1855 3042 1888 3102 ita

308 3134 412 3195 minus
426 3136 575 3196 Lazarum
588 3135 756 3211 suscitavit,
777 3134 844 3195 sinc
857 3135 951 3195 dubio
965 3137 1077 3216 potuit,
1128 3133 1374 3214 praetenderem
1385 3134 1539 3213 aliisquos
1553 3134 1586 3193 iu
1594 3139 1746 3212 potestate
1754 3134 1889 3215 plurimos

308 3226 382 3306 quia
403 3245 477 3288 vero
499 3228 614 3289 ludam
632 3246 697 3288 non
724 3227 896 3303 suscitavit,
926 3229 1080 3309 numquid
1128 3224 1262 3285 babebat
1274 3226 1418 3303 ostendit,
1432 3231 1467 3285 ut
1480 3225 1517 3287 iis
1530 3226 1604 3306 ipsis
1617 3226 1820 3288 deterioribus
1831 3226 1889 3287 licet
1971 3300 1972 3313 χ

308 3318 475 3380 dicendum
494 3325 622 3380 estnon
644 3320 769 3399 potuit?
793 3320 896 3380 Potuit
919 3338 1004 3399 ergo,
1027 3321 1080 3381 scd
1128 3316 1175 3377 uti
1189 3317 1335 3397 potuerit.

309 3410 420 3471 noluit.
444 3412 524 3472 Nam
545 3413 571 3474 si
592 3412 749 3487 voluisset,
773 3412 882 3474 eadem
903 3413 997 3473 etiam
1021 3413 1081 3474 hoc
1169 3410 1248 3470 XIV.
1272 3411 1350 3470 Nam
1372 3410 1454 3489 quod
1474 3410 1512 3470 iis
1532 3410 1732 3490 antiquorum
1745 3411 1889 3472 sententiis

309 3509 457 3584 potestate
470 3505 588 3566 iecisset
602 3524 664 3585 qua
677 3510 708 3565 11
720 3505 816 3566 Filius
831 3523 909 3584 quos
927 3505 994 3566 vult
1006 3505 1081 3567 vivi·
1129 3500 1311 3563 Abaelardus
1320 3502 1439 3577 nititur,
1453 3502 1538 3564 velut
1549 3503 1726 3582 Augustini,
1738 3503 1792 3583 qui
1806 3504 1888 3563 Deum

309 3595 391 3657 licat.
408 3619 424 3655 r
1130 3595 1252 3655 Patrem
1277 3594 1389 3674 probat
1410 3600 1475 3655 tam
1497 3594 1618 3656 bouum
1635 3597 1779 3675 genuisse
1793 3596 1888 3656 Filium

350 3688 430 3750 Xlll.
453 3691 522 3750 Non
539 3690 636 3770 igitur
656 3691 699 3751 sic
718 3691 914 3752 constrictam
933 3695 1079 3752 1111111·
1129 3705 1225 3766 quam
1237 3692 1283 3748 est
1294 3687 1370 3767 ipse,
1385 3689 1457 3765 quia
1470 3687 1496 3747 si
1505 3688 1605 3748 voluit
1617 3688 1770 3768 aqualem
1779 3689 1889 3767 gignere

309 3787 407 3843 tetam
429 3783 484 3843 Dei
504 3784 569 3843 vim
582 3802 618 3843 ac
632 3783 803 3863 potentiam
816 3782 944 3844 credidit
959 3783 1080 3863 Augus·
1130 3783 1161 3840 et
1182 3797 1247 3840 non
1267 3780 1377 3859 potuit,
1396 3779 1613 3841 imbecillitatis
1633 3786 1690 3857 cst,
1716 3781 1742 3841 si
1761 3779 1889 3860 pouritet

309 3874 405 3951 tinus,
428 3882 463 3936 ut
485 3875 564 3936 nibil
583 3882 792 3956 preterquam
805 3875 889 3955 quod
904 3875 999 3936 semel
1010 3875 1082 3937 feeit
1130 3870 1241 3947 noluit,
1252 3870 1393 3932 invidiae:
1410 3872 1494 3932 unde
1507 3873 1601 3933 etiarn
1614 3874 1653 3933 de
1666 3873 1798 3933 conditis
1811 3873 1889 3933 atico

309 3968 445 4048 potuerit
471 3968 601 4030 efficere.
622 3969 711 4042 Quod
737 3968 791 4048 qui
815 3968 941 4042 sentiat,
965 3968 1081 4028 borum
1130 3963 1222 4024 rebus
1234 3969 1479 4042 argumentatio,
1499 3981 1551 4025 eas
1568 3983 1665 4044 quam
1678 3971 1781 4045 potest
1792 3964 1890 4046 perlec-

308 4060 442 4123 alterum
464 4061 608 4122 defendat
630 4079 753 4123 neccsse
774 4066 831 4136 est,
855 4066 910 4120 aut
930 4077 998 4119 rcm
1017 4078 1081 4122 esse
1130 4056 1263 4117 tissimus
1276 4055 1316 4116 ab
1337 4056 1391 4116 illo
1410 4057 1584 4136 procreari:
1604 4056 1698 4136 longe
1710 4055 1889 4119 estalialilii

308 4155 429 4217 nullam
441 4154 617 4236 possibilem
637 4154 696 4214 uisi
709 4171 779 4233 quae
797 4153 898 4232 reipsa
916 4151 1082 4232 aliquando
1132 4166 1285 4209 acrarum
1300 4154 1471 4209 creaturam
1491 4149 1569 4209 ratio
1588 4154 1679 4229 atquc
1698 4147 1888 4211 1111111111.ὃί-

309 4247 358 4323 111,
381 4252 436 4308 111
457 4265 523 4308 nan
543 4263 610 4307 rem
624 4263 751 4306 omnem
764 4262 852 4325 posse
867 4244 968 4305 facere
982 4246 1082 4306 Deum
1133 4241 1260 4321 quidem
1274 4240 1368 4301 Filius
1380 4241 1461 4301 Patri
1473 4242 1507 4301 in
1519 4242 1665 4302 omnibus
1680 4261 1738 4322 par
1754 4247 1785 4302 et
1800 4258 1889 4320 aqua·

309 4339 364 4418 qui
376 4340 436 4400 hoc
450 4339 551 4399 solum
564 4342 665 4417 potest
677 4337 762 4417 quod
777 4336 964 4415 quandoque
977 4335 1080 4397 faciat.
1132 4333 1170 4393 lis
1191 4350 1255 4394 esse
1280 4333 1383 4409 debet,
1412 4339 1448 4394 ut
1472 4334 1526 4413 qui
1553 4334 1693 4413 ejusdem
1716 4335 1755 4395 sit
1776 4351 1842 4395 cum
1860 4348 1889 4392 eo

198 4476 204 4481 -
310 4432 483 4511 Utrumque
501 4448 576 4492 vero
598 4430 638 4491 ad
660 4430 851 4508 impietatem
875 4433 906 4488 11
928 4429 1082 4489 inscitiam
1133 4424 1321 4487 substantie.
1342 4426 1442 4499 Quare
1467 4426 1492 4486 si
1513 4426 1596 4505 quod
1614 4426 1720 4487 Ariani
1742 4425 1888 4506 putabant

309 4523 503 4602 implicatum
524 4527 580 4597 est,
604 4527 635 4581 et
653 4520 754 4581 utrius
773 4520 844 4600 plus
857 4520 970 4581 habeat
983 4521 1084 4580 existi
1133 4518 1291 4579 voluntate
1301 4519 1391 4579 Pater
1400 4518 1511 4578 Filium
1519 4519 1686 4597 genuisset,
1697 4519 1805 4579 eadem
1815 4516 1889 4577 illum

309 4615 389 4674 mari
402 4615 455 4674 vix
468 4615 573 4694 possit.
590 4615 696 4693 ltaque
711 4613 823 4692 puduit
843 4612 1032 4692 ineptiarum
1044 4613 1084 4673 is
1132 4610 1291 4672 voluntate
1305 4610 1437 4690 perfecte
1455 4610 1513 4671 sibi
1527 4611 1680 4689 aqualem
1692 4610 1842 4671 debuisset
1851 4608 1889 4686 gi·

309 4711 413 4766 tarum
427 4707 669 4785 posteaPetrum
678 4704 1083 4783 Abaelardum,quasetiam
1132 4721 1239 4783 gnere,
1263 4702 1380 4783 alioqui
1395 4702 1445 4764 vel
1467 4702 1640 4763 imbecillus
1662 4703 1711 4763 vel
1731 4715 1890 4781 praeparcus

309 4798 480 4859 recantavit
501 4797 534 4857 in
564 4797 706 4876 apologia
732 4815 788 4858 seu
813 4796 1003 4857 confessione
1027 4814 1084 4857 sua
1133 4801 1188 4856 aut
1208 4795 1330 4857 invidus
1347 4795 1464 4857 11111111.
1495 4796 1555 4869 Qui
1579 4796 1665 4856 enim
1687 4795 1773 4875 operi
1794 4811 1845 4853 suc
1864 4796 1890 4851 et

309 4907 380 4970 quse
395 4896 440 4951 est
458 4889 540 4950 111111
558 4889 625 4967 ejus
642 4888 786 4970 epistolas
798 4889 954 4965 vicesima,
974 4888 1007 4948 in
1022 4906 1085 4968 qua
1133 4892 1303 4967 utcumque
1319 4887 1415 4949 libere
1433 4906 1452 4948 a
1475 4906 1507 4949 se
1528 4889 1687 4968 productae
1707 4886 1752 4947 rei
1771 4883 1889 4947 (11111111

309 4982 352 5043 111
365 4981 490 5043 scribit:
518 5002 534 5040 1
555 4983 654 5042 ileum
674 5000 710 5042 ea
731 4981 926 5042 solummodo
941 5000 1028 5061 posse
1041 4981 1084 5041 fa-
1133 4981 1218 5060 quod
1238 4980 1419 5041 naturaliter
1438 4980 1467 5041 ei
1486 4981 1630 5042 convenit
1647 4999 1682 5041 ae
1689 4978 1757 5058 jure
1769 4976 1889 5057 quodm

310 5092 378 5136 cere
390 5075 481 5136 credo
491 5092 562 5153 quae
576 5076 678 5154 ipsum
686 5073 786 5135 tacere
796 5073 951 5149 convenit,
963 5074 1084 5153 etquod
1133 5072 1342 5149 suadebatur,
1357 5072 1383 5133 is
1402 5080 1456 5134 ant
1472 5073 1591 5133 inscitia
1604 5079 1636 5133 et
1649 5069 1831 5143 infirmitate,
1844 5070 1888 5126 aut

310 5167 409 5227 multa
419 5166 520 5228 lacere
533 5172 634 5246 potest
647 5184 718 5246 quae
729 5184 892 5245 nunquam
909 5165 1041 5226 faciet.»
1134 5165 1326 5245 malignitate
1344 5166 1528 5227 deteriorem
1546 5165 1633 5226 illam
1653 5164 1731 5226 iacit.
1754 5164 1889 5223 Aroma
1970 5184 1972 5201 ⁴

351 5259 411 5319 Sed
424 5260 541 5319 11111111
563 5265 610 5320 111
629 5266 771 5321 sanctum
792 5258 996 5333 bernardum,
1011 5275 1085 5318 cum
1134 5276 1184 5318 res
1197 5263 1232 5318 ut
1250 5258 1371 5319 infinite
1390 5259 1477 5319 abest
1490 5257 1528 5317 ab
1540 5275 1664 5319 summa
1677 5253 1834 5317 divmitatis
1843 5266 1888 5311 ex·

311 5349 395 5410 illius
411 5356 606 5430 percenseret
621 5369 741 5413 errores
758 5368 794 5411 ac
820 5351 966 5412 ladssime
993 5350 1083 5412 reiel-
1135 5349 1286 5426 callentis,
1309 5351 1352 5411 sic
1367 5350 1401 5411 in
1419 5350 1576 5412 infinitum
1596 5346 1785 5429 perfectionis
1804 5346 1888 5406 incre

336 5567 345 5607 1
360 5567 418 5620 Aug.
433 5563 471 5610 lib.
483 5562 623 5609 11111111.
636 5565 709 5610 fauet.
722 5576 770 5621 cap.
780 5576 820 5609 vu.
