4134 6182
280 374 318 434 at
701 367 741 426 lN
763 365 861 426 OPUS
880 361 1211 425 THEOLOGICORUM
1231 362 1462 426 DOGMATUM.

283 523 429 587 simtistae
445 540 452 580 :
470 519 546 580 «An
558 520 639 580 Deus
653 517 748 597 possit
760 522 830 577 actu
840 515 995 579 infinitam
1010 533 1059 576 sa-
1111 514 1203 590 tibiis,
1229 532 1284 595 per
1305 515 1513 593 ignorantiam
1533 516 1725 593 conticescat,
1750 522 1781 576 et
1805 517 1886 579 clui-

282 616 419 678 eundum
433 630 557 674 omnem
575 611 797 672 dimensionem
809 608 998 689 producere?
1011 608 1060 669 An
1111 609 1226 669 suanus
1240 608 1279 668 de
1300 607 1419 669 Christo
1433 607 1561 668 reddere
1581 608 1730 671 rationem
1748 614 1885 674 nesciens

284 708 419 790 potuerit
435 707 519 767 hunc
536 706 689 767 mundum
706 704 799 765 etiam
813 702 852 763 ab
873 706 987 763 eterno
998 720 1062 763 mo-
1111 703 1243 763 inimicis
1256 701 1490 779 insultantibus,
1505 703 1603 769 victus
1617 709 1647 764 et
1665 704 1811 767 ancisus
1837 706 1888 768 ab

284 802 394 863 liorem
409 800 509 861 facere
520 817 614 878 quam
626 797 774 859 fecit‘lhn
790 796 885 876 possit
892 797 1061 876 producere
1112 792 1245 860 soedatt.
1261 817 1277 855 c

284 894 442 955 hominem
453 894 641 973 quipeccare
651 909 715 951 non
723 889 996 970 possitihnpossit
1008 889 1062 950 ali-
1154 892 1240 952 Certe
1258 891 1284 950 si
1300 908 1543 969 supervacaneae,
1565 891 1680 972 impiae,
1695 892 1888 954 illaudabiles

284 1005 346 1066 quo
360 974 595 1066 predicamento
618 982 785 1044 contineri?
800 982 848 1043 An
867 988 1062 1063 postestatem
1113 1002 1149 1045 ao
1161 985 1262 1063 dignae
1276 1002 1346 1063 quie
1360 983 1546 1046 scholasticis
1554 986 1788 1066 exprobrantia,
1802 1005 1889 1066 quac-

285 1078 409 1140 ereandi
440 1078 534 1158 possit
562 1076 789 1137 communicare
824 1075 993 1135 creaturae?
1014 1076 1062 1136 An
1113 1078 1225 1139 stiones
1238 1078 1417 1155 hujusmodi
1429 1084 1510 1155 sunt,
1533 1080 1735 1160 vituperanda
1753 1081 1890 1141 maxima

287 1175 367 1234 Deus
391 1170 590 1250 assumpserit
605 1168 800 1230 individuum
817 1168 1001 1244 humanum,
1023 1187 1064 1229 an
1114 1190 1184 1253 pars
1198 1173 1255 1232 erit
1271 1178 1409 1235 veterum
1424 1172 1566 1233 Ecclesia
1580 1174 1745 1234 Doctorum
1762 1174 1817 1252 qui
1835 1174 1891 1233 ad-

286 1264 438 1346 speciem?
453 1264 502 1325 An
520 1280 668 1323 numerus
683 1277 886 1340 personemus
899 1261 931 1320 in
954 1260 1064 1322 divinis
1114 1284 1221 1327 versus
1245 1266 1376 1327 haereses
1403 1266 1482 1343 illas,
1515 1268 1597 1328 unde
1629 1272 1710 1329 ortas
1739 1285 1805 1328 esse
1827 1267 1892 1328 dixi

285 1359 436 1438 pertineat
455 1358 496 1418 ad
515 1356 726 1431 substantiam,
743 1373 784 1414 an
802 1352 1002 1415 relationem?
1015 1355 1062 1415 An
1114 1360 1296 1439 quaestiones
1311 1360 1394 1434 istm,
1410 1378 1515 1421 coram
1529 1379 1564 1421 ac
1579 1360 1658 1438 stylo
1672 1365 1837 1435 certamini,
1857 1367 1893 1421 ut

285 1469 340 1532 per
358 1452 520 1512 relationes
535 1457 566 1511 et
589 1451 816 1528 distinguantur
834 1453 864 1507 et
881 1447 1064 1508 constituan-
1114 1451 1310 1526 Athanasius,
1327 1451 1467 1527 Basilius,
1484 1452 1684 1533 Epiphanius,
1704 1452 1796 1513 ambo
1815 1453 1892 1513 Gre-

284 1547 414 1608 tur‘lAn
428 1547 510 1606 Deus
524 1551 649 1624 generet
662 1542 838 1605 Deum‘lAn
852 1540 981 1620 Spiritus
997 1561 1064 1603 san-
1115 1546 1204 1625 gorii,
1235 1545 1444 1606 Nazianzenus
1479 1550 1510 1605 ct
1532 1546 1706 1623 Nyssenus,
1740 1544 1890 1624 cyrillus,

286 1646 352 1700 ctus
372 1640 540 1720 procedens
561 1657 579 1698 a
601 1639 689 1698 Patre
704 1642 734 1696 at
747 1635 835 1708 Filio,
851 1633 890 1694 ab
902 1652 964 1695 iuro
977 1637 1063 1715 prin·
1115 1639 1345 1714 Theodoreus,
1368 1639 1520 1699 Maximus
1545 1644 1686 1717 martyr,
1710 1639 1889 1713 Nemeeius,

287 1734 366 1813 cipio
386 1732 614 1813 proficiscatur?
641 1748 681 1790 an
707 1749 726 1789 a
749 1726 919 1789 duobus‘t»
945 1728 1063 1788 atalia
1117 1731 1269 1809 Hilarius,
1298 1733 1504 1811 Augustinus,
1530 1732 1720 1809 Ambrosius,
1739 1733 1894 1811 Hierony·

286 1825 412 1886 similes.
442 1825 517 1899 Quae
544 1843 618 1887 sane
644 1842 708 1885 non
739 1822 841 1883 solum
871 1821 974 1902 impiae
1001 1840 1064 1883 non
1114 1843 1196 1901 mus,
1223 1824 1412 1904 Fulgentius,
1435 1825 1688 1905 amandamque
1707 1844 1815 1887 omnes
1838 1826 1894 1887 Ni·

286 1925 357 1980 sunt
375 1925 430 1981 aut
447 1936 655 1999 supervacuae,
671 1917 725 1977 sed
740 1917 833 1977 mam
850 1914 954 1990 utiles,
968 1916 1064 1975 immo
1116 1937 1201 1979 caena
1219 1920 1401 1998 posteriores
1419 1920 1537 1999 synodo
1552 1921 1668 1996 Patres,
1684 1938 1818 1999 quorum
1835 1919 1894 1979 ali·

286 2014 442 2074 interdum
453 2012 702 2074 necessaiiecsive
714 2011 889 2090 adplenum
900 2008 1065 2088 theologici
1118 2012 1172 2091 qui
1193 2011 1301 2086 levius,
1326 2011 1378 2072 alii
1399 2012 1531 2091 plenius,
1559 2031 1665 2074 omnes
1686 2019 1766 2074 certe
1789 2012 1895 2092 aliqua

286 2108 438 2187 dogmatis
451 2108 619 2183 scientiam,
631 2106 695 2166 sive
708 2106 748 2165 ad
762 2105 958 2185 depellendas
970 2103 1066 2163 hiere·
1117 2122 1156 2165 ex
1171 2109 1257 2184 parte
1271 2105 1491 2165 controversias
1506 2104 1574 2166 illas
1589 2106 1788 2187 explicarunt.
1804 2106 1894 2181 Quod

286 2201 362 2262 ticas
381 2201 601 2275 cavillationes,
622 2218 692 2278 quie
708 2217 860 2259 novariun
881 2197 1065 2279 plerumque
1118 2216 1155 2257 ex
1169 2216 1261 2278 opere
1275 2197 1334 2258 hoc
1351 2204 1455 2258 nostro
1472 2199 1632 2277 constabit,
1651 2200 1685 2261 in
1698 2218 1760 2279 quo
1772 2199 1895 2260 nullam

289 2295 493 2374 qiiastiomim
512 2299 542 2354 et
567 2292 775 2353 inauditarum
803 2297 893 2353 antea
924 2306 1064 2350 necessa·
1119 2291 1156 2351 dc
1180 2291 1285 2370 aliqua
1302 2291 1470 2370 quaestione
1482 2291 1616 2353 litteram
1637 2294 1805 2354 admodmi
1818 2293 1894 2354 teci-

288 2388 367 2448 riam
381 2388 497 2448 iaciunt
515 2386 738 2448 tractationem.
758 2385 956 2446 «Didioimus
969 2382 1063 2456 enirn,
1118 2400 1199 2459 mus,
1223 2384 1283 2444 nisi
1306 2400 1401 2462 quam
1422 2386 1505 2464 apud
1527 2385 1597 2446 illos
1620 2387 1805 2462 invenimus,
1831 2406 1896 2448 non

287 2487 323 2541 iit
345 2487 427 2542 reete
447 2480 552 2541 scribit
575 2479 775 2559 Augustinus,
803 2478 940 2558 singulas
973 2493 1067 2555 quas-
1118 2477 1221 2537 minus
1245 2482 1325 2537 recte
1343 2496 1379 2537 ac
1399 2479 1546 2539 catholice
1567 2480 1716 2560 sapiendi,
1736 2498 1831 2560 quam
1849 2480 1897 2541 vi·

289 2593 349 2655 que
370 2576 501 2636 haereses
508 2574 646 2635 intulisse
660 2573 803 2634 Ecclesia
822 2573 961 2652 proprias
980 2588 1065 2649 ques-
1119 2571 1211 2632 vendi
1222 2570 1354 2632 artifices
1371 2591 1407 2633 ac
1426 2574 1599 2653 magistros.
1614 2575 1659 2634 Ac
1677 2574 1703 2633 si
1720 2575 1790 2652 quis
1808 2573 1896 2653 sigil-

288 2670 411 2744 stiones,
433 2676 539 2730 contra
558 2687 636 2749 quas
657 2667 832 2747 diligentius
852 2665 1067 2727 defenderetur
1118 2663 1205 2727 latim
1222 2682 1329 2726 omncs
1346 2666 1414 2729 illas
1432 2668 1614 2746 questiones
1640 2672 1796 2728 recenseat
1817 2685 1897 2746 quas

290 2764 447 2843 Scriptura
457 2763 572 2838 dimna,
584 2779 680 2841 quam
691 2762 718 2822 si
728 2760 892 2821 nullatalis
903 2759 1067 2820 necessitas
1119 2757 1159 2817 ab
1168 2758 1294 2818 Erasmo
1307 2758 1412 2820 irrisis
1426 2760 1632 2840 excerpsimus
1640 2758 1790 2820 etmultas
1804 2765 1896 2820 ocem·

290 2861 443 2936 cogeretl.
458 2876 472 2912 i
489 2856 526 2915 Et
553 2854 648 2914 alibi:
668 2853 796 2913 «Multa
814 2853 939 2933 quippe,
954 2851 1066 2930 inquit,
1119 2868 1225 2910 rarum
1245 2869 1322 2930 quas
1339 2852 1509 2930 omisimus,
1531 2872 1583 2915 cas
1601 2852 1727 2930 abillis,
1746 2871 1897 2934 quosno·

290 2949 330 3009 ad
343 2949 437 3011 fidam
451 2947 633 3008 catholicam
647 2945 840 3026 pertinentia,
857 2944 1066 3006 cumbercti·
1120 2943 1245 3020 minavi,
1257 2944 1396 3005 Patribus
1416 2952 1613 3026 pertractatas
1625 2946 1767 3026 reperiet,
1798 2947 1897 3007 multo

290 3060 398 3107 corum
418 3040 527 3102 callida
546 3040 757 3120 inquietudine
772 3040 937 3119 agitante,
958 3046 994 3101 ut
1011 3038 1066 3098 ad·
1121 3039 1214 3098 etiam
1236 3056 1331 3116 Qum
1350 3039 1383 3098 in
1396 3040 1508 3101 scholis
1530 3041 1657 3101 subtilia
1689 3058 1725 3101 ac
1744 3040 1896 3101 diffusius.

290 3156 396 3198 versus
417 3153 468 3197 eos
489 3134 611 3195 defendi
633 3134 759 3213 possint,
785 3140 816 3193 ct
836 3132 1069 3193 considerantur
1122 3132 1169 3192 An
1182 3149 1255 3193 vero
1270 3136 1376 3191 contra
1388 3132 1576 3195 sabellianos
1594 3140 1624 3194 et
1638 3135 1768 3196 Arianos
1789 3141 1820 3195 et
1836 3132 1899 3193 hu·

290 3226 891 3308 diligentiusetintclligunturclariuset
906 3224 1068 3285 imtantim
1118 3224 1255 3302 jusmodi
1279 3225 1432 3286 Trinitatis
1466 3227 1567 3288 hostes
1600 3229 1749 3290 catholica
1781 3244 1899 3308 propu-

291 3322 504 3403 praedicantur,
522 3325 552 3379 et
565 3320 605 3379 ab
626 3319 799 3385 adversum
821 3323 906 3378 mota
928 3318 1067 3397 quaestio,
1122 3319 1210 3398 gnari
1237 3319 1491 3399 doctrinapotuit,
1507 3321 1572 3381 sine
1584 3321 1690 3383 limata
1703 3329 1733 3383 et
1750 3322 1901 3401 exquisita

291 3414 426 3476 discendi
444 3412 671 3474 amassenus
683 3408 708 3471 ².
724 3434 738 3469 i
759 3413 835 3473 Item
849 3410 909 3472 alio
922 3412 956 3472 in
978 3410 1068 3471 loco:
1123 3413 1329 3490 quarumdam
1347 3431 1452 3474 rerum
1470 3414 1587 3490 notitia,
1603 3416 1688 3475 velut
1701 3417 1776 3496 quid
1789 3422 1901 3475 nauus

294 3533 308 3566 a
333 3511 529 3571 Sacramenta
550 3506 633 3565 euim
654 3523 723 3583 qiiae
741 3504 803 3564 illic
822 3504 927 3581 latent,
951 3504 1068 3583 inquit,
1123 3504 1171 3579 sit,
1186 3505 1261 3584 quid
1273 3506 1456 3586 hypostasis,
1477 3525 1618 3586 persona,
1633 3510 1774 3586 emenda,
1790 3510 1899 3570 relatio

291 3620 383 3664 nomo
395 3601 568 3674 discuteret,
583 3598 767 3677 simpliciore
783 3603 942 3658 contentus
955 3597 1027 3673 fide,
1041 3605 1071 3658 et
1123 3617 1159 3658 ac
1170 3599 1289 3678 reliqua
1306 3599 1439 3660 similia?
1456 3598 1529 3672 Quis
1546 3600 1767 3681 Apollinarem,
1790 3604 1901 3664 Nesto-

291 3698 361 3757 idco
380 3710 472 3753 nemo
486 3690 653 3765 inveniret,
678 3690 751 3768 quia
775 3708 867 3751 nomo
886 3691 1069 3765 discuteret,
1123 3693 1215 3767 rium,
1240 3693 1412 3771 Eutychem
1425 3710 1461 3752 ac
1482 3693 1684 3774 multiplicem
1704 3701 1793 3757 secta
1813 3696 1900 3755 istius

292 3781 967 3868 nisipulsantibuscalumniatoiibus³.»Bcne
978 3784 1071 3844 ctiam
1123 3785 1256 3863 hydram
1269 3785 1577 3864 perdomareposset,
1596 3787 1656 3847 nisi
1666 3787 1777 3848 iisdem
1789 3788 1823 3847 in
1834 3787 1900 3847 dis-

293 3881 372 3941 illud
387 3879 551 3957 Gregorius
565 3879 712 3957 Magnus,
734 3877 781 3938 vir
797 3877 935 3957 alioquin
962 3877 995 3937 in
1012 3878 1071 3937 hoo
1123 3878 1331 3959 putationibus
1358 3879 1454 3958 probe
1483 3878 1715 3960 luculenterque
1738 3882 1899 3943 versaliis?

294 3992 405 4054 genere
424 3972 695 4053 temperatissimus
721 3990 728 4031 ε
763 3992 777 4027 s
801 3972 878 4032 Cum
905 3971 1067 4050 graviora,
1124 3974 1200 4032 Ecce
1213 3977 1318 4051 postca
1331 3973 1428 4033 Graeci
1447 3972 1587 4034 homines
1601 3975 1634 4034 in
1656 3974 1823 4035 hustetelis
1844 3992 1902 4055 pa-

292 4069 403 4148 inquit,
414 4066 696 4147 prodierehostium
707 4066 890 4139 certamina,
910 4072 983 4126 tunc
1000 4071 1071 4126 sunt
1122 4067 1223 4127 lastis
1235 4066 1369 4127 multum
1378 4067 1543 4143 exercitati,
1558 4068 1597 4128 de
1614 4068 1815 4129 Personarum
1826 4087 1902 4149 pro-

292 4164 427 4244 profectc
443 4160 602 4221 subtiliora
613 4177 758 4221 sensuum
776 4158 894 4238 spicula
907 4159 1067 4237 requisita,
1123 4160 1257 4221 cessione
1275 4159 1395 4240 litigare
1409 4167 1583 4241 caeperunt,
1606 4168 1641 4223 ut
1658 4164 1806 4243 Spiritum
1828 4182 1900 4224 san·

293 4264 367 4318 tiinc
395 4261 648 4331 argumentorum
681 4253 853 4329 obstacula,
890 4258 964 4313 tunc
999 4270 1071 4332 per·
1122 4260 1206 4314 otum
1219 4253 1284 4313 solo
1292 4271 1331 4314 ex
1344 4255 1432 4315 Patre
1445 4261 1547 4315 ortum
1556 4274 1621 4318 esse
1634 4256 1779 4319 dicerent.
1791 4259 1901 4319 Nonne

292 4352 410 4433 plexicr
422 4349 535 4427 indago
548 4348 723 4408 verborum.
743 4371 757 4403 a
1122 4348 1161 4409 de
1174 4347 1316 4427 principii
1336 4349 1462 4423 unitate,
1479 4349 1562 4428 quod
1585 4367 1693 4410 eorum
1709 4351 1901 4431 precipuum

334 4445 401 4505 Vll.
419 4443 493 4516 Quis
506 4440 602 4500 nescit
622 4440 746 4501 illarum
768 4441 972 4519 questionum
999 4440 1070 4520 plu·
1122 4446 1168 4501 est
1180 4439 1420 4516 firmamentum,
1433 4441 1530 4520 quari
1549 4443 1672 4504 anobis
1695 4462 1731 4505 ac
1753 4445 1901 4523 disputari

294 4540 389 4599 ninas
416 4554 492 4616 quas
517 4537 662 4595 Erasmus
687 4534 728 4594 ad
752 4533 923 4603 ludibrium
950 4534 1066 4614 selegit,
1123 4534 1239 4611 debuit,
1255 4535 1281 4594 si
1293 4533 1354 4594 illis
1368 4552 1540 4615 repugnare
1557 4534 1730 4598 vellemus?

296 4632 415 4710 ignotas
429 4630 521 4689 fuisso
542 4629 689 4688 hactenus
704 4628 838 4689 ecclcsiae
852 4646 888 4688 ac
900 4634 968 4688 tum
984 4634 1070 4689 naus
1163 4628 1246 4689 Vlll.
1261 4628 1347 4688 ldem
1365 4627 1404 4688 de
1422 4627 1490 4688 aliis
1507 4629 1727 4707 questionibus
1749 4636 1794 4692 est
1810 4630 1899 4709 judi-

295 4725 419 4799 scilioct,
441 4739 512 4783 cum
534 4722 680 4782 adversus
702 4740 739 4783 ea
756 4723 911 4801 dogmata,
936 4738 1070 4800 quorum
1122 4720 1216 4796 cium,
1235 4737 1313 4799 quas
1328 4719 1430 4780 illudit
1446 4721 1716 4796 Erasmus.Quiin
1729 4723 1897 4800 nonnullis,

295 4816 427 4900 propriae
446 4821 537 4889 sunt,
560 4814 689 4894 singula
716 4817 895 4895 prodierunt
920 4815 1066 4890 haereses,
1123 4811 1898 4895 concipiendisxciuttiicvsuametconru'oiiedi'pnaci

296 4930 365 4992 quae
385 4928 449 4971 non
462 4909 550 4969 aliter
562 4908 788 4988 repelli,quam
801 4927 951 4971 novarum
969 4928 1070 4989 quaes-
1122 4906 1250 4968 indolem
1258 4906 1399 4966 ostendit.
1412 4907 1529 4967 Utcum
1537 4907 1581 4967 ita
1588 4909 1731 4988 proponit
1744 4910 1820 4970 «An
1832 4909 1901 4970 hec

295 5006 415 5064 donum
434 5002 615 5064 enodatione
636 5003 822 5081 potierant?
842 5026 857 5061 a
871 5004 1069 5064 Inhonestum
1123 5001 1309 5082 propositio:
1325 5001 1406 5060 Deus
1417 5006 1463 5060 est
1469 5001 1651 5078 scarabaeus,
1664 5008 1718 5062 aut
1727 5003 1898 5080 cucurbita,

297 5099 411 5178 quippe
431 5104 487 5173 cst,
503 5102 538 5157 ut
561 5097 604 5156 ait
630 5098 736 5157 Petrus
749 5099 900 5179 Damiani,
916 5104 951 5158 ut
977 5097 1071 5158 ecele-
1122 5101 1186 5157 tarn
1198 5092 1349 5175 possibilis
1363 5093 1504 5172 sitquam
1515 5093 1592 5169 hac,
1610 5094 1690 5154 Deus
1702 5094 1860 5156 esthemo.
1877 5118 1893 5154 a

296 5191 434 5252 siasticus
447 5190 495 5250 vir
521 5190 580 5265 his,
596 5190 650 5268 qui
673 5189 747 5250 foris
774 5196 855 5266 siunt,
878 5190 1070 5251 calumniari·
1124 5190 1229 5250 Putide
1241 5192 1322 5249 certe
1338 5192 1368 5247 et
1376 5185 1577 5265 illiberaliter,
1589 5206 1661 5248 cuni
1677 5189 1720 5248 sic
1738 5187 1898 5251 honestius

319 5416 329 5460 t
344 5412 395 5457 Llh.
415 5411 446 5465 11,
468 5411 493 5454 dc
508 5414 568 5458 boec
584 5423 692 5466 pucecsr.
709 5425 731 5457 c.
753 5422 796 5459 xx.
818 5409 929 5456 -2Lib.
946 5410 1012 5457 xvi.
1029 5410 1054 5454 dc
1068 5409 1136 5455 ctctt.
1150 5410 1189 5457 bct
1201 5423 1223 5456 e.
1237 5423 1261 5466 pi.
1274 5433 1300 5444 -
1318 5409 1413 5456 SScrm.
1426 5409 1455 5458 tS
1471 5406 1611 5455 amium.
1631 5406 1684 5453 -1
1700 5411 1782 5466 Opure.
1795 5413 1810 5461 2
1824 5417 1901 5455 contro

297 5484 383 5531 tusce
405 5484 456 5529 luit.
1508 5490 1512 5497 “
