3956 6168
331 317 475 380 111111Εο
497 316 640 391 DEIQUE
660 315 1001 391 PROPRIETATIBUS,
1024 315 1096 377 LIB.
1119 316 1157 392 V,
1179 315 1262 378 GAP.
1286 316 1338 377 lll.
1539 334 1544 343 ·
1573 317 1633 377 113

96 481 291 564 Sicinprimo
304 482 493 545 Stromateoa
506 484 545 545 de
565 482 817 545 eademfidedis·
865 487 901 542 ut
926 500 1015 544 carna
1038 482 1077 543 sit
1102 481 1166 545 sola
1188 480 1360 564 obsequendi
1381 480 1443 544 Deo
1468 481 1514 544 vel
1538 480 1634 543 reluc-

62 594 170 651 serens,
197 576 295 637 Deum
327 576 371 636 ait
403 595 459 656 per
490 576 675 656 prophetam
703 575 813 636 lsaiam
861 573 957 635 tendi.

62 668 176 729 dixisse:
194 667 261 729 «Si
279 666 430 729 οοὶοεήιίε
447 676 475 728 et
492 666 815 736 mendicitatem
902 666 1088 727 Athanasius
1110 665 1239 746 perinde
1261 665 1412 728 libertatis
1434 671 1579 729 nonnam
1601 669 1636 730 in
1671 676 1799 723 tirannio.
1961 700 1962 735 ,

61 768 136 821 terre
147 758 414 837 mmedetis¹,utin
428 759 517 822 nobis
526 760 621 821 situm
635 778 699 822 esse
711 777 815 821 mons-
862 776 899 819 eo
928 758 1103 834 constituit,
1134 763 1170 820 ut
1198 758 1238 819 ad
1265 759 1418 820 utrumvis
1444 761 1637 840 propendere

61 857 143 912 buret
154 852 263 931 eligere
272 857 329 913 aut
340 852 504 932 repudiare
517 862 543 912 ⁰.
560 874 576 910 o
863 855 973 930 sponte
987 868 1046 912 sua
1058 851 1163 931 possit,
1178 868 1274 929 quam
1288 857 1377 912 vocat
1390 859 1434 927 τὴν
1457 859 1494 913 ἐπ’
1509 862 1582 932 eppo
1596 861 1638 934 ῥο-

94 944 228 1024 0rigcnes
244 945 322 1005 item
339 943 374 1005 in
391 944 546 1025 epitolam
559 942 599 1007 ed
617 943 763 1006 Itonaeos
776 961 815 1005 ex
862 953 910 1020 πην
926 940 949 1003 ⁸.
970 943 1115 1016 «Dicere,
1138 942 1250 1022 inquit,
1267 962 1307 1005 ex
1319 944 1477 1005 voluntate
1491 939 1646 1021 extitisse,

63 1036 225 1116 Hieronymi
237 1035 461 1097 translatione²
477 1056 485 1096 ι
510 1057 526 1095 c
540 1037 609 1098 Non
623 1036 708 1097 enim
721 1036 816 1097 vires
864 1036 1002 1114 primum
1023 1035 1055 1096 id
1079 1035 1241 1114 significat,
1265 1036 1368 1116 ipsum
1385 1037 1551 1116 aliquando
1574 1057 1639 1100 non

62 1129 158 1206 agitne
175 1128 286 1208 inquit,
306 1147 409 1208 neque
429 1130 608 1191 necessitate
631 1129 664 1189 in
686 1128 817 1189 alteram
863 1127 1085 1205 uenerande
1099 1145 1168 1189 rem
1180 1129 1329 1207 utrinque
1339 1128 1467 1208 paribus
1474 1132 1640 1193 momentis

62 1226 165 1299 partam
181 1221 288 1282 anima
305 1221 488 1297 declinatur,
513 1221 628 1300 alioqui
648 1238 707 1282 nec
726 1221 817 1299 culpa
864 1220 986 1295 librari,
1006 1226 1043 1280 ut
1056 1220 1123 1297 jam
1146 1220 1264 1280 dictum
1280 1227 1337 1297 est,
1360 1221 1436 1282 adeo
1457 1226 1494 1282 ut
1506 1223 1640 1301 cogitare

62 1311 117 1389 ejus
128 1331 180 1373 nee
191 1313 292 1374 virtus
304 1319 409 1392 posset
422 1312 543 1389 ascribi,
555 1331 613 1373 nec
621 1312 698 1374 honi
709 1312 816 1373 electio
865 1312 977 1391 aliquis
999 1311 1105 1391 possit,
1121 1312 1257 1391 potuisse
1276 1313 1398 1373 Patrem
1413 1332 1477 1374 non
1490 1314 1570 1375 velle
1583 1315 1641 1376 sibi

62 1405 222 1483 premium,
251 1424 311 1466 nec
338 1405 501 1466 declinatio
529 1404 604 1465 mali
631 1404 817 1484 supplicium
866 1405 979 1465 Filium
1003 1421 1080 1479 csse,
1105 1421 1141 1464 ac
1164 1404 1203 1465 de
1221 1403 1297 1464 Filio
1320 1405 1455 1466 neissim
1478 1424 1639 1487 usurpare,

63 1503 225 1571 mererebrr,
240 1498 295 1559 sed
304 1503 444 1558 servatur
454 1497 482 1558 ei
491 1497 525 1557 in
536 1495 683 1557 omnibus
692 1496 818 1556 libertas
866 1498 951 1558 hunc
964 1495 1100 1575 potuisse
1113 1515 1179 1557 non
1193 1515 1258 1558 esse
1272 1495 1298 1556 1.
1314 1518 1330 1555 »

62 1588 176 1665 arbitrii,
198 1594 234 1650 ut
254 1590 288 1649 in
301 1589 522 1668 quodcumque
535 1587 671 1648 voluerit
683 1587 749 1668 ipsa
762 1589 817 1649 de·
907 1589 957 1652 Sic
970 1588 1101 1649 Basilius
1113 1589 1298 1668 angelorum
1312 1587 1470 1651 liutmun
1484 1594 1557 1651 etet
1571 1593 1641 1648 αὖτε·
1757 1618 1761 1627 ·

63 1680 162 1757 elinet,
183 1681 262 1744 siem
284 1682 435 1761 scriptum
453 1687 522 1742 est:
547 1679 627 1742 Ecce
642 1681 732 1762 posui
752 1688 819 1742 cate
866 1682 959 1747 Εούσιον
970 1698 1009 1742 ex
1019 1699 1055 1741 eo
1065 1680 1183 1761 liquido
1193 1686 1333 1742 constare
1345 1681 1428 1757 dicit,
1440 1682 1524 1760 quod
1533 1682 1643 1760 sponte

61 1772 154 1851 fanon
169 1782 249 1835 tuam
273 1773 366 1836 uitem
387 1781 414 1834 et
441 1780 580 1841 merten,
611 1780 638 1834 et
665 1772 764 1854 ignem
791 1779 818 1833 et
864 1770 1043 1849 ceciderint,
1058 1777 1090 1834 et
1102 1772 1214 1854 ceqceli
1227 1770 1401 1834 libamento
1409 1774 1526 1854 possint
1539 1772 1569 1833 in
1583 1773 1643 1833 vir

62 1882 156 1945 quun
183 1865 205 1926 ³.
240 1866 442 1946 Perspicuum
463 1871 510 1926 est
535 1864 574 1926 ab
598 1865 729 1945 Origene
748 1884 819 1926 eon-
866 1869 958 1923 tutuo
976 1883 1012 1927 ec
1029 1864 1136 1926 citrum
1154 1883 1273 1946 verpere
1294 1875 1315 1925 ⁶.
1340 1866 1377 1925 Et
1397 1866 1431 1925 in
1451 1865 1530 1925 libro
1551 1865 1642 1925 tertio

63 1957 173 2017 trariam
185 1958 322 2019 libertati
334 1958 548 2020 necessitatem
567 1957 671 2033 statui,
692 1962 724 2019 et
741 1958 819 2019 illud
867 1955 1013 2017 adversus
1027 1958 1228 2033 Eunomium,
1250 1962 1406 2018 creaturas
1419 1956 1586 2017 rationales
1600 1956 1644 2018 ait

63 2066 214 2129 omneque
235 2049 347 2130 posito,
370 2055 502 2111 nonest
515 2049 695 2110 indifferens
708 2068 766 2111 nec
778 2051 819 2112 ad
871 2053 1013 2110 «nanno
1029 2054 1168 2110 constare
1182 2049 1231 2110 sui
1248 2048 1329 2126 juris
1347 2049 1505 2125 aclihera,
1524 2049 1643 2128 quaein

63 2143 200 2201 uhumris
213 2141 394 2221 eligendum
407 2141 506 2202 libera
523 2141 677 2202 voluntas.
868 2141 1017 2202 uuamvis
1039 2146 1161 2221 partem
1184 2141 1378 2221 propendere
1403 2140 1500 2221 possit
1523 2140 1564 2201 ad
1591 2140 1644 2201 eli·

15 2236 33 2279 e
95 2232 140 2293 iv.
160 2233 307 2312 Sequitur
329 2233 506 2296 Methodius
532 2232 758 2294 eruditissimus
783 2253 820 2295 ae
868 2234 1007 2311 gendum
1020 2233 1141 2294 honum
1155 2233 1371 2294 vermalumt.

15 2303 253 2387 uncinumus
280 2332 412 2406 martyr
437 2326 492 2404 qui
518 2326 553 2385 in
580 2324 660 2386 libro
683 2326 819 2405 quodam
909 2325 1003 2404 Curius
1022 2325 1118 2387 frater
1138 2325 1296 2405 Nyssenus
1316 2325 1483 2405 Gregorius
1503 2324 1644 2386 similiter

63 2434 142 2493 quem
159 2418 305 2479 adversus
324 2418 489 2497 Origenem
514 2417 646 2496 scripsit,
665 2417 755 2478 liberi
772 2437 820 2478 ar·
867 2415 990 2478 homini
1013 2417 1142 2524 perinde
1167 2422 1204 2478 nt
1225 2419 1336 2497 angelo
1359 2418 1485 2479 insitam
1511 2436 1576 2479 esse
1601 2418 1646 2478 ait

63 2506 132 2569 hitrii
157 2516 302 2571 naturam
329 2509 370 2571 ad
397 2511 541 2571 eamdem
565 2509 652 2570 illam
678 2510 819 2589 regulam
872 2510 1026 2590 «plenam
1038 2528 1074 2571 ac
1087 2529 1136 2571 su1
1145 2528 1225 2590 Juns
1236 2515 1419 2590 potestatem
1428 2515 1460 2572 et
1469 2510 1644 2571 hhertotem

63 2601 158 2679 exegit.
165 2603 243 2663 Nam
252 2604 293 2663 de
300 2603 478 2663 animarum
487 2602 820 2681 antequamineorpus
868 2601 908 2661 ah
921 2602 1010 2663 omni
1033 2602 1211 2682 expeditam
1232 2602 1411 2664 necessitate
1436 2621 1476 2664 ex
1497 2620 1588 2682 aequo
1610 2601 1645 2661 in

62 2692 248 2755 infundantur
259 2696 324 2755 rita
335 2700 444 2756 cantra
452 2695 542 2755 illum
556 2694 727 2773 disputans,
737 2694 820 2755 inter
868 2694 1008 2775 utrisque
1020 2705 1045 2756 ⁰.
1061 2715 1077 2752 o

63 2783 111 2844 alia
126 2787 164 2847 sic
187 2787 271 2866 apud
295 2787 505 2866 Epiphaniam
533 2792 770 2863 argumentatur
785 2785 816 2847 ⁸:
907 2786 945 2846 V.
969 2786 1032 2848 Nec
1051 2785 1157 2847 minus
1175 2784 1287 2847 diserte
1312 2786 1534 2864 enucleateque
1555 2784 1645 2845 liberi
1742 2852 1746 2863 Ι

65 2876 203 2938 ulrbihii
222 2897 299 2939 vero
318 2879 366 2938 sui
380 2878 555 2938 libertatem
573 2878 730 2956 quomodo
744 2880 818 2938 reti-
868 2877 987 2938 arbitrii
999 2877 1065 2938 vim
1079 2877 1228 2958 expressit
1240 2878 1275 2938 in
1288 2875 1363 2938 libro
1380 2875 1559 2939 Cetecbetico
1569 2878 1644 2938 Gre-

62 2986 123 3029 nere
140 2970 174 3031 in
194 2969 255 3032 hoc
274 2970 394 3031 mundo
414 2968 561 3031 videtur?
583 2969 713 3030 Credere
733 2969 819 3031 enim
867 2971 974 3049 gorius
983 2971 1067 3031 idem
1077 2971 1246 3050 Nyssenus,
1258 2969 1335 3030 dum
1346 2987 1471 3030 causam
1480 2968 1645 3031 redditam

61 3062 350 3123 autnoncrederein
364 3066 527 3123 nostraest
539 3060 698 3122 voluntate
712 3062 817 3124 situm.
869 3080 942 3123 cum
961 3062 1072 3123 vitium
1097 3068 1128 3122 et
1150 3066 1311 3141 peccatum
1332 3061 1439 3122 lethali
1461 3060 1500 3121 ab
1525 3060 1645 3121 Glnisto

63 3150 111 3212 lbi
124 3159 224 3215 entem
237 3155 364 3216 credere
383 3154 434 3215 vel
447 3172 512 3214 non
526 3154 650 3214 credere
666 3153 700 3213 in
713 3159 820 3216 nostra
866 3154 995 3215 vulnere
1007 3155 1046 3215 sit
1060 3153 1246 3230 confectum,
1257 3154 1359 3214 adhuc
1371 3154 1405 3214 in
1422 3152 1534 3231 majori
1545 3152 1646 3213 homi-

61 3240 185 3307 libertate
204 3247 341 3326 positum
363 3250 421 3322 ost,
443 3263 635 3324 consequens
657 3249 713 3319 est,
740 3251 775 3305 ut
788 3252 820 3308 et
867 3245 1230 3325 numpartedominetur
1242 3265 1249 3306 :
1263 3245 1342 3324 «qui
1354 3244 1645 3305 inomnialiberam

60 3341 130 3397 recte
141 3356 229 3416 agere
249 3339 300 3399 vel
319 3355 456 3418 peccare,
481 3337 557 3398 beni
579 3336 696 3415 aliquid
718 3336 818 3401 iecere
867 3339 962 3400 habet
980 3343 1175 3418 potestatem,
1200 3337 1313 3418 inquit,
1337 3343 1464 3418 propter
1485 3353 1646 3398 summum

61 3427 102 3487 rel
113 3431 192 3505 mali,
207 3431 356 3493 innostro
366 3430 407 3491 sit
419 3430 548 3491 arbitrio
562 3429 585 3491 1.
596 3451 612 3488 ))
866 3431 1021 3492 honorem
1043 3448 1138 3510 quem
1156 3431 1277 3491 homini
1299 3429 1452 3506 adhibuit,
1474 3429 1590 3509 aliquid
1611 3428 1646 3488 in

92 3521 541 3584 Etinlibrodecherourbitrio
550 3523 634 3603 apud
643 3522 815 3600 Photium0,
866 3528 1019 3603 potestate
1039 3528 1146 3584 nostra
1163 3523 1300 3603 reliquit,
1323 3522 1412 3602 cuius
1433 3522 1646 3603 unusquisque

60 3609 165 3673 homini
175 3614 306 3676 inditam
320 3615 364 3675 ait
376 3633 396 3674 a
409 3615 472 3675 lieo
487 3614 576 3676 liberi
590 3615 711 3676 arbitrii
724 3615 818 3677 facul·
866 3621 1011 3677 nostrum
1033 3615 1117 3676 solus
1138 3619 1184 3676 est
1203 3615 1361 3677 dominus.
1384 3616 1450 3676 Hoc
1470 3621 1577 3677 autem
1601 3628 1647 3684 est

61 3708 151 3785 ptem,
163 3706 290 3787 ejusque
304 3707 464 3786 propriam
477 3707 713 3769 essanctioncm
721 3707 813 3783 hanc,
867 3708 987 3785 electio,
1002 3724 1053 3768 res
1069 3725 1140 3787 quoe
1152 3707 1262 3787 subjici
1273 3707 1383 3787 nequit
1393 3712 1425 3768 et
1437 3706 1486 3768 sui
1496 3707 1576 3787 juris
1587 3709 1645 3782 est,

91 3954 207 4013 accen.
222 3957 307 4013 Atax.
333 3957 382 4014 lib.
403 3957 424 4013 l.
445 3957 511 4030 Πρὸς
528 3956 628 4019 τούτους
647 3955 664 4025 ἡ
689 3958 825 4030 προφητεία
873 3958 930 4030 θεῷ,
943 3958 984 4010 sul
999 3956 1032 4029 μὴ
1051 3955 1180 4010 ὑπακούειν
1203 3953 1284 4011 αἴτιον
1308 3957 1384 4029 μόνον
1398 3952 1439 4026 ἦν·
1459 3959 1534 4012 τοῦτο
1547 3956 1595 4030 γὰρ
1616 3958 1646 4012 τ1

61 4035 125 4108 λέγει·
148 4043 189 4095 κᾶν
214 4041 311 4112 θέλητε,
334 4044 376 4095 καὶ
399 4041 555 4110 εἰσακούσητέ
570 4061 627 4114 μου,
642 4041 674 4096 rh
687 4040 766 4114 ἀγαθὰ
781 4045 824 4109 τῆς
874 4038 1027 4103 αὐτεξούσιον
1042 4038 1156 4094 trotino
1169 4041 1236 4094 τότε.

63 4124 100 4188 Τῆς
123 4124 231 4195 phede-
262 4122 299 4197 tp·
324 4124 382 4196 ἡμῖν
405 4125 506 4198 κείμενα
526 4124 688 4197 διελέγχουσα
711 4124 753 4178 sel
778 4123 823 4193 τὴν
907 4121 1105 4179 1111111111
1123 4121 1226 4196 μὲνγὰρ
1238 4122 1329 4195 λέγειν,
1343 4120 1369 4177 ἔτι
1383 4123 1527 4194 βουλήσεως
1547 4124 1644 4196 γέγονε·

63 4202 156 4274 αἵρεσιν,
170 4208 210 4261 aul
229 4207 274 4275 τὴν
290 4206 419 4281 turperis.
872 4210 970 4277 πρῶτον
993 4203 1039 4277 μὴν
1060 4204 1089 4258 rb
1110 4204 1170 4277 μὴτ
1159 4199 1222 4258 εἶναί
1242 4224 1302 4260 ποτε
1321 4210 1409 4260 τοῦτον
1424 4206 1547 4279 σημαίνει·
1563 4205 1648 4261 ἔπειτα

92 4287 246 4346 biduano.
267 4291 327 4353 Πῶς
352 4290 379 4344 11
403 4291 444 4344 κα1
472 4291 502 4345 rb
529 4288 682 4352 αὐτεξούσιον
703 4288 822 4362 ἐντούτῳ
871 4286 898 4342 11
912 4285 1010 4356 calche
1025 4285 1063 4342 ἐπ’
1076 4288 1150 4391 dppo
1166 4287 1321 4363 ῥοπὴνέχει,
1336 4289 1444 4363 καθάπερ
1458 4287 1562 4361 εἴρηται·
1581 4290 1647 4344 ὥστε

63 4368 159 4436 palectu
172 4373 238 4447 ἔχειν
263 4379 301 4446 τῷ
324 4375 430 4446 κόσμῳ,
454 4371 491 4445 1φ’
512 4373 573 4445 ἡμῖν
592 4372 639 4445 γὰρ
653 4372 683 4426 rb
696 4377 823 4427 πιστεῦσαι
871 4369 988 4424 δύνασθαί
1001 4388 1057 4425 τινα
1070 4373 1145 4444 νοεῖν,
1162 4371 1238 4439 dul
1223 4371 1327 4439 ἠδύνατο
1345 4374 1421 4445 seips
1420 4372 1589 4445 ἠβοΰλσσθαι
1602 4374 1646 4429 rhu

61 4453 138 4520 uim,
153 4459 193 4510 καὶ
206 4457 288 4594 τὸμὴὶ
313 4462 449 4511 πιστεῦσαι
472 4456 529 4511 iria
550 4455 577 4509 11
598 4453 659 4526 ἐφ’*
648 4457 708 4528 ημῖν
723 4455 752 4509 τὸ
766 4475 822 4509 πισ-
869 4452 933 4507 υἱόν·
949 4451 1055 4508 tristor
1070 4453 1201 4527 11λὲγειν,
1216 4453 1322 4523 ἠδύνατο
1335 4455 1420 4527 καὶμὴ
1437 4450 1509 4510 εἶναι.

62 4540 134 4590 teiam
155 4543 278 4595 ιιῖταικα
276 4540 380 4613 1τ1μὴ
404 4543 543 4605 πιστεῦσαι,
562 4537 600 4610 ἐφ’
614 4539 673 4612 ἡμῖν
688 4539 718 4593 τ1)
731 4558 821 4611 αατορ·
907 4536 1027 4593 8111111..
1042 4536 1091 4594 lib.
1106 4537 1144 4594 de
1157 4540 1470 4611 Spiritutartctoffitp.
1483 4555 1540 4596 xvi.
1564 4538 1647 4612 Ἰσοῤ·

60 4616 169 4675 terma
195 4626 238 4677 αα1
265 4623 462 4697 impeteretur,
485 4620 523 4694 ἐφ’
546 4621 606 4696 ἡμῖν
620 4623 651 4676 rb
665 4621 822 4695 ἀγαθατοιεῖν
873 4620 955 4693 Mune
969 4618 1072 4695 1χοτ1σας
1086 4620 1254 4695 ephebus-ir,
1268 4623 1415 4677 καὶκακίαν.

62 4702 99 4753 ui
109 4704 135 4758 th
148 4709 296 4771 κακοποιεῖν,
907 4703 928 4778 f
941 4704 983 4761 ld.
996 4705 1034 4759 111
1057 4711 1133 4761 corti.
1148 4709 1226 4761 Euri.
1238 4704 1315 4760 Φόσει
1328 4725 1356 4760 τε
1369 4706 1486 4781 χρωμένη
1497 4704 1646 4780 &uicerim

92 4787 157 4843 eid.
172 4790 247 4861 apud
262 4788 342 4845 Phor.
359 4789 421 4846 ced.
438 4789 503 4845 256.
522 4786 588 4843 “co
597 4785 751 4850 αὖτεξοῦσιον
764 4789 822 4860 φησ1
870 4786 1082 4860 αα1μεταρῤἕιαιν
1097 4787 1135 4859 ἐφ’
1150 4787 1253 4863 ἑκάτερα
1265 4790 1386 4863 δυναμένῃ
1407 4791 1469 4864 πρὸς
1482 4789 1586 4863 ἐκλογὴν
1601 4794 1646 4845 τοῦ

61 4873 174 4937 γεγυνέναι
188 4874 309 4944 φημ1τ1ν
323 4874 461 4946 ἄνθρωπον,
487 4870 538 4946 οὐχ
557 4871 592 4933 ὡς
612 4872 821 4944 τροϋαοκειμένου
871 4869 974 4944 ἀγαθοῦ,
989 4872 1031 4924 κα1
1044 4875 1088 4925 τοῦ
1101 4875 1188 4925 κακοῦ.

62 4950 118 5014 ulit
129 4955 269 5024 tdqmoir,
286 4949 315 5009 οὗ
326 4957 371 5025 τὴν
386 4954 506 5027 ἐξουσίαν,
520 4953 542 5008 εἰ
560 4954 688 5026 βούλοιτο,
709 4959 753 5008 τοῦ
772 4952 823 5007 ἑλί-
905 4970 926 5025 9
943 4954 1023 5011 Ntas.
1044 4954 1075 5009 in
1090 4956 1177 5011 Orat.
1198 4958 1282 5010 Dom.
1302 4955 1456 5029 Συνουσιώθῃ
1477 4952 1590 5028 τῇφῦσει
1604 4953 1646 5008 καὶ

60 5030 108 5084 tle
118 5035 241 5110 ἄνθρωπος
255 5036 400 5111 ἒλᾶμδανεν·
424 5036 489 5091 ἀλλὰ
511 5037 555 5106 τὴν
576 5042 621 5092 τοῦ
641 5035 770 5090 irascitur
784 5040 821 5109 τῷ
871 5035 900 5089 τὸ
915 5035 1061 5108 atroque
1075 5054 1111 5108 τε,
1126 5037 1167 5089 sal
1182 5034 1392 5110 τ1α1τεξο1στον,
1413 5038 1455 5090 ael
1468 5038 1548 5106 πάσης
1571 5035 1646 5110 ἀνάγ·

870 5138 914 5188 κης
928 5116 1060 5191 ἐλεύθερον,
1072 5115 1127 5172 1σον
1142 5116 1181 5172 ἐπ’
1188 5117 1289 5191 ἀμφοῖν

62 5284 241 5403 “quater
257 5289 518 5348 naamathi·
489 5290 677 5344 ancum
690 5290 760 5335 19
769 5288 1086 5336 1111)·...μ-ιιινο1ω11
1096 5286 1645 5370 aemr.1e.ur01n...‚erurrucnooum
1706 5316 1716 5322 -

113 5363 150 5398 rnr
828 5382 833 5399 .

204 5485 281 5549 Tou.
305 5485 328 5546 l.
1443 5485 1485 5547 18
1520 5498 1524 5507 “
