4134 6182
687 417 986 492 PROLEGOMENA,
1012 416 1137 479 CAPUT
1158 418 1240 479 VIII.
1726 421 1763 479 te

147 569 193 629 dit
203 588 242 629 ac
253 569 380 648 rolhgit,
394 569 479 649 quod
490 567 664 630 involutum
678 573 723 628 est
734 568 843 647 aperit,
862 568 930 629 obs-
979 568 1092 646 quibus
1114 568 1256 628 innititur
1278 568 1442 647 theologia,
1465 569 1499 629 in
1522 570 1576 630 Ilei
1605 567 1700 650 ipsius
1725 589 1760 631 ee

148 680 224 723 cara
246 662 401 741 patefacit,
431 660 642 722 laborantibus
674 666 801 740 propter
833 680 929 741 oppu-
979 660 1142 721 beatorum
1164 661 1288 721 scientia
1316 660 1433 740 liquido
1461 680 1498 722 ac
1516 663 1675 741 perspicue
1699 679 1763 719 csso

147 755 433 833 gnantinmvimet
447 754 646 815 calliditatem
665 754 817 814 subvenit.
840 754 929 814 Deni-
984 749 1140 833 cognitat.
1171 775 1184 810 ι
1209 755 1253 814 lta
1278 761 1399 815 sanctus
1430 755 1575 816 Thomas.
1594 754 1764 816 Cainihilo

149 864 210 926 qne
257 865 322 908 non
360 848 430 908 ideo
468 846 542 908 fidei
570 845 785 925 intelligentia,
819 852 854 906 ut
886 847 930 907 ait
984 848 1087 908 minus
1100 847 1139 907 ab
1158 847 1224 908 aliis
1247 848 1413 908 obsistitur.
1432 848 1490 909 Sed
1512 854 1548 909 ut
1572 849 1764 910 scholasticas

150 939 353 1020 EpiphanIns,
365 940 545 1015 adstrvritur,
559 943 595 999 ut
612 938 760 1018 primaria
777 939 845 1018 ipsa
861 939 931 999 doe
985 941 1134 1001 istaslites
1149 940 1291 1002 alienasa
1303 942 1459 1021 proposito
1470 948 1585 1018 nostro,
1601 961 1658 1004 neo
1672 941 1763 1003 valde

150 1033 234 1094 trina
253 1039 402 1110 mutetur,
425 1050 497 1113 quta
514 1032 705 1094 fundamenti
714 1032 783 1093 loco
793 1033 928 1112 ponium,
986 1036 1169 1095 necessarias
1178 1037 1329 1111 omittam,
1341 1035 1464 1096 brevius
1478 1036 1620 1115 componi
1638 1053 1688 1096 res
1698 1041 1764 1096 tots

154 1126 285 1187 «aedat
300 1145 371 1206 qua
391 1127 593 1207 anigmatum
609 1126 795 1206 quibusdam
813 1125 932 1187 involu·
985 1129 1098 1207 poterit
1110 1129 1162 1189 sic.
1176 1129 1321 1202 Quamvis
1336 1147 1374 1189 ex
1392 1147 1429 1189 eo
1441 1146 1552 1207 genere
1567 1128 1763 1188 scientiarum

151 1221 210 1283 cris
227 1220 353 1282 obtecta
371 1222 458 1296 sunt,
471 1220 606 1300 expoliat
627 1226 719 1300 atque
741 1219 882 1301 explicet,
901 1226 932 1281 et
985 1220 1142 1301 theologia
1154 1241 1217 1283 non
1235 1223 1274 1283 sit
1293 1221 1446 1298 habenda,
1464 1239 1597 1300 quarum
1619 1239 1710 1280 usum
1728 1239 1764 1281 ac

151 1313 191 1375 ad
209 1332 377 1375 commune
387 1314 460 1376 fidei
469 1314 644 1376 institutum
655 1314 896 1377 accommodetr.
913 1334 928 1371 u
986 1315 1126 1375 notitiam
1145 1314 1256 1375 habuit
1275 1312 1459 1390 Anstoteles,
1484 1315 1538 1392 qui
1559 1314 1634 1392 quid
1659 1314 1764 1374 divina

151 1408 422 1481 Qviemadmodum
439 1414 545 1472 autem
554 1410 633 1469 ratio
655 1407 728 1469 fidei
745 1414 778 1469 et
795 1407 871 1469 fides
887 1426 933 1468 ra-
986 1407 1061 1468 fidcs
1072 1413 1149 1468 esset
1161 1427 1196 1470 ao
1214 1408 1370 1483 revelatio,
1388 1415 1418 1469 et
1439 1426 1533 1486 quam
1552 1408 1592 1468 ad
1606 1424 1763 1468 assensum

150 1501 230 1565 tioni
259 1501 455 1579 suffragatur,
492 1500 580 1563 docet
620 1501 702 1563 inter
723 1502 800 1561 alios
841 1492 932 1578 lingo
987 1507 1070 1562 certa
1105 1507 1136 1562 et
1169 1503 1299 1563 immota
1327 1502 1468 1576 nescivit3
1500 1507 1605 1561 tamen
1639 1500 1765 1560 alterius

153 1593 516 1656 Victorinusetnosalias
527 1594 722 1656 ostendemus
736 1593 760 1656 ¹.
987 1596 1112 1656 rationis
1134 1614 1169 1656 ac
1190 1597 1296 1657 formae
1319 1614 1414 1674 qnam
1441 1613 1510 1673 qurc
1536 1593 1582 1653 illi
1607 1598 1765 1673 comperta

194 1686 405 1760 Quamobrem
425 1688 558 1749 scientia
573 1704 719 1749 numeros
729 1686 839 1768 implet
848 1686 934 1747 theo
986 1689 1053 1765 fuit,
1079 1708 1142 1750 esse
1167 1691 1419 1768 scientiamque
1443 1695 1473 1749 ct
1502 1687 1680 1748 firmitatem
1711 1687 1766 1747 ha-

153 1777 249 1858 lagla,
264 1779 560 1859 dumcertispositis
570 1780 737 1860 principiis,
751 1779 833 1859 quod
848 1778 934 1840 exiis
986 1782 1068 1859 beat,
1092 1789 1128 1842 ut
1156 1782 1231 1859 dixi,
1253 1782 1404 1860 majorem
1428 1783 1544 1842 caeteris
1571 1780 1714 1841 omnibus
1733 1785 1765 1840 et

152 1873 297 1951 seqnitur
322 1872 533 1934 ratiocinando
557 1871 660 1933 infert.
686 1870 839 1951 Principia
860 1887 934 1930 vero
957 1885 962 1893 '
987 1878 1062 1955 ejus,
1092 1877 1176 1955 quod
1202 1895 1241 1937 ex
1264 1875 1421 1956 principiis
1455 1874 1634 1949 deducitur,
1660 1873 1765 1953 positis

152 1972 225 2025 saint
239 1983 312 2045 qnae
326 1964 367 2026 ab
384 1967 447 2026 Deo
470 1965 590 2045 prodita
604 1963 833 2044 significatoque
852 1968 932 2038 sunt,
987 1975 1019 2030 ot
1032 1969 1178 2029 muressis
1187 1968 1342 2049 iisparem
1356 1985 1481 2048 prorsus
1491 1984 1562 2026 cum
1571 1964 1766 2025 illisevidcn-

153 2060 194 2119 de
210 2060 327 2139 quibus
344 2060 522 2120 nuliasano
540 2078 576 2120 ae
593 2058 747 2139 prudenti,
761 2065 793 2118 et
810 2075 881 2136 qua
899 2074 935 2117 ac
988 2064 1076 2123 dam.

1798 826 1918 879 Theologla

1814 881 1906 922 actantta

1817 937 1851 976 est
1862 946 1904 975 non

1797 988 1919 1040 cuiusmodi

1789 1053 1836 1082 esse
1858 1048 1910 1083 nota

1788 1095 1861 1148 potutt
1870 1097 1933 1137 Arta·

1829 1148 1899 1194 totett.

155 2152 316 2231 mornado
335 2158 548 2214 asseverantur
563 2151 757 2232 intelligenti,
783 2150 963 2237 dubitatiou
1029 2157 1066 2217 V.
1082 2157 1142 2218 Sed
1153 2155 1283 2217 scientior
1296 2152 1484 2217 vocabulum
1496 2153 1596 2215 laxius
1608 2154 1765 2214 interdum
1808 2139 1915 2234 apin.

155 2244 330 2306 suboritur.
989 2251 1086 2330 accipi
1101 2249 1189 2326 solet,
1208 2268 1272 2310 non
1291 2250 1433 2310 modoet
1450 2248 1765 2310 Interioremomnem
1797 2245 1810 2275 ⁰
1836 2244 1927 2328 ’,Ψ

195 2340 243 2401 Aa
273 2339 427 2401 Maximus
457 2339 582 2418 quidem
610 2338 746 2419 Dionysii
772 2339 933 2416 interpres,
989 2344 1129 2405 notitiam
1148 2342 1272 2424 proprie
1282 2342 1326 2401 ita
1334 2342 1415 2402 dicta
1426 2341 1552 2401 scientia
1564 2340 1764 2419 comprehen-
1801 2406 1827 2436 u
1858 2350 1925 2435 „furt

153 2450 229 2494 am
257 2434 420 2513 macyatus
445 2432 638 2513 tdednpicam
658 2431 813 2494 acr'entiom
839 2430 937 2491 nomi-
989 2438 1053 2513 dat,
1067 2437 1119 2497 sed
1137 2434 1384 2497 excellentiorem
1405 2452 1539 2513 quoque,
1556 2439 1587 2493 et
1604 2434 1638 2493 in
1655 2450 1767 2512 genere

152 2536 269 2605 m,
289 2527 352 2589 boc
374 2527 407 2588 in
431 2527 553 2588 scholiis
571 2527 727 2588 illustrans
739 2527 763 2602 ²,
779 2525 937 2586 scientiam
990 2531 1169 2609 cognitionis
1182 2528 1412 2591 antecellentem
1429 2527 1545 2588 caeteris
1567 2544 1637 2605 quae
1649 2525 1764 2606 sopien-

156 2625 199 2684 ita
212 2622 326 2683 definit
342 2629 379 2681 nt
392 2621 442 2681 sit·
468 2643 483 2677 a
508 2621 601 2682 Recta
614 2620 718 2701 opinio
734 2620 852 2680 ratione
873 2617 938 2678 alli·
991 2625 1036 2685 tia
1047 2625 1234 2686 nominatur.
1251 2623 1338 2697 Quod
1351 2639 1466 2682 nomen
1487 2618 1641 2700 theologice
1656 2619 1767 2679 merito

156 2723 239 2795 gnta,
254 2716 307 2777 vel
323 2715 402 2777 ratio
421 2730 496 2775 vera
512 2713 546 2774 in
565 2718 669 2774 mente
691 2710 867 2786 immobilis,
887 2709 938 2771 vel
991 2718 1164 2793 convenire,
1181 2722 1248 2777 tum
1269 2735 1308 2777 ex
1329 2714 1470 2776 Patribus
1483 2711 1624 2786 efficitur,
1640 2715 1709 2771 tum
1730 2730 1768 2771 ex

157 2814 306 2871 mata
320 2808 367 2870 rei
388 2807 529 2887 cognatio
550 2813 582 2868 et
600 2805 828 2880 demonstratio,
851 2804 939 2883 enjus
990 2808 1187 2873 Aristotele2.
1200 2809 1389 2889 Augustinus
1401 2805 1554 2886 imprimis
1570 2822 1633 2864 non
1659 2821 1724 2864 uno
1736 2804 1769 2863 in

158 2905 288 2966 micatis
301 2904 426 2980 dicim,
450 2902 587 2964 veritatis
603 2901 756 2962 rationem
773 2905 804 2961 et
823 2899 939 2978 opinitr
992 2905 1060 2966 loco
1072 2905 1253 2985 sapientiam
1262 2903 1406 2964 discernit
1422 2898 1579 2961 ascicntia
1592 2895 1617 2972 ⁵,
1644 2898 1770 2976 Aposto

157 3016 231 3060 raam
243 3004 364 3060 rectam
373 3014 438 3077 pra
451 2997 600 3072 salernus,
614 3013 672 3056 neo
687 2993 940 3055 asseverationem
992 2996 1059 3058 lum
1084 3003 1217 3072 secubo,
1231 2995 1284 3074 qui
1297 3011 1455 3054 aaronem
1469 2988 1600 3050 uicaria
1611 2988 1770 3067 distinguit

161 3108 198 3151 ax
218 3092 331 3152 smilis
354 3089 581 3171 comparatione
610 3078 835 3168 apanensi.»
860 3086 940 3159 Quas
992 3089 1161 3152 asamar
1184 3086 1353 3169 sapientia,
1386 3083 1442 3144 uhi
1463 3081 1537 3163 qno
1564 3081 1684 3173 intensa
1707 3099 1770 3143 non

162 3201 274 3245 mea
291 3184 428 3245 seientia
453 3182 671 3262 descriptiones
692 3181 725 3241 in
752 3178 941 3257 theologiam
993 3183 1126 3263 explicat
1134 3180 1160 3243 ⁶.
1177 3181 1236 3244 Sed
1250 3198 1288 3241 ex
1309 3178 1388 3239 libro
1401 3176 1461 3238 Job
1477 3174 1641 3236 discrimen
1659 3175 1772 3236 utrius·

158 3282 340 3357 mipene
350 3276 548 3337 mannaim
563 3281 619 3336 est.
994 3295 1054 3356 que
1072 3274 1175 3355 colligi
1199 3277 1289 3353 putat
1313 3270 1511 3349 Augustinus,
1540 3267 1594 3328 ubi
1623 3269 1770 3348 scriptum

200 3370 257 3431 IV.
284 3370 389 3431 Unum
409 3368 487 3430 illud
503 3362 680 3447 obstrepere
701 3365 834 3440 videtur,
851 3383 888 3425 ae
902 3382 941 3425 ne
994 3375 1039 3431 cst
1062 3370 1104 3430 sio
1125 3388 1132 3428 z
1161 3367 1236 3429 Ir'cce
1257 3365 1353 3447 pietas
1373 3370 1414 3424 est
1441 3361 1607 3442 rapientia,
1628 3359 1772 3423 abstisere

161 3481 236 3525 vere
262 3459 432 3542 Ibeelogm
453 3461 492 3522 sit
514 3462 641 3523 scientia
661 3459 835 3540 prohibere,
858 3457 942 3538 quod
994 3471 1126 3525 autema
1151 3460 1251 3535 molis,
1273 3455 1481 3519 cotinentiae
1506 3455 1551 3514 Ita
1567 3453 1643 3532 legit
1654 3455 1773 3533 Augus

161 3556 345 3619 Aristoteles
359 3556 516 3617 edendam
530 3555 682 3634 ejusmodi
695 3572 758 3615 esse
782 3552 859 3629 vult,
873 3570 943 3631 quae
993 3558 1077 3618 tinus
1095 3556 1325 3617 sadracarum
1345 3548 1606 3629 interpretatione.
1623 3547 1702 3608 Nam
1718 3549 1772 3608 Lo·

163 3650 427 3713 dmmtratione
434 3649 572 3728 gignitan
585 3648 614 3724 ³3
625 3647 843 3710 demonstratio
850 3663 942 3725 porro
994 3651 1078 3710 tinus
1100 3652 1202 3708 noster
1219 3662 1258 3707 ex
1269 3642 1399 3705 Ilebraeo
1412 3640 1456 3700 ita
1468 3639 1570 3715 vertit,
1596 3636 1774 3700 Eecetimor

161 3744 235 3806 talis
256 3750 314 3821 est,
335 3748 372 3804 ut
387 3761 426 3805 ex
450 3742 530 3803 veris
549 3747 580 3804 et
601 3740 773 3804 notioribus
786 3739 941 3820 procedat,
996 3741 1127 3813 Domini,
1143 3740 1210 3821 ipso
1227 3733 1446 3816 estrepieotia,
1463 3742 1491 3795 et
1510 3731 1672 3795 recederet
1691 3731 1772 3793 malo

162 3841 278 3900 siveex
292 3837 450 3919 priucipiis
462 3834 596 3898 naturali
611 3834 681 3896 luce
694 3832 869 3914 perspectis.
887 3833 945 3893 Ve—
997 3830 1215 3913 intelligentia.
1248 3825 1408 3890 Θεισέὸιιαν
1432 3822 1633 3903 Septuaginta
1664 3840 1773 3904 posue

162 3932 325 3994 rnmbuic
348 3931 390 3992 ab
416 3929 619 4005 scholasticIs,
645 3927 816 4008 praesertim
840 3931 945 3986 saneto
996 3931 1070 3987 runt
1079 3942 1136 4005 pro
1148 3922 1253 3983 timore
1264 3917 1395 3981 Domini.
1410 3918 1447 3978 Et
1456 3916 1582 3996 quidem
1602 3924 1671 3976 true
1690 3924 1769 3977 nuit

163 4026 293 4087 'lisama
324 4026 451 4103 ejusque
484 4021 641 4103 discipulis
673 4020 846 4081 occurritur
892 4018 946 4097 qui
998 4037 1077 4099 saepe
1106 4018 1140 4077 in
1153 4013 1317 4094 Soriptnris
1337 4010 1514 4092 religionem
1532 4009 1699 4089 cultamque
1715 4008 1775 4070 Dei

169 4118 363 4199 «windpia,
376 4117 490 4197 illiipsi
500 4116 589 4195 ciuus
600 4113 750 4195 principia
760 4117 842 4187 sunt,
853 4111 946 4171 scien-
998 4111 1147 4193 significat
1168 4109 1232 4169 sive
1248 4106 1400 4189 pietaten,
1423 4109 1460 4163 ut
1476 4102 1665 4181 Augustinus
1682 4101 1775 4163 adno-

164 4213 219 4274 tiae
230 4230 289 4293 per
298 4229 332 4273 se
343 4229 406 4272 esse
423 4216 500 4272 nota
511 4213 606 4289 negat
625 4212 779 4286 oportere,
799 4204 849 4264 sed
866 4202 948 4263 suffi-
997 4211 1054 4266 tat.
1069 4205 1115 4265 Ex
1132 4219 1194 4280 qno
1212 4200 1288 4261 item
1305 4201 1540 4276 argumentatur
1560 4194 1623 4254 aad
1638 4199 1776 4256 contem-

166 4325 240 4368 nere
253 4307 315 4367 boo
332 4312 402 4367 uta
419 4304 575 4385 superiore
592 4301 697 4379 aliqua
712 4297 792 4360 clare
814 4316 850 4358 ao
866 4314 948 4377 pers·
998 4298 1168 4379 plationem
1181 4291 1372 4373 sapientiam,
1389 4289 1430 4350 ad
1443 4288 1595 4350 actionem
1618 4286 1775 4348 scientiam

167 4402 264 4482 picae
280 4404 457 4461 noscantur.
481 4397 566 4458 Sicut
586 4394 696 4474 optioae
713 4391 863 4473 principia
878 4409 948 4471 geo
999 4392 1190 4472 pertinere.»
1204 4388 1241 4447 Et
1252 4387 1287 4447 in
1300 4380 1499 4445 libroXIVde
1509 4379 1658 4442 Trinitote
1672 4382 1775 4442 statim

166 4496 305 4571 menie,
333 4494 459 4557 mudum
481 4492 557 4553 item
578 4486 729 4569 principis
748 4486 948 4547 arithmetice
1000 4486 1122 4547 initio«
1146 4498 1253 4543 rerum
1267 4479 1443 4539 divinarum
1467 4475 1636 4549 scientiam,
1652 4475 1777 4553 proprie

166 4593 334 4670 comperta
351 4592 433 4648 arnt.
460 4584 507 4645 Ad
529 4582 613 4643 bunc
633 4578 764 4640 modum
785 4578 945 4658 principia,
1002 4576 1183 4660 sapientiam
1194 4571 1366 4652 nuncupari
1375 4569 1714 4631 asserit2humanarnm
1726 4586 1779 4630 au·

203 4792 225 4832 a
246 4776 339 4832 Em.
356 4773 425 4828 ha‘r.
445 4774 489 4829 at.
517 4771 552 4825 'lb
571 4768 597 4823 at
617 4770 745 4836 ultioni
767 4766 868 4821 ἔλαττον
888 4765 950 4820 κατὰ
1002 4764 1214 4835 θὴςέπὶὃιάνοιαν
1233 4759 1416 4833 liastimonae·
1432 4757 1472 4810 sal
1492 4755 1619 4833 ἡὼιριξῂς
1633 4754 1723 4822 atissa
1736 4759 1780 4809 τοῦ

166 4853 645 4926 ώνεσινιῖδέιιιιιτινὰς,ὠιιέντῷτὴν
658 4849 952 4919 ὑπόθεσινωῧτὴνᾶλλάσ-
1003 4851 1156 4922 πράγματος,
1174 4845 1214 4899 καὶ
1242 4843 1384 4914 deiparae,
1414 4833 1442 4894 οὗ
1471 4839 1511 4892 καὶ
1530 4839 1627 4911 λέγεται
1647 4837 1779 4910 ἐπιστήμη,

166 4967 222 5002 σειν
247 4945 351 5017 γίνεται,
367 4948 440 5010 etc„
453 4939 517 4994 ἀλλὰ
535 4938 559 4993 ir
579 4943 616 5011 τῷ
638 4940 685 4993 baa
707 4935 731 4991 iv
748 4936 898 5008 παραδολαῖς
918 4933 952 4987 al·
1004 4933 1118 5003 ἀληθείας
1130 4932 1217 5004 λόγον,
1232 4930 1274 4984 καὶ
1287 4926 1358 4991 δόξαν
1371 4926 1445 5000 ὀρθὴν
1465 4922 1662 4997 προὸαλλομᾶνη,
1677 4921 1711 4993 μὴ
1725 4923 1782 4976 beo·

167 5051 246 5105 ρηται
271 5027 518 5101 προσεπιργάζιοθαι,
543 5025 584 5078 καὶ
609 5020 711 5077 oberoiv
731 5027 762 5095 τῇ
783 5025 826 5089 τῆς
848 5020 952 5082 πίστεως
1005 5019 1064 5091 μένη
1078 5015 1159 5084 vilain
1172 5013 1381 5089 παραθέσεωςτοΰ
1394 5008 1483 5082 dpolav
1499 5008 1659 5079 βιὸαιώσιως.

166 5115 288 5171 ὑποθέσει
1040 5103 1129 5159 aloa.
1152 5115 1244 5157 xxvru.
1258 5101 1302 5155 28.
1322 5094 1386 5149 Ἰδοὶι
1402 5094 1417 5162 ἡ
1434 5091 1555 5146 erosas
1575 5088 1626 5144 tea
1645 5092 1728 5162 copta·
1749 5094 1778 5147 τι,

206 5201 226 5255 b
247 5155 353 5254 flattu.
371 5198 404 5252 in
419 5212 481 5273 rap.
495 5199 521 5250 2.
535 5194 619 5253 Dion.
637 5194 671 5250 de
685 5193 773 5251 Doto.
793 5204 864 5246 amn.
883 5185 952 5240 Ἐπι-
1005 5186 1031 5242 bl
1050 5185 1181 5259 ἀπίχισθαι
1196 5182 1245 5237 ἀπὸ
1256 5186 1335 5234 mdiv
1350 5177 1413 5232 latu
1433 5175 1564 5247 ἐπιστήμη.

168 5288 261 5359 arripui
273 5284 299 5337 tt
312 5282 374 5348 tm,
387 5280 447 5344 δόξα
460 5280 518 5353 ὀρθὴ
532 5281 645 5353 λογισμῷ
657 5277 763 5343 δεθεῖσα,
774 5276 791 5343 h
804 5274 879 5345 λόγος
891 5271 952 5340 ἄλη·

201 5461 283 5509 tLtb.
299 5463 325 5508 t,
338 5466 397 5515 part.
412 5470 448 5505 ιιι,
465 5455 595 5503 dedam.
609 5454 679 5509 tide.
694 5464 756 5500 xxx.
774 5452 886 5506 deep.
899 5464 926 5497 u.
939 5448 965 5493 dr
979 5447 1136 5498 hiemem·
1151 5443 1166 5491 8
1180 5442 1302 5490 Artemii.
1315 5440 1334 5487 l.
1352 5438 1498 5486 dehonorat.
1511 5439 1592 5486 aa·
1611 5435 1723 5488 ttnpart.
1738 5441 1778 5481 qu.

173 5543 199 5587 t,
219 5541 271 5580 art.
283 5532 307 5581 2.
326 5531 565 5585 -5Αιις,11ὴ,ΧΙΙ.
580 5526 759 5579 debibitum
774 5534 822 5572 ιιι,
837 5524 912 5569 atltb.
930 5521 993 5567 XIV.
1012 5534 1035 5567 e.
1049 5523 1073 5567 t,
1089 5542 1114 5554 -·
1133 5518 1231 5565 ditior.
1246 5523 1287 5561 xu,
1298 5514 1323 5559 Β.
1492 5516 1509 5541 ⁸
