3956 6168
318 330 377 389 388
823 321 1148 387 THFDLOGICORUM
1169 319 1398 383 uooutuuu

317 495 605 565 institutiunculam
615 495 785 556 increatum
799 494 924 557 etidem
938 493 1087 572 cumipse
1135 488 1259 550 dixerit.
1288 492 1375 565 Quod
1401 488 1458 551 soli
1486 486 1600 549 diuinae
1628 483 1805 546 sumentia
1829 500 1892 542 cou-

319 590 392 662 [too‚
411 589 493 668 quod
509 589 632 668 proprie
645 597 809 668 nuperque,
823 587 855 647 id
871 592 917 647 est
935 583 1088 665 exemplar
1136 599 1263 659 gruere,
1293 601 1357 643 nou
1381 588 1485 643 autem
1521 583 1630 639 necte
1662 577 1730 654 ulli,
1758 574 1894 654 Didymus

316 680 447 760 appellat
456 685 548 759 atquc
557 680 600 740 ita
608 679 770 740 describit:
786 677 1087 758 «Exemplariavero
1136 674 1242 735 asserit
1262 674 1297 735 in
1316 674 1408 736 tertio
1422 674 1502 735 libro
1527 669 1562 731 de
1584 669 1706 753 Spiritu
1725 667 1894 729 tentasti

316 771 446 831 dieirnm
469 789 534 831 csse
549 771 684 831 rationes
706 788 776 850 quae
790 771 823 831 in
842 772 905 831 Deo
918 774 1001 844 sunt,
1017 785 1088 847 quae
1136 782 1238 844 neque
1251 767 1403 846 posterior
1420 765 1500 826 ratio
1514 762 1666 843 qrradrare
1679 764 1789 842 potest,
1805 764 1839 819 ut
1849 777 1895 839 per

315 862 408 923 rebus
421 863 584 924 essentiam
597 862 739 923 tribuunt
750 880 786 922 ae
799 862 997 941 singulariter
1015 865 1087 921 ante
1135 855 1251 918 formas
1264 857 1337 919 istas
1350 876 1421 938 quae
1435 855 1645 935 singularibus
1657 852 1858 934 applicantur,
1871 857 1896 911 et

316 953 501 1026 subsistunt,
526 973 603 1034 quas
624 954 781 1033 theologia
803 953 1087 1034 praedestinationes
1136 947 1281 1031 alliuncto
1296 949 1446 1011 vocabulo
1461 948 1522 1005 aaa
1535 946 1742 1019 declarantur,
1757 941 1896 1021 intelligat
1964 1009 1965 1012 Ἴ

316 1051 415 1121 vocat,
437 1065 472 1106 ac
496 1046 615 1107 divinas
636 1051 668 1106 et
689 1046 786 1106 bonas
806 1046 990 1121 voluntates,
1018 1063 1087 1123 quae
1137 1040 1304 1121 Dionysius
1322 1048 1453 1103 aeternas
1471 1040 1651 1118 divinasque
1663 1037 1807 1098 notiones
1819 1040 1848 1095 et
1859 1036 1897 1095 iu-

316 1138 563 1199 definicndorum
583 1158 620 1199 ac
645 1139 858 1199 faciendorum
883 1139 948 1198 rim
971 1137 1088 1198 habent
1137 1138 1264 1209 creatas,
1280 1135 1307 1194 si
1320 1136 1397 1195 tales
1417 1133 1630 1211 intelligantur
1649 1135 1685 1192 ut
1702 1129 1764 1190 sint
1776 1129 1840 1208 ipsa
1852 1128 1897 1190 lla'

317 1231 447 1291 entium.
468 1230 644 1292 Secundum
658 1229 800 1309 quasilla
818 1230 989 1290 substantia
1002 1228 1088 1288 omni
1137 1224 1317 1287 substantia.
1340 1228 1481 1287 Primum
1495 1226 1568 1305 quia
1586 1241 1679 1284 nemo
1703 1223 1747 1282 ita
1759 1221 1895 1300 loquitu,

317 1323 456 1401 superior
479 1323 561 1382 entia
583 1323 689 1383 omnia
711 1321 939 1402 predestinaret
961 1340 996 1382 ac
1019 1339 1089 1400 pro·
1137 1317 1236 1378 Βσιιῐιί
1249 1325 1442 1395 ὑποστήσασθαι,
1458 1318 1490 1378 id
1504 1323 1560 1393 est,
1575 1314 1751 1397 punctae
1769 1313 1896 1375 substan-

318 1415 435 1475 duxitss.
447 1436 462 1470 r
480 1415 535 1475 Hae
548 1420 621 1476 sunt
633 1412 943 1495 primigeniaetormq
957 1413 1085 1489 otides,
1137 1408 1213 1469 tiam
1235 1428 1334 1487 suam,
1356 1417 1387 1472 et
1409 1410 1494 1489 quod
1514 1407 1713 1470 substantiale
1734 1407 1831 1467 inesse
1847 1406 1896 1485 ipsi

318 1506 447 1586 adquas
461 1524 555 1586 opera
567 1525 623 1567 sua
637 1505 743 1567 omnia
754 1507 837 1566 Deus
850 1504 954 1583 exigit,
971 1522 1041 1585 quae
1055 1505 1089 1564 iu
1138 1501 1318 1579 cogitamus.
1348 1503 1387 1563 At
1409 1502 1587 1582 Dionysius,
1611 1505 1647 1559 ut
1664 1517 1704 1559 ex
1727 1498 1793 1577 ejus
1809 1497 1896 1558 vobis

319 1599 382 1658 Deo
396 1604 468 1658 sunt
481 1598 547 1676 ipso
560 1600 695 1665 οὖσιωδῶς,
710 1615 768 1659 nec
783 1596 822 1658 ab
836 1597 902 1676 ejus
917 1596 1088 1658 substantia
1138 1610 1207 1671 quae
1222 1610 1315 1673 supra
1328 1594 1489 1674 posuimus
1502 1590 1610 1672 liquet,
1626 1593 1726 1652 Derim
1740 1591 1783 1650 ait
1796 1589 1896 1650 formas

248 1713 253 1724 ·
319 1691 475 1750 differunt.
1138 1683 1894 1765 illasuieirroeirar,eitoeoqlursstoaeierasixoerioaaln.
1913 1716 1962 1759 p„

358 1783 450 1842 Aliud
475 1780 698 1861 principiorum
727 1781 960 1861 formarumque
990 1800 1088 1860 genus
1138 1778 1311 1839 Trimidem
1321 1778 1501 1854 sitiamus
1514 1777 1587 1837 istas
1600 1776 1785 1856 participare
1799 1781 1896 1854 etpar

318 1880 364 1935 est
377 1893 396 1933 a
408 1874 512 1935 divina
522 1877 625 1932 mente
637 1873 834 1951 productum,
846 1879 877 1934 et
886 1874 1038 1952 exempla,
1054 1879 1090 1934 ut
1138 1869 1269 1948 ticipari,
1285 1871 1479 1950 participare,
1495 1870 1635 1948 inquam,
1652 1868 1789 1929 divinam
1810 1874 1839 1927 et
1849 1886 1895 1927 an·
1959 1895 1961 1902 t

318 1968 361 2026 ita
374 1968 495 2046 loquar,
519 1964 700 2025 secumdaria
717 1966 952 2045 continetque
974 1983 1023 2025 res
1041 1965 1089 2026 sui
1138 1960 1304 2039 tiquiorem
1328 1963 1466 2041 aliquam
1492 1960 1637 2036 formam,
1663 1968 1694 2020 et
1715 1960 1846 2021 vicissim
1864 1960 1896 2019 ab

319 2058 536 2118 communione
550 2056 686 2116 formant
708 2075 744 2118 ac
765 2056 843 2117 tales
864 2057 1011 2117 efficiunt.
1028 2057 1090 2117 Has
1139 2052 1335 2114 inferioribus
1353 2054 1522 2132 creatisque
1543 2052 1730 2133 participari.
1756 2051 1841 2123 item,
1858 2051 1895 2111 di-

318 2151 501 2230 posteriores
525 2148 639 2208 formas
668 2166 732 2208 non
758 2166 980 2230 usquequaque
1007 2154 1090 2209 reete
1138 2143 1245 2205 vniam
1265 2164 1301 2206 ac
1321 2148 1383 2207 Deo
1405 2146 1531 2206 insitam
1551 2144 1648 2204 vitam
1671 2162 1735 2205 esse
1754 2143 1896 2212 ζωταίνσῐ

319 2242 458 2321 llionysii
466 2242 649 2320 interpretes
663 2240 829 2319 explicant,
846 2248 882 2301 ut
894 2241 1047 2301 Maximus
1060 2246 1090 2301 et
1139 2242 1302 2313 ἰσσσσσσικὴν
1316 2251 1358 2312 σῆς
1372 2244 1509 2313 altstete,
1524 2237 1558 2297 id
1571 2242 1628 2311 est,
1646 2236 1736 2297 vitam
1747 2243 1776 2296 et
1788 2235 1897 2296 aritae

319 2333 468 2411 Georgius
485 2331 701 2410 Paclrymeres,
726 2333 780 2411 qui
804 2338 914 2412 putant
934 2332 993 2391 hoc
1007 2333 1089 2410 [prod
1141 2327 1213 2388 tium
1229 2327 1380 2409 impertiri
1400 2328 1509 2408 somne
1532 2327 1581 2389 itt·
1592 2335 1622 2388 et
1646 2326 1720 2389 ἰάσω
1740 2328 1801 2388 aiae
1813 2344 1895 2386 eren-

319 2425 371 2485 ille
392 2431 483 2485 vocat
499 2432 619 2488 αὖτοεῖναι
635 2433 665 2488 et
678 2432 813 2503 αὖτοζωήν,
830 2432 1089 2505 elemosinarium·
1136 2417 1223 2500 plari·
1241 2421 1323 2489 orte,
1345 2439 1412 2502 Μ
1432 2427 1545 2497 stratur
1569 2418 1695 2480 dieitur·
1724 2421 1794 2480 Non
1812 2424 1896 2499 Ρθῗὸῑ

268 2566 282 2576 .
320 2528 450 2596 potorque,
478 2534 555 2596 quus
579 2527 697 2599 μετοχάς,
726 2516 759 2577 id
785 2523 831 2576 est
851 2519 1092 2601 participationes
1140 2510 1235 2589 rgitm·
1261 2519 1373 2588 αὖῖῦἶωῆ
1401 2517 1456 2572 &Ut
1481 2511 1541 2572 fllia
1570 2511 1718 2591 (11183111)θῖ
1740 2511 1807 2572 idei!
1828 2511 1895 2588 Ejus·

264 2672 277 2683 ,
320 2609 463 2688 appellat,
479 2608 707 2690 aitquepartim
721 2611 950 2690 rpoicttttoteqid
965 2618 1088 2694 estpro-
1141 2604 1235 2677 modi,
1252 2605 1319 2684 ipsa
1335 2622 1400 2664 esse
1423 2604 1527 2665 divina
1544 2605 1631 2664 notio
1653 2603 1703 2665 vel
1727 2602 1894 2672 σΰσιῶδσςσίἰ-

259 2739 263 2747 -
321 2701 627 2779 ductosene‚partim
639 2699 1091 2777 Deumillastaoorteaotaqhoc
1141 2696 1216 2775 quid
1230 2697 1296 2772 Dei,
1312 2715 1381 2756 rrum
1405 2697 1445 2757 ab
1459 2714 1496 2755 ca
1511 2697 1574 2757 vita
1595 2712 1665 2775 quae
1679 2696 1716 2756 in
1729 2695 1895 2756 Deoestxel

321 2799 367 2854 est
385 2792 574 2853 emittentium
594 2793 643 2854 vel
666 2791 884 2854 subsistentiam
907 2792 944 2852 iis
970 2792 1088 2872 dedisse,
1140 2789 1244 2869 potius
1257 2791 1338 2849 Deus
1355 2794 1411 2865 est,
1427 2789 1548 2849 diversa
1560 2790 1600 2848 sit
1617 2797 1632 2865 ἡ
1648 2794 1773 2864 nutat,
1794 2794 1826 2848 et
1841 2788 1896 2848 hac

320 2891 388 2945 tum
400 2885 482 2946 iuter
499 2884 580 2966 ipsas
599 2903 669 2947 eam
682 2903 752 2965 quae
773 2890 907 2958 σῦτσιϊνσι,
929 2885 1023 2965 ipsum
1037 2908 1092 2951 erse
1140 2881 1180 2941 ab
1201 2881 1252 2942 illa
1267 2899 1391 2943 caumm
1415 2886 1445 2941 et
1463 2881 1619 2959 originem
1636 2880 1760 2941 mbeat.
1780 2880 1826 2941 Ad
1841 2880 1895 2941 hec
1927 2877 1956 2927 t·

320 2976 462 3053 diciturl,
482 2977 608 3058 reliquis
629 2978 836 3058 antiquiorem
855 2994 921 3036 esse
939 2978 978 3039 ah
991 2980 1091 3062 iisque
1140 2974 1235 3034 verba
1252 2973 1390 3053 Dionysii
1404 2992 1474 3053 quse
1490 2992 1529 3035 ex
1547 2973 1713 3034 undecimo
1736 2972 1831 3052 capite
1853 2973 1894 3032 de

321 3070 507 3149 participari:
517 3071 679 3149 ejusmodi,
695 3072 834 3149 inquam,
845 3068 959 3130 formas
969 3077 1000 3132 et
1008 3072 1091 3135 ideas
1140 3067 1329 3145 scripsimus
1339 3070 1445 3145 aperte
1458 3066 1573 3146 duplex
1585 3065 1694 3125 formae
1700 3082 1796 3143 geum
1805 3064 1896 3125 distin

322 3162 471 3222 Maximus
493 3163 533 3223 ad
554 3163 608 3225 illa
627 3163 693 3243 ipsa
716 3161 855 3241 Dionysii
872 3161 977 3235 rerba,
1003 3168 1092 3243 putat
1139 3163 1254 3236 guent*
1275 3175 1375 3219 unum
1396 3164 1514 3238 ἀρχικόν,
1541 3167 1631 3237 tetur,
1659 3163 1802 3231 αἰσισσιιόσ,
1832 3154 1894 3216 alte

321 3271 386 3314 esse
400 3254 518 3315 divinas
540 3255 713 3315 voluntates
735 3253 847 3333 quilius
870 3252 1003 3314 destinat
1017 3255 1091 3317 dare
1140 3267 1212 3311 rum
1235 3258 1349 3332 μσθεκτσν
1368 3249 1594 3331 pertemptatum,
1617 3248 1892 3330 eujusmodiapws

150 3369 297 3415 amenum
322 3346 571 3426 impertiriqucrt
585 3345 1001 3406 elrarrebusomniltusitem
1014 3345 1092 3421 ἀρχὰς
1140 3348 1208 3412 τσσὰς
1220 3351 1333 3421 δυνάμεις
1343 3340 1482 3423 providus
1489 3340 1646 3422 facultates
1655 3359 1721 3402 esse
1734 3341 1894 3402 dieitalleo
1915 3367 1958 3419 ιμ-

160 3423 298 3519 ὯᾞΨ
321 3437 389 3498 illas
415 3443 446 3497 et
471 3438 586 3498 formos
615 3438 834 3518 interpretatur
860 3437 1092 3498 excellentiores
1141 3439 1324 3514 propagatas
1337 3439 1369 3494 et
1387 3434 1559 3514 productas,
1582 3438 1618 3494 ut
1639 3439 1713 3494 sunt
1726 3441 1892 3507 σίτσωσίσσις,
1910 3417 1966 3526 „³³

322 3529 517 3603 substantias,
532 3528 617 3589 velut
627 3535 701 3590 sunt
711 3528 817 3590 throni
830 3529 864 3590 in
881 3547 995 3609 genere
1004 3529 1092 3590 intel·
1141 3534 1310 3600 αἰτσζώωσις,
1325 3544 1459 3606 quarum
1471 3533 1610 3603 ὑποστάτης
1623 3527 1772 3586 estlleus.
1791 3526 1894 3600 Ouaiu
1936 3585 1962 3614 r

323 3621 486 3701 ligihilium
499 3627 723 3698 creaturarum,
738 3622 892 3682 etcoelum
911 3627 1045 3683 aeterra
1059 3623 1092 3683 in
1142 3625 1226 3680 οὐσίαν
1240 3618 1295 3678 Dei
1308 3623 1339 3679 et
1352 3625 1469 3688 οὐσιῶδες
1482 3617 1599 3698 aliquid
1618 3617 1893 3679 illiusnnllomado
1928 3683 1933 3690 ,

323 3715 359 3775 iis
380 3732 450 3793 qum
470 3712 585 3773 cadunt
597 3713 655 3772 snb
668 3719 837 3793 aspectum.
858 3714 996 3794 Denique
1009 3715 1093 3776 ideas
1142 3715 1332 3790 competunt.
1353 3711 1511 3770 Postremo
1533 3709 1559 3769 si
1578 3709 1746 3771 museus
1768 3709 1831 3770 illas
1846 3708 1945 3768 lor-²⁶¹¹
1967 3699 1968 3706 '

323 3805 555 3886 etexcmplaria
575 3805 739 3885 dequibus
756 3805 818 3866 illic
832 3806 896 3884 agit
915 3807 1090 3886 Dionysius,
1142 3820 1287 3882 mastpree
1297 3821 1369 3863 cum
1379 3803 1523 3881 adjuncta
1535 3818 1610 3862 voce
1625 3803 1894 3882 aittexprimuntur
1937 3863 1939 3872 ,

324 3899 465 3959 notiones
478 3897 604 3977 exponit
611 3915 668 3977 per
681 3916 746 3958 sese
759 3897 908 3977 periectas
922 3904 952 3959 et
964 3904 1094 3961 aeternas
1143 3913 1162 3955 a
1176 3895 1333 3975 Dionysio,
1344 3896 1426 3974 ipsas
1440 3895 1474 3955 in
1485 3895 1548 3955 Deo
1557 3894 1724 3955 existentes
1737 3895 1822 3974 eique
1834 3892 1893 3953 suh·

324 3992 433 4053 aeterni
446 3990 510 4064 Dei,
536 4007 669 4069 quanam
686 3991 920 4070 participatione
944 3997 1094 4054 ereatura
1143 3988 1299 4049 stantiales
1318 3987 1403 4048 ideas
1426 4004 1490 4047 esse
1514 3986 1616 4063 vellet,
1640 4005 1697 4046 our
1720 3987 1816 4048 nullas
1833 3985 1893 4045 alin

324 4085 507 4146 formantur.
1143 4081 1203 4142 uisi
1224 4080 1412 4141 universales
1431 4080 1639 4155 constitueret,
1655 4085 1691 4139 ut
1711 4084 1783 4139 sunt
1800 4094 1894 4158 genna

364 4178 402 4237 V.
425 4175 485 4236 Sed
505 4191 545 4235 ex
564 4174 602 4233 iis
623 4174 928 4253 interpretationibus
953 4174 1006 4234 illa
1024 4193 1093 4255 qrrae
1144 4178 1174 4234 et
1194 4173 1330 4253 species?
1345 4172 1423 4231 Nam
1446 4171 1480 4231 in
1502 4172 1566 4232 lleo
1589 4172 1656 4250 ipso
1684 4171 1893 4232 individuorum

325 4271 402 4345 ἀρχὰς
415 4268 487 4328 istas
500 4265 741 4346 etprimigenias
759 4266 931 4345 qualitates,
947 4272 1093 4346 praestan·
1144 4266 1287 4327 omnium
1308 4263 1411 4343 potius
1434 4282 1530 4342 quam
1554 4268 1739 4324 neutrarum
1761 4264 1893 4323 universa·

325 4360 418 4420 tiores
432 4365 463 4419 et
475 4363 591 4419 creatas
604 4375 669 4418 esse
687 4357 882 4433 substantias,
895 4359 941 4418 uti
953 4360 1093 4435 thronos,
1144 4359 1221 4419 lium
1235 4359 1312 4418 ideae
1324 4362 1407 4416 sunt.
1419 4355 1514 4434 Atqui
1522 4354 1630 4415 formae
1644 4354 1711 4416 ista
1721 4355 1894 4435 Dionysiana

326 4452 470 4527 suffumat,
490 4468 591 4531 neque
612 4468 684 4511 cum
706 4449 846 4529 Dionysii
869 4458 974 4512 mente
994 4470 1095 4531 neque
1144 4468 1254 4511 omnes
1267 4469 1286 4511 a
1299 4447 1429 4527 singulis
1451 4448 1591 4509 abductae
1609 4454 1694 4523 suut,
1720 4462 1892 4529 comemm-

327 4564 398 4607 cum
412 4545 457 4605 rei
469 4544 595 4604 rerinte
609 4542 763 4604 convenit.
783 4541 942 4621 Siquidem
954 4562 1094 4605 commu·
1144 4544 1293 4604 munione
1314 4542 1363 4601 sui
1376 4542 1512 4601 formant
1534 4547 1566 4600 et
1583 4534 1734 4601 'afficiunt
1759 4543 1823 4602 Non
1836 4542 1893 4598 suut

326 4638 480 4699 mentione
497 4642 528 4697 et
547 4636 752 4716 applicatione
776 4635 947 4697 formarum
966 4637 1096 4699 istamm
1145 4635 1242 4714 igitur
1255 4633 1333 4695 idea
1346 4632 1460 4694 dismas
1474 4631 1580 4711 quales
1592 4630 1632 4691 uh
1654 4632 1805 4712 theologis
1818 4629 1892 4707 tuln

328 4729 501 4792 individuas
532 4735 562 4790 et
593 4728 764 4807 singulares
791 4733 918 4789 neutras
950 4727 1039 4810 effici
1065 4735 1097 4791 et
1145 4727 1353 4802 definiuntur,
1376 4725 1430 4786 sed
1456 4724 1615 4785 abstractu
1635 4725 1741 4786 nescio
1767 4743 1830 4805 que
1847 4740 1892 4783 ur·

327 4832 454 4886 σσισῡσθσι
495 4820 579 4882 dicit.
617 4822 715 4881 Nemo
749 4825 854 4881 autem
894 4820 1097 4900 applicatione
1146 4827 1236 4883 ture.

326 4915 443 4991 throni,
472 4912 598 4993 eJusque
625 4911 858 4993 participatione
884 4912 1011 4974 formari
1041 4932 1098 4975 uos
1186 4913 1239 4973 Vl.
1262 4913 1342 4974 Sane
1365 4911 1500 4973 toannes
1530 4910 1754 4989 Cyparnsiotus
1779 4904 1892 4986 lliorqsii

365 5166 803 5239 ellroudlapeiclqpetatiqequr
819 5159 882 5219 εἶναι
896 5164 1096 5240 τοὶιςένθιῷτῶν
1181 5168 1198 5222 b
1219 5167 1298 5223 Dion.
1315 5181 1376 5235 cap.
1402 5180 1429 5220 t.
1450 5163 1488 5220 de
1505 5167 1601 5220 Dicin.
1625 5179 1703 5218 nom.
1724 5164 1770 5217 ltu
1793 5162 1835 5234 api
1851 5162 1890 5213 tio

330 5252 409 5305 ὄντων
428 5249 591 5317 cisrenanis,
610 5251 652 5303 καὶ
672 5248 766 5310 {arelat
786 5255 974 5322 προϋφεστῶτας
995 5250 1095 5323 λόγους,
1145 5249 1227 5303 ἄλλων
1243 5248 1317 5304 αὐτοῦ
1338 5254 1452 5321 μετοχῶν
1467 5248 1496 5301 rb
1517 5240 1579 5300 εἶναι
1597 5246 1770 5318 προὸέὸληται·
1789 5246 1825 5299 καὶ
1836 5242 1888 5296 ἔστιν

329 5335 370 5396 οὓς
387 5333 404 5400 ἡ
422 5332 536 5403 isole-pla
550 5333 716 5405 npoopupote
734 5332 815 5396 καλεῖ,
835 5332 876 5385 καί
891 5333 955 5395 θεῖα,
970 5333 1010 5385 καὶ
1020 5331 1097 5403 ἀγαθὰ
1146 5331 1206 5387 αὐτὸ
1215 5333 1268 5385 καθ’
1284 5331 1344 5385 αὑτὸ
1354 5332 1383 5386 τὸ
1395 5326 1458 5384 εἶναι
1471 5330 1631 5403 πρεσθῦτσρον
1649 5335 1695 5384 τοῦ
1706 5320 1888 5396 maturrim-

329 5418 464 5488 θελήματα,
476 5420 525 5469 τῶν
536 5415 614 5468 ὄντων
624 5414 768 5488 donpierra&
781 5414 822 5468 nal
831 5415 956 5484 ποιητικά·
966 5413 1020 5467 καθ’
1030 5414 1097 5476 elci
1145 5417 1185 5469 καί
1200 5415 1347 5487 αὖτοσοφίαν
1359 5409 1430 5475 εἶναι,
1445 5413 1486 5468 καί
1497 5412 1694 5486 uitoopordxqru
1702 5413 1767 5467 θείαν
1779 5407 1840 5465 εἶναι.

330 5500 514 5574 inspectatore&
527 5498 587 5552 ὄντα
599 5501 679 5553 πάντα
692 5499 732 5552 καὶ
746 5499 879 5571 apocopam,
889 5500 930 5551 καί
944 5500 1094 5570 παρήγαγεν.
