4096 6190
277 287 337 349 ⁶3⁰
783 296 1107 363 Tummolooaunl
1131 301 1349 367 multarum

278 452 564 517 mumlumaunllo
588 476 653 521 esse
675 462 863 539 productum
882 465 1047 541 asserebat,
1098 467 1284 531 contumelia
1318 469 1385 548 ejus
1404 470 1473 538 erit,
1503 474 1535 530 et
1555 468 1720 545 aeaumtio,
1735 468 1874 530 sibeno·

278 545 331 618 ait,
346 546 457 608 exhoo
470 549 614 628 dogmate
626 552 1049 635 tolliprovidentiam,at}um
1098 577 1170 621 rum
1200 578 1220 621 a
1247 578 1280 622 se
1310 560 1462 622 iaemrum
1494 560 1655 640 negligens
1683 561 1871 623 induoatur:

280 635 376 713 Plato,
392 639 503 719 iuquit,
518 642 561 703 ita
578 645 822 725 ratiocinaretur,
839 650 868 710 ei
889 650 972 730 quod
985 669 1050 712 non
1098 653 1213 732 quippe
1236 671 1308 715 eum
1333 653 1399 731 ejas
1420 659 1511 728 nutu,
1537 672 1573 713 ao
1594 652 1790 732 providentie
1809 654 1875 714 uita

280 733 383 791 ortum
395 731 512 809 babuit,
532 752 634 815 neque
647 737 761 801 laetare
778 759 868 820 opus,
885 760 986 822 neque
1000 762 1051 803 eu·
1098 744 1165 824 ipsa
1187 751 1374 807 sustentetur
1388 745 1559 806 ministerio
1574 745 1813 817 elementorum,
1829 745 1874 807 si·

279 826 381 882 ratore
393 823 468 901 ullo,
491 832 526 887 ut
542 827 622 889 bene
645 830 775 892 babeat:
790 852 830 894 ne
844 835 963 896 mundo
976 853 1049 915 pro·
1099 841 1151 896 eut
1162 837 1228 915 ipse
1246 838 1397 898 Dominus
1412 836 1495 913 dieit,
1517 837 1577 912 (lai
1587 836 1675 897 solem
1694 856 1781 897 saum
1794 836 1876 897 eriri

280 913 448 1017 videntium
488 918 637 997 auferret,
676 925 802 1003 negavit
841 932 945 988 ortum
985 946 1050 988 non
1098 927 1174 1007 suast
1200 945 1288 1011 super
1315 929 1416 1006 boam,
1444 936 1471 990 et
1497 928 1602 998 malos,
1632 936 1661 989 et
1681 928 1764 1009 plait
1785 946 1877 1009 super

279 1003 403 1067 ΜΨ·
412 1029 428 1065 ι)
1092 1018 1200 1099 justos,
1218 1028 1247 1081 et
1259 1019 1413 1102 s'ajssstoa⁸.
1429 1022 1488 1095 Qui
1506 1039 1580 1100 ergo
1597 1022 1656 1082 ista
1668 1026 1807 1100 praestat,
1822 1039 1877 1082 eu·

320 1098 481 1162 Nemeeius
503 1121 648 1183 quoque,
674 1108 826 1171 «Necesse
850 1115 913 1185 est,
936 1110 1048 1190 iuquit,
1099 1126 1168 1169 ram
1195 1127 1259 1172 non
1284 1110 1358 1190 agit,
1385 1117 1421 1171 ut
1445 1114 1606 1172 eomervet
1627 1109 1711 1190 qruod
1735 1110 1819 1185 iecit,
1839 1115 1877 1171 ut

281 1192 465 1255 eumdemet
473 1202 701 1274 procreatorem
714 1218 780 1262 esse
788 1220 895 1263 rerum
908 1202 1051 1264 omnium
1100 1207 1239 1263 mantes
1263 1221 1296 1265 se
1319 1208 1509 1277 remuneret,
1535 1207 1779 1282 sperneumsque
1802 1220 1877 1263 eou-

282 1282 362 1342 etiis
375 1286 599 1362 providentem.
615 1291 684 1352 Non
705 1293 790 1354 enim
809 1299 1051 1356 eonsentaneum
1100 1294 1270 1355 damnetis
1302 1295 1468 1375 Gregorius
1492 1296 1588 1375 Papa,
1625 1295 1711 1355 aPer
1735 1312 1788 1371 se,
1812 1295 1873 1370 ait,

282 1379 338 1449 est,
354 1393 411 1437 nee
432 1379 529 1457 deoet,
549 1381 645 1444 adum
665 1383 796 1462 efficere,
818 1386 915 1448 alium
929 1405 1048 1463 eorum,
1100 1386 1256 1447 mundum
1277 1389 1368 1466 regit,
1390 1404 1485 1467 quem
1502 1406 1559 1467 per
1579 1405 1611 1448 se
1636 1385 1792 1462 eandidit;
1817 1404 1876 1447 aec

282 1483 353 1544 quea
374 1473 447 1528 sunt
468 1470 592 1550 effoeta,
615 1494 722 1536 euram
749 1493 867 1554 gerere.
893 1478 1051 1557 Ejusmodi
1101 1483 1172 1556 eget
1184 1478 1291 1540 alienis
1304 1479 1463 1559 adJutoriis
1477 1480 1517 1541 ad
1539 1478 1722 1558 regendum,
1737 1479 1793 1557 qui
1810 1497 1876 1539 noa

282 1558 366 1619 euim
395 1580 520 1639 prorsus
552 1566 768 1629 imbecillitatis
799 1570 914 1650 aliquid
944 1570 1049 1633 hebet.
1102 1570 1188 1649 eguit
1209 1572 1248 1632 ad
1269 1571 1481 1633 iaciendum.»
1504 1573 1634 1651 Prosper
1654 1588 1730 1631 uero
1751 1570 1787 1630 in
1807 1588 1875 1631 esr-

281 1650 383 1729 Atque
396 1652 521 1733 horum,
542 1676 611 1736 quae
634 1660 708 1735 dixi,
730 1678 844 1740 magua
857 1663 891 1723 iu
908 1663 1050 1724 animan-
1102 1664 1187 1724 mine
1200 1663 1236 1724 de
1249 1663 1442 1726 Pronadettio
1454 1665 1538 1727 idem
1550 1664 1599 1725 liis
1616 1663 1757 1724 semibus
1774 1664 1871 1725 uenit:

281 1741 364 1802 tibus
374 1744 456 1807 inest
467 1747 661 1828 significatio.
685 1753 763 1813 Nam
777 1771 881 1831 omne,
900 1756 984 1834 quod
997 1773 1051 1834 ge·

283 1834 362 1911 nuit,
382 1837 485 1901 alendi
504 1841 581 1919 ejus,
600 1845 685 1922 quod
702 1846 843 1924 genitum
865 1852 921 1925 est,
945 1866 1052 1909 euram
1107 1868 1122 1907 ι
1142 1848 1274 1910 Omnem
1283 1853 1388 1910 autem
1398 1849 1481 1910 hane
1492 1848 1608 1910 molem
1621 1847 1875 1926 mundiquieon-

282 1928 417 2007 suseipit.
433 1932 534 1994 Homo
545 1952 618 1996 vero
631 1937 884 2018 eaebusmsuper
895 1939 1051 2015 omuibus,
1695 1937 1795 2014 [didit
1810 1938 1874 2016 ipse

283 2038 353 2098 quas
365 2022 405 2083 ad
418 2024 514 2085 vitam
527 2029 698 2089 necessarie
710 2035 793 2105 sunt,
809 2049 866 2110 pro
884 2031 967 2092 uirili
980 2049 1053 2111 pro·
1103 2030 1141 2090 Et
1153 2029 1249 2109 regit;
1272 2036 1369 2109 utque
1389 2030 1470 2091 nihil
1482 2049 1548 2092 nou
1570 2035 1675 2091 ortum
1691 2030 1823 2108 surripuit
1835 2030 1874 2089 ab

282 2111 376 2174 videt.
389 2115 463 2188 Ques
472 2125 577 2179 autem
591 2120 721 2182 minime
733 2122 907 2201 provident,
927 2129 1055 2203 propter
1798 2118 1872 2196 [ffltb

282 2204 522 2272 imbecillitatem
536 2214 824 2292 nonprovidentl.»
838 2216 937 2289 Quem
950 2216 1054 2279 loeum
1104 2211 1154 2273 Sia
1179 2212 1258 2274 nihil
1280 2217 1335 2285 eut.
1359 2212 1444 2292 (1¹10d
1466 2217 1546 2274 Sim
1566 2217 1670 2292 queat,
1695 2210 1811 2271 f¹³⁰¹⁰l0
1829 2229 1875 2271 ΓΒ·

283 2299 1052 2388 loannesbamasaenusinsuumopustranstulitt
1724 2305 1834 2381 [m⁰¹⁰·
1854 2324 1870 2360 ⁹

324 2391 373 2451 Sia
397 2392 579 2457 Ambrosius
604 2397 762 2478 inprime
788 2399 823 2461 de
850 2399 978 2481 Officia,
1008 2420 1056 2463 aa·

283 2481 346 2561 pita
372 2500 423 2545 run
439 2505 446 2546 :
465 2508 480 2545 ι
490 2488 528 2548 Et
554 2490 623 2569 qaus
657 2497 810 2570 operator,
839 2492 893 2567 ait,
919 2493 1055 2571 negligat
1104 2488 1148 2548 Aa
1169 2488 1280 2549 merito
1302 2493 1466 2567 propterea
1492 2487 1624 2566 cyrillus
1648 2486 1874 2548 Alexandrinus

284 2574 385 2652 operis
398 2577 445 2637 sui
466 2580 595 2643 eruam?
610 2582 683 2655 Quis
703 2583 824 2643 deserat
841 2589 872 2645 et
898 2583 1052 2661 destituat,
1105 2580 1275 2655 Platonem,
1291 2581 1419 2666 ejusque
1441 2578 1635 2640 laudatorem
1647 2578 1810 2640 lulianum
1826 2596 1872 2639 re

284 2667 368 2743 quod
378 2667 446 2747 ipse
466 2672 662 2734 euadendum
680 2673 819 2753 putavit?
838 2675 870 2735 Si
883 2675 997 2753 injrrria
1010 2684 1056 2737 est
1105 2670 1639 2751 darguit⁸,qu0rnmitlesumm11m
1656 2672 1758 2731 Deum
1771 2672 1874 2732 amerit

283 2776 403 2836 regere,
416 2779 521 2825 nonae
542 2771 587 2825 est
603 2766 704 2844 major
723 2766 838 2845 injuuia
852 2766 968 2843 lesisse,
983 2786 1055 2829 eum
1104 2763 1137 2823 iu
1164 2762 1290 2839 Talnae,
1315 2769 1516 2843 posteaquam
1537 2764 1616 2824 Deos
1640 2763 1780 2823 minores
1807 2781 1874 2842 pro-

284 2849 401 2929 aliquid
418 2872 482 2915 aon
504 2856 610 2919 isaiam
634 2857 898 2937 nmla'injustitia
919 2859 968 2935 sit,
990 2879 1055 2921 non
1104 2855 1229 2931 anaor,
1246 2855 1284 2915 iis
1297 2855 1371 2935 ipsis
1384 2873 1515 2934 operum
1533 2855 1727 2935 reliquorum
1745 2853 1874 2914 molitio

285 2960 402 3019 aurare,
429 2947 514 3024 quod
534 2948 652 3025 feceris,
684 2968 808 3011 summa
838 2950 1054 3014 inelementia?
1104 2965 1188 3023 nem,
1209 2965 1280 3026 (puae
1303 2947 1469 3008 mutationi
1502 2953 1534 3009 et
1553 2946 1694 3008 interitui
1711 2950 1803 3008 eraut
1819 2946 1872 3007 ab

285 3033 410 3106 Quodsi
420 3044 474 3099 aut
487 3042 586 3102 Βοιιιιι
600 3047 871 3104 creatoremsunm
885 3043 1052 3122 abnegant,
1104 3039 1197 3101 noxia
1217 3039 1389 3115 mandasse,
1411 3038 1497 3100 uelut
1518 3039 1685 3100 hominum
1702 3057 1709 3098 :
1725 3038 1820 3112 ne,ei
1839 3054 1874 3099 ea

285 3131 339 3185 aut
355 3128 493 3192 ferarum
506 3137 537 3192 et
559 3133 729 3196 bestiarum
745 3153 777 3195 se
789 3135 897 3196 baberi
921 3154 1053 3197 numero
1103 3149 1160 3210 per
1172 3149 1238 3193 sese
1255 3131 1427 3193 elaboraret
1444 3132 1521 3211 ipae,
1536 3136 1572 3192 ut
1590 3130 1629 3191 ab
1648 3129 1820 3190 immortali
1844 3136 1874 3191 et

285 3226 421 3297 eensent,
434 3223 510 3301 qsrid
530 3224 568 3285 de
582 3226 641 3286 illis
650 3226 800 3303 meamus,
814 3227 934 3307 qadhae
943 3246 975 3288 se
985 3247 1055 3289 oon-
1104 3223 1291 3303 sempiterno
1303 3223 1393 3299 facta
1408 3224 1584 3303 essentipsa
1595 3227 1756 3303 perpetua.
1777 3223 1872 3296 Quum

285 3310 434 3373 damnant
455 3316 593 3395 injuria?
611 3340 627 3376 a
645 3319 719 3380 Haee
741 3319 922 3403 Ambrosius
947 3325 1055 3381 annua
1105 3316 1239 3378 Platonis
1253 3316 1437 3377 sententiam
1450 3316 1593 3376 lulianus
1608 3314 1793 3394 pradioans,
1810 3314 1873 3375 blo·

285 3404 461 3483 Epicureos,
475 3414 506 3469 et
526 3424 683 3471 eversores
706 3411 920 3490 providentias.
940 3412 1055 3473 Auster
1103 3410 1144 3471 sis
1166 3409 1304 3470 historia
1322 3427 1387 3469 non
1406 3408 1560 3470 dubitavit
1578 3406 1747 3482 antefer-rm
1767 3407 1874 3485 inqua

285 3499 498 3559 commentarii
513 3502 546 3561 in
561 3501 726 3580 epistolam
740 3501 781 3564 ad
795 3502 972 3580 assonat
1001 3504 1055 3582 qui
1104 3503 1186 3563 Deus
1196 3520 1252 3581 per
1265 3519 1297 3562 se
1310 3500 1427 3575 omnia,
1443 3500 1537 3562 etiam
1558 3499 1701 3560 homines
1714 3517 1750 3559 ae
1763 3497 1874 3560 bestias

284 3586 341 3647 sub
361 3589 517 3651 Ambrosii
539 3593 666 3654 nomine
691 3599 737 3654 est
763 3594 874 3669 editus,
895 3595 957 3656 «Si
970 3596 1055 3656 enirn
1104 3592 1274 3653 madidisse
1286 3592 1411 3671 legitru.
1420 3591 1552 3671 cyrillus
1560 3600 1748 3652 rero⁶rana
1761 3590 1873 3664 heae

283 3678 364 3755 feeit,
376 3685 407 3741 et
416 3682 555 3762 negligit,
567 3684 680 3763 inquit,
691 3685 793 3747 malus
806 3685 909 3765 opifex
930 3685 1052 3761 diaitru,
1104 3685 1209 3765 inepta
1229 3685 1345 3760 solidis,
1367 3702 1404 3746 aa
1424 3683 1505 3744 veris
1526 3682 1719 3762 argumentis
1744 3680 1856 3742 refellit
1862 3700 1870 3754 ;

284 3771 357 3849 quia
393 3790 449 3851 per
479 3775 521 3848 id,
548 3777 631 3856 qnod
658 3778 797 3856 negligit,
822 3795 887 3838 non
914 3776 998 3839 bona
1023 3796 1055 3838 se
1104 3777 1266 3856 qnodnon
1279 3777 1574 3837 siteonsentaneum
1584 3774 1668 3836 illius
1681 3774 1825 3849 bonitati,
1839 3779 1872 3833 ut

283 3861 376 3923 luisse
395 3882 465 3944 quas
483 3866 564 3945 feeit,
583 3869 725 3930 ostendit.
742 3869 802 3930 Sed
819 3869 893 3948 quia
908 3868 991 3930 bona
1010 3869 1054 3930 la·
1104 3868 1275 3930 beneficam
1294 3868 1359 3928 vim
1377 3885 1477 3945 suam,
1495 3872 1527 3929 et
1546 3866 1743 3929 effieientiam
1757 3864 1871 3925 subua-

285 3955 360 4016 eiase
370 3957 478 4034 negari
490 3977 555 4020 non
575 3965 685 4040 potest,
704 3960 878 4043 (indignum
893 3967 939 4021 est
957 3960 1053 4037 enim,
1104 3961 1159 4021 bat
1172 3966 1339 4038 :nuquam
1352 3959 1497 4039 superbia
1509 3959 1654 4038 quadam
1668 3963 1724 4017 aut
1735 3956 1869 4017 inviden-

285 4051 316 4106 et
337 4047 552 4128 improbabile,
572 4052 693 4114 bouum
715 4054 798 4114 mala
816 4052 931 4134 leenae)
949 4070 1056 4114 auram
1104 4053 1149 4114 tia
1162 4057 1335 4113 commotius
1348 4052 1427 4113 nolit
1440 4051 1480 4112 ad
1501 4051 1610 4112 infima
1622 4050 1690 4126 ista,
1711 4055 1744 4110 et
1760 4048 1869 4109 ubere

286 4157 395 4202 eorum
425 4161 548 4205 uemsse
580 4150 626 4206 est
648 4150 684 4206 ut
712 4145 832 4206 dicatur
854 4161 960 4223 agere;
983 4145 1057 4225 quia
1105 4145 1278 4206 demittere.
1301 4144 1428 4220 Deinde,
1447 4143 1531 4223 quod
1553 4142 1593 4203 ad
1607 4147 1793 4222 presentem
1810 4157 1868 4200 ser·

323 4456 486 4511 abtultus.
507 4458 672 4529 Λογισάρενος
699 4459 737 4511 ὅτι
762 4463 800 4530 τῷ
814 4456 847 4530 μὴ
861 4458 986 4530 γενομένῳ
1000 4456 1057 4511 οὔτε
1104 4458 1198 4520 ronst
1212 4462 1262 4511 τῶν
1273 4455 1355 4508 mov
1366 4454 1462 4509 πάντων
1473 4460 1523 4507 τῶν
1537 4453 1600 4506 κατὰ
1613 4453 1656 4505 τὸν
1672 4452 1738 4522 βίον,
1752 4453 1866 4507 καθ’δσον

286 4541 351 4603 τινὸς
372 4544 485 4607 ποιητοῦ,
501 4538 556 4593 οὔτε
570 4540 635 4601 τινος
655 4541 789 4612 κηδεμόνος
807 4541 868 4611 πρὸς
890 4542 920 4594 τὸ
947 4540 1056 4611 γενέσθαι
1106 4533 1261 4593 uideritne
1275 4540 1383 4610 προνοεῖ.
1402 4536 1434 4591 τὰ
1447 4536 1473 4590 tl
1486 4536 1519 4611 μὴ
1530 4539 1692 4607 προνοοῦντα,
1707 4536 1739 4589 δι’
1754 4533 1866 4589 ἀσθένειαν

285 4622 368 4684 καλῶς
380 4622 462 4694 χρεία,
480 4621 523 4675 ἵνα
538 4621 571 4694 μὴ
594 4622 749 4696 ἀποστερήσῃ
764 4623 806 4677 τὸν
823 4625 916 4696 κόπρον
939 4622 983 4690 τῆς
997 4636 1058 4695 προ·
1107 4620 1135 4674 ol
1145 4620 1253 4694 προνοεῖ.
1517 4680 1521 4689 ,

286 4705 363 4769 volas.
381 4705 468 4777 ἀφεῖλε
482 4706 511 4758 το
526 4704 657 4777 ἀγέννητον
669 4704 752 4760 αὐτοῦ.
1143 4717 1158 4759 0
1177 4704 1243 4759 Cla.
1258 4698 1325 4759 ibid.
1346 4701 1377 4755 El
1389 4702 1437 4774 γάρ
1451 4698 1515 4755 ἔστιν
1530 4700 1641 4773 ἀγοθδςὸ
1654 4701 1811 4773 ὃημιοιργος,
1821 4706 1867 4762 πῶς

324 4790 340 4845 b
360 4790 462 4847 Narras.
477 4787 525 4845 lib.
545 4788 661 4845 deNat.
676 4786 764 4854 laem„
782 4802 928 4861 oap.xuu.
953 4787 1057 4860 Ἀνάγκη
1107 4790 1136 4840 ἂν
1150 4785 1267 4859 αὐτῷκαὶ
1278 4782 1349 4846 ὄκνος
1363 4782 1488 4856 ἐγγένοιτο
1510 4800 1547 4845 τις
1559 4783 1615 4854 περὶ
1628 4800 1694 4845 τινος
1714 4784 1794 4849 llam
1812 4783 1868 4837 alra

286 4873 366 4927 δὲκαὶ
380 4873 422 4927 τον
438 4864 583 4925 αὖτονιῖνιιι
597 4868 701 4939 ποιητὴν
722 4877 772 4925 τῶν
788 4872 875 4935 ὄντων,
897 4873 938 4925 aul
951 4888 1058 4944 προνοη-
1106 4870 1155 4943 γὰρ
1173 4869 1244 4931 adria
1257 4886 1305 4922 που
1326 4866 1397 4938 paulu
1412 4867 1426 4919 ὁ
1439 4866 1555 4920 Πλάτων·
1583 4864 1671 4936 ἀγαθὸς
1690 4862 1733 4933 ἦν.
1747 4865 1868 4937 &alpii

286 4957 340 5024 τήν.
356 4954 412 5009 οὔτι
424 4954 473 5028 γὰρ
482 4953 626 5016 ἀκόλουθον,
641 4952 697 5011 οὔτε
710 4952 802 5026 πρέπον
817 4953 894 5007 ἄλλον
912 4953 953 5026 pb
966 4957 1056 5019 ποιεῖν,
1107 4953 1193 5025 φθόνος
1206 4950 1282 5014 dotale
1295 4951 1350 5021 περὶ
1371 4948 1468 5013 οὐδενος
1484 4947 1613 5021 ἐγγὶνιται,
1626 4949 1656 5002 τό
1669 4967 1698 5020 γε
1714 4948 1762 5021 μὴν
1777 4947 1869 5010 hatab

288 5038 364 5091 siloa
376 5038 402 5092 at
419 5042 468 5092 τῶν
483 5037 621 5109 γενομένων
636 5034 813 5108 ἐπιμελεῖσθαι,
839 5034 863 5089 ἰν
884 5035 992 5107 ἀσθενείᾳ
1009 5036 1058 5108 γὰρ
1107 5054 1148 5089 out
1157 5032 1237 5106 λέγειν
1248 5030 1509 5103 statastabtsspo
1519 5031 1599 5094 otuu,
1612 5031 1791 5103 baiowaria&
1802 5050 1869 5103 προο-

287 5120 384 5180 πάνιως
402 5120 490 5192 ὁρᾶται
507 5119 537 5173 τὸ
554 5123 677 5175 τοιοῦτον.
703 5119 782 5188 πολλὴ
810 5118 836 5173 δὲ
859 5119 900 5173 sal
921 5125 974 5181 τοῖς
986 5120 1058 5182 ζώοις
1108 5119 1203 5191 νέμειν,
1221 5116 1261 5169 stul
1274 5114 1868 5188 luepulsaatoptonppsptvaoat'oltaa

289 5203 391 5276 ἔμφασις
403 5200 555 5255 luminatus
564 5208 614 5256 τῶν
629 5201 773 5274 εἰρημένων.
785 5203 833 5256 πᾶν
844 5200 891 5274 γὰρ
900 5202 930 5256 το
938 5204 1058 5273 γεννῆσαν
1071 5224 1073 5228 ⁴
1107 5195 1259 5273 agetriade
1275 5198 1387 5271 ἀτιμάζει
1400 5196 1444 5266 τὴν
1459 5198 1568 5268 γένιοινς

287 5287 329 5339 καὶ
343 5289 386 5353 τῆς
397 5288 489 5357 τροφῆς
497 5282 644 5357 ἐπιμελεῖται
665 5289 709 5339 τοῦ
721 5284 886 5356 γεννηθέντος.
902 5284 917 5338 ὁ
931 5284 957 5338 δὲ
971 5283 1060 5355 ἅνθριο·

315 5465 326 5507 l
338 5462 386 5508 lib.
400 5463 418 5517 l,
430 5475 450 5507 ο.
462 5472 518 5506 1111.
529 5484 557 5495 -
571 5462 585 5506 i
598 5462 632 5508 Ad
644 5475 664 5508 ο.
677 5474 702 5515 ιι,
717 5463 759 5508 ool.
771 5462 820 5516 itt,
833 5475 848 5509 1.
865 5486 893 5498 -
904 5461 1000 5509 luant.
1012 5474 1034 5508 ι.
1045 5485 1073 5498 -
1087 5463 1101 5507 ⁴
1114 5463 1162 5519 cyr.
1173 5464 1189 5506 1.
1199 5463 1219 5506 ll
1231 5465 1300 5507 costr.
1313 5461 1356 5508 tal.
1372 5458 1426 5504 Vide
1436 5466 1458 5503 st
1468 5457 1509 5505 ltu.
1521 5457 1557 5502 tv.
