3942 6168
291 317 350 374 166
798 305 1124 369 1ῊΕΟ101111101111111
1152 302 1381 367 ooouawu.

291 476 437 556 deinceps
457 474 599 555 pluribus
617 473 790 534 confirmat.
811 472 889 533 Vide
910 477 941 532 61
962 470 1062 551 Cyril·
1114 469 1217 529 cimen
1226 468 1374 549 praebeat.
1387 468 1433 530 ad
1442 467 1528 528 hune
1537 467 1668 529 modum
1680 467 1871 528 lieuscreatoa

291 568 357 629 lum
367 568 400 628 in
414 567 572 642 Thesauro,
585 564 737 627 Maximus
747 582 871 645 quoque
881 564 1063 625 centuriam
1114 581 1152 623 ex
1172 568 1290 623 esterno
1309 560 1413 633 luerit,
1429 559 1720 622 hoeestereandivi
1738 559 1872 620 imosetu

290 659 326 721 de
349 659 515 727 Claritate,
545 676 679 719 numero
705 658 799 718 tertio
826 656 848 717 ¹.
876 678 891 713 6
914 654 1064 717 Notitiam
1114 655 1181 734 ipso
1200 660 1355 734 quantum
1368 660 1415 715 est
1429 673 1467 714 ex
1486 672 1550 714 sese
1571 652 1731 733 praeditus,
1746 651 1872 731 6666616

290 770 397 815 rerum
416 770 512 835 qnam
525 752 564 812 ab
584 757 701 811 aeterno
719 751 754 810 16
767 749 868 830 seipso
882 750 970 829 prius
982 748 1064 810 exis·
1114 747 1239 807 nullum
1253 747 1356 808 adhuc
1369 765 1447 827 opus
1462 751 1591 807 extaret.

290 850 409 906 tentem
422 845 533 906 hebuit
552 844 665 924 opifex,
686 843 812 923 666616
830 842 931 903 voluit
947 840 1063 902 subsis-
1154 840 1205 899 Xl.
1223 840 1302 900 Huic
1311 840 1397 919 6661
1406 840 1445 900 16
1457 838 1604 899 creatoris
1613 856 1649 897 66
1659 834 1777 897 domini
1786 835 1873 895 nomi

290 942 409 999 tentem
422 938 602 1016 1661161666
616 936 820 1016 prodente»
1113 932 1207 992 nibus
1228 932 1433 1003 affirmamus,
1452 951 1509 1011 par
1524 936 1570 990 est
1589 936 1621 991 et
1637 929 1730 991 611166
1746 926 1873 1007 quotide

331 1031 368 1091 X.
384 1030 550 1093 Neminem
561 1029 623 1109 legi
638 1029 693 1108 qui
706 1029 766 1088 hoc
781 1033 813 1088 et
825 1025 1024 1107 praestantius
1034 1030 1065 1085 et
1113 1023 1185 1085 doni
1198 1025 1348 1085 vocabulo
1370 1022 1479 1084 scribit
1498 1024 1702 1102 Augustinus,
1722 1020 1803 1100 6661
1817 1038 1872 1080 esse

290 1123 330 1185 61
352 1122 547 1203 propositum
569 1126 712 1181 nostrum
733 1121 836 1199 aptius
858 1120 870 1147 ⁸
894 1119 1065 1179 declararet
1113 1118 1276 1197 proprium
1293 1117 1427 1201 Spiritus
1441 1117 1539 1182 sancti
1556 1113 1698 1189 asserit²,
1715 1119 1747 1173 at
1759 1111 1871 1172 babitu·

290 1234 385 1295 quam
399 1214 588 1295 Philoponus
601 1214 636 1273 iu
650 1212 863 1274 contutatione
880 1211 991 1287 llrocli,
1008 1230 1063 1271 cu·
1112 1210 1219 1271 dinem
1226 1212 1266 1271 61
1274 1229 1324 1270 res
1334 1214 1449 1271 creatas
1464 1209 1605 1269 obtinere
1615 1206 1730 1287 661166
1739 1205 1870 1265 donatur.

286 1307 339 1385 jus
352 1312 574 1387 argumentum
587 1305 717 1366 tertium
728 1305 768 1366 61
780 1304 891 1365 murrdi
906 1303 1063 1364 661666116-
1113 1303 1230 1365 Varum
1244 1302 1329 1364 idem
1341 1321 1407 1363 esse
1420 1303 1541 1363 donum
1554 1302 1638 1381 6661
1652 1297 1805 1371 donabile,
1823 1297 1874 1357 boc

289 1405 354 1461 tem
367 1399 561 1481 probandam
569 1398 630 1458 1616
644 1398 704 1458 fuit
716 1403 752 1458 ut
765 1416 859 1477 supra
872 1396 972 1476 posui.
986 1396 1064 1457 Cum
1113 1401 1159 1455 est
1171 1405 1280 1476 aptum
1299 1402 1334 1456 ut
1355 1396 1523 1476 aliquando
1537 1395 1638 1474 reipsa
1657 1393 1799 1462 1666166,
1813 1407 1873 1468 666

290 1493 387 1569 enim,
403 1492 515 1567 616161,
528 1490 631 1570 opifex
643 1490 745 1570 operis
755 1491 795 1550 sit
808 1490 906 1549 faetor
919 1488 1062 1567 alicujus,
1113 1508 1162 1549 res
1175 1508 1248 1549 eum
1257 1490 1296 1549 16
1310 1489 1463 1549 Trinitate
1477 1505 1607 1566 agemus
1620 1483 1823 1566 explicabitur
1832 1480 1852 1541 ⁸.

291 1584 317 1645 si
331 1591 377 1646 est
389 1591 461 1645 actu
475 1584 589 1663 opifex,
601 1600 679 1662 opus
693 1583 788 1643 etiam
798 1586 870 1641 6616
881 1599 946 1642 esse
959 1581 1062 1642 (16161.
1153 1583 1302 1656 Quocirca
1316 1582 1462 1642 creatoris
1475 1599 1591 1641 nomen
1606 1587 1662 1640 aut
1674 1576 1793 1638 domini
1806 1575 1871 1635 biia-

292 1676 348 1738 Sin
361 1682 408 1737 est
421 1676 562 1756 potentia
574 1675 688 1755 opifex,
705 1675 744 1734 ad
758 1681 863 1734 actum
877 1674 1064 1752 redigendus
1113 1674 1196 1735 rium
1223 1675 1368 1735 sumitur.
1392 1676 1471 1735 Nem
1491 1673 1541 1733 vel
1563 1689 1636 1734 eum
1657 1668 1810 1750 significat
1827 1667 1873 1747 qui

291 1775 337 1830 est
350 1769 389 1829 ab
409 1769 481 1847 allo,
497 1768 552 1847 qui
566 1768 607 1828 611
620 1773 701 1827 6616.
719 1768 818 1841 Quare
830 1767 975 1827 simundi
988 1786 1063 1827 con·
1112 1774 1149 1827 ut
1167 1768 1304 1849 primum
1323 1767 1451 1828 libuerit
1467 1784 1572 1826 creare
1590 1768 1693 1844 potest
1710 1781 1746 1822 66
1761 1778 1873 1822 seruam

291 1861 374 1922 ditor
395 1881 460 1922 uon
483 1860 622 1940 potentia
645 1860 699 1920 sed
722 1865 794 1920 ectu
816 1859 877 1919 luit
899 1859 1061 1938 ejusmodi,
1113 1860 1239 1934 habere,
1259 1860 1456 1939 quaeratione
1477 1860 1558 1919 11666
1580 1863 1750 1935 utrumque
1771 1854 1827 1914 1611
1840 1870 1872 1913 ex

291 1972 413 2015 necesse
428 1959 526 2015 estex
540 1960 657 2013 aeterno
671 1952 827 2012 mundum
833 1951 917 2030 6661
927 1969 1005 2031 opus
1019 1957 1065 2012 est
1114 1957 1241 2027 616666,
1252 1952 1303 2012 rel
1313 1969 1387 2012 eum
1398 1951 1453 2030 661
1466 1951 1569 2031 reipsa
1577 1953 1721 2030 procreet
1732 1947 1873 2024 habetque

291 2046 357 2124 6166
371 2046 520 2106 extitisse.
536 2045 652 2106 Adboc
669 2044 945 2123 veroniloponus
958 2044 1002 2105 ita
1018 2062 1066 2104 re-
1113 2063 1258 2119 servum,
1288 2062 1350 2123 quo
1378 2062 1470 2104 sensu
1501 2048 1618 2103 aeterna
1643 2041 1700 2101 Dei
1726 2039 1793 2099 166
1816 2055 1872 2098 esse

291 2140 441 2219 spondet:
467 2138 667 2218 sophisticam
690 2155 756 2198 esse
778 2137 859 2197 hane
874 2136 1064 2197 calunmiam
1113 2138 1242 2197 nomina
1262 2138 1365 2197 Patres
1383 2135 1480 2216 aliqui
1505 2140 1631 2214 negant,
1649 2134 1683 2194 in
1705 2149 1803 2211 eoque
1817 2129 1871 2190 dis

291 2232 428 2294 hominis
446 2232 480 2292 in
500 2230 648 2312 potentiss
668 2236 698 2290 61
716 2236 803 2290 66166
816 2229 975 2289 vocabulis
988 2248 1062 2289 con·
1113 2230 1231 2291 crimen
1250 2228 1403 2290 collocant
1416 2230 1498 2289 inter
1512 2228 1578 2289 baec
1588 2232 1619 2288 et
1632 2226 1802 2306 61166661
1810 2241 1871 2303 666

291 2324 449 2385 dictantis.
475 2324 594 2403 Quippe
622 2322 743 2383 duobus
771 2321 871 2382 modis
896 2326 1063 2400 utrumque
1112 2318 1870 2402 6666116ωέ666(66666161661161666666

291 2415 365 2491 dici,
385 2421 512 2477 auctore
536 2414 711 2476 Aristotele.
736 2414 877 2473 Primum
891 2414 1064 2491 potentiam
1112 2415 1216 2489 uiuat,
1244 2419 1279 2475 ut
1302 2432 1367 2474 esse
1392 2415 1525 2489 Patrem,
1547 2412 1671 2489 Filium,
1690 2414 1871 2490 6666666661

291 2508 435 2587 usurpari
449 2526 506 2587 pro
519 2506 680 2567 habilitate
691 2511 722 2567 et
731 2506 900 2587 capacitate
915 2506 1061 2581 naturali,
1112 2507 1264 2585 ejusmodi
1278 2512 1399 2568 caetera.
1417 2508 1463 2566 lto
1479 2505 1612 2585 nyillus
1621 2506 1656 2564 16
1668 2502 1801 2564 secundo
1813 2501 1869 2562 116-

291 2597 936 2679 quaveliniansessepotestgrammaticus.
946 2598 1063 2658 Deinde
1111 2600 1183 2678 logo
1197 2599 1252 2660 ubi
1266 2600 1414 2660 adversus
1428 2599 1558 2659 Arianos
1576 2598 1744 2658 Anomoeos
1756 2599 1869 2656 666166-

291 2692 439 2770 cumjom
452 2693 687 2771 grammaticam
701 2696 747 2751 est
759 2690 899 2770 adeptus,
916 2700 1015 2772 δυνάμει
1030 2691 1061 2752 11
1112 2693 1168 2761 dit.
1188 2711 1253 2753 non
1277 2692 1406 2773 perinde
1425 2692 1525 2752 Deum
1543 2691 1577 2751 iu
1599 2696 1740 2768 tempore
1762 2688 1870 2748 Patrem

291 2784 477 2864 estpoteotio
487 2785 727 2863 grammaticum
736 2784 852 2856 vocari,
864 2802 934 2862 666
944 2802 962 2842 6
972 2782 1063 2843 nobis
1111 2785 1172 2845 dici
1186 2786 1280 2845 161666
1293 2804 1329 2844 66
1343 2789 1463 2844 creator
1476 2789 1531 2843 aut
1545 2782 1690 2843 dominus
1700 2781 1734 2841 in
1745 2788 1869 2860 tempore

285 2876 424 2956 potentio
435 2876 678 2957 prorimavulgo
692 2882 904 2956 nuncupetur,
916 2876 962 2935 uti
977 2877 1064 2955 prior
1111 2877 1179 2937 fuit.
1199 2879 1263 2937 Hoc
1280 2877 1365 2936 enim
1386 2876 1463 2936 citra
1483 2876 1691 2935 mutationem
1708 2873 1754 2933 illi
1771 2872 1867 2933 tribui.

289 2967 343 3028 illa
356 2977 477 3029 666616.
489 2970 562 3029 Hac
576 2975 680 3030 autem
690 2969 845 3049 prosimu,
857 2974 944 3028 actus
954 2968 1063 3028 itidem
1112 2970 1191 3029 Illud
1205 2988 1279 3029 vero
1290 2969 1315 3028 si
1326 2987 1390 3028 666
1401 2986 1439 3028 ex
1453 2972 1570 3027 aeterno
1585 2970 1782 3046 competeret,
1792 2982 1868 3045 6666-

290 3061 410 3139 primus
419 3062 542 3138 dicitur,
554 3063 708 3123 secundus
716 3080 801 3137 vero,
811 3060 1063 3140 cumjamreipsa
1111 3079 1163 3121 sus
1187 3061 1394 3121 mutationem
1416 3078 1557 3138 6666666.
1583 3060 1704 3138 Quippe
1726 3057 1869 3137 generatio

288 3154 523 3230 grammaticam
550 3160 683 3215 exercet.
712 3154 830 3228 Quibus
857 3152 1059 3225 constitutis,
1111 3153 1200 3232 eujus
1216 3172 1319 3215 eomes
1337 3158 1384 3214 est
1392 3152 1558 3233 appellatio
1568 3152 1676 3232 patris,
1689 3169 1728 3213 ex
1736 3151 1799 3231 ipsu
1807 3149 1868 3210 661-

289 3246 373 3324 6661
384 3247 519 3306 aProclo
534 3255 580 3306 est
592 3246 760 3325 objectum,
773 3264 873 3305 causae
885 3263 954 3323 666
969 3250 1015 3305 661
1028 3245 1062 3307 in
1111 3247 1224 3307 stantia
1247 3246 1366 3325 aliquid
1389 3244 1557 3324 exprimit,
1583 3244 1666 3323 6661
1682 3243 1795 3303 creatio
1814 3259 1869 3301 non

289 3343 370 3403 6616,
379 3338 565 3399 effectumin
575 3344 646 3399 actu
659 3338 856 3418 respondere,
873 3337 911 3397 16
926 3338 1061 3397 6666616
1111 3338 1194 3399 16611.
1211 3340 1283 3400 1166
1298 3357 1361 3398 666
1376 3343 1478 3418 potest
1491 3336 1636 3397 accedere
1647 3336 1734 3419 prior
1747 3335 1806 3409 illu,
1817 3332 1869 3393 nisi

288 3434 358 3489 actu
373 3430 596 3510 interpretetur
609 3430 799 3510 Philoponus
813 3448 877 3489 non
894 3429 932 3489 de
947 3429 1060 3508 prime.
1111 3432 1283 3511 1161611666
1298 3430 1332 3490 16
1349 3429 1522 3490 6616166116
1540 3429 1684 3488 mutatio.
1701 3424 1868 3506 1166666161

289 3521 429 3581 Altanum
438 3522 516 3583 illud
525 3528 640 3599 autem,
648 3523 801 3601 quidquid
811 3526 856 3582 est
866 3523 1015 3601 potentia,
1023 3522 1062 3583 ud
1112 3524 1217 3599 Filius,
1240 3524 1349 3584 itidem
1366 3529 1403 3582 ut
1417 3523 1517 3597 Pater,
1539 3521 1744 3595 6116166666,
1763 3538 1799 3579 66
1813 3519 1868 3596 ipse

288 3618 393 3673 sctum
402 3614 507 3675 vocari
515 3614 666 3693 61611666
677 3614 759 3693 6661
769 3614 809 3673 611
818 3621 900 3689 6616,
916 3614 1062 3694 deprime
1111 3616 1238 3695 quidem
1253 3621 1354 3695 potest
1368 3620 1505 3676 aternus
1520 3632 1584 3675 esse
1600 3615 1701 3687 Pater,
1719 3614 1867 3688 61116666-

287 3706 427 3783 potentia
445 3725 510 3766 nou
526 3706 564 3766 de
578 3706 712 3767 secunda
725 3706 833 3786 accipi.
844 3708 922 3766 Nem
938 3712 969 3766 61
984 3726 1063 3786 puer
1111 3708 1177 3768 rius
1191 3705 1381 3787 6666661,
1404 3709 1609 3768 Damascenus
1619 3703 1641 3780 ⁸,
1657 3705 1771 3784 6111666
1784 3700 1867 3782 pluri·

288 3796 342 3875 661
362 3799 545 3878 potentiam,
562 3798 593 3859 id
617 3804 663 3859 est
682 3798 876 3859 habilitatem
898 3799 993 3859 hebet
1022 3799 1062 3860 ad
1110 3800 1169 3860 bus
1184 3805 1356 3878 exponunt,
1375 3817 1445 3879 666
1461 3818 1512 3860 res
1528 3798 1728 3879 postmodum
1741 3797 1775 3857 16
1787 3791 1867 3873 expli

287 3891 508 3971 capescendam
520 3890 766 3970 grammaticam,
783 3891 822 3950 ab
836 3910 872 3950 66
887 3891 941 3970 661
960 3891 1062 3969 reipsa
1111 3893 1208 3952 cando
1222 3891 1384 3953 Trinitatis
1398 3891 1543 3970 dogmate
1556 3890 1774 3951 declarabituu.

286 3983 506 4059 grammaticus
520 3988 580 4060 est,
594 3983 665 4043 talis
679 3982 823 4043 efficitur.
835 3983 1061 4043 Grammaticus
1150 3984 1216 4044 Xll.
1233 3985 1278 4043 Ex
1294 3983 1333 4043 116
1349 3983 1477 4043 evidens
1493 3988 1539 4043 est
1550 3981 1665 4061 duplex
1680 3981 1715 4042 in
1731 3983 1792 4043 lleo
1803 3977 1867 4038 6616-
1884 3976 1950 4078 gub

286 4078 392 4135 sutem
405 4075 444 4136 ab
458 4075 545 4136 uullo
555 4075 616 4136 alio
625 4075 766 4157 docetur,
782 4080 818 4135 ut
828 4075 976 4136 amissum
991 4094 1059 4157 spe·
1110 4075 1205 4135 tionis
1221 4093 1286 4136 esse
1304 4093 1415 4154 genus,
1430 4076 1564 4136 alterum
1581 4074 1801 4153 sempiternum
1814 4086 1866 4150 666
1893 4086 1919 4129 us

287 4332 308 4389 61
328 4332 361 4405 μὴ
381 4332 419 4387 tet
437 4334 593 4404 δημιουργεῖς
614 4332 664 4389 tt).
688 4329 734 4396 Ὧς
753 4330 830 4404 ἔχων,
848 4327 878 4399 ἤν
895 4332 918 4384 δ’
932 4329 1060 4403 16661(
1145 4347 1167 4387 a
1184 4330 1233 4399 Τὴν
1248 4330 1272 4395 ἐξ
1290 4330 1372 4387 111166
1393 4330 1417 4385 lu
1437 4329 1518 4404 ἐαυτῷ
1539 4332 1554 4387 ὅ
1574 4334 1723 4405 δημιουργὸς
1742 4328 1866 4388 61611666

286 4417 473 4489 δημουργικώς
493 4416 582 4488 λόγους
602 4414 626 4469 ἐν
646 4414 726 4486 ἐαυτῷ
745 4413 783 4467 ἀεὶ
801 4415 950 4487 δημιουργὸς
969 4415 1058 4478 ddcdc-
1108 4416 1315 4487 προϋπάρχουσαν
1347 4421 1438 4488 γνῶσιν
1463 4417 1505 4475 ὅτε
1534 4414 1655 4487 16661116
1687 4416 1804 4485 melma,
1830 4410 1865 4464 eal

287 4500 370 4570 ὥσπερ
384 4499 424 4553 661
438 4498 452 4552 ὁ
468 4497 550 4572 ἰατρὸς
563 4498 629 4573 ἔχων
643 4499 699 4562 τοὺς
714 4496 833 4571 tarpeaim
846 4498 936 4568 λόγους
948 4495 972 4553 tu
981 4496 1060 4570 ἐαυτῷ
1108 4499 1269 4571 eusebes.

288 4580 370 4654 ἰατρός
384 4579 435 4635 ἔστί
449 4599 476 4635 τε
490 4583 531 4634 καὶ
544 4582 652 4654 λέγεται.

319 4787 327 4803 “
345 4786 476 4839 0166666661
488 4785 651 4849 1666666111,
666 4786 686 4837 si
703 4788 748 4838 tria
762 4785 901 4839 61166666
916 4785 1061 4839 661616116-
1111 4789 1169 4846 tate;
1191 4788 1223 4837 ita
1243 4786 1333 4838 habitus
1351 4786 1408 4838 iuter
1432 4786 1569 4839 6616616166
1589 4787 1684 4853 eiusque
1701 4787 1814 4852 61166166,
1830 4780 1862 4847 uti

286 4863 416 4928 tinguantur
432 4877 438 4912 ι
454 4862 473 4912 1.
488 4860 592 4912 voluutas
606 4862 714 4928 16661161,
730 4863 849 4928 ipsumque
863 4876 889 4915 ex
901 4876 952 4913 sess
970 4861 1062 4914 creandi
1111 4876 1158 4927 pra
1180 4861 1278 4926 objecto,
1294 4863 1404 4927 666166
1420 4876 1471 4915 666
1488 4876 1542 4917 eeu
1559 4864 1648 4915 creuit
1665 4863 1697 4916 od
1711 4857 1863 4924 6666661116

286 4937 449 5004 propesitum:
468 4936 497 4987 11.
517 4936 630 5001 objectum
653 4936 775 4991 uoluntatis
794 4951 823 4989 66
840 4951 878 4988 res
897 4951 947 5002 666
963 4936 1062 4988 meando
1111 4941 1218 4999 6616166,
1239 4951 1286 5004 666
1307 4938 1357 5004 ipse
1374 4937 1488 4990 voluntate
1506 4952 1551 4991 666
1569 4936 1638 4989 aliam
1656 4934 1863 4993 6111666166

286 5012 419 5065 decernitur
436 5029 442 5061 :
459 5011 601 5063 1111611166
615 5012 703 5064 166166
716 5012 855 5083 propositum
868 5013 927 5065 inter
939 5026 966 5064 ac
980 5012 1064 5065 66166-
1111 5012 1154 5066 nisi
1171 5012 1273 5073 6116616,
1289 5013 1341 5067 1616
1358 5014 1492 5079 proiectum,
1508 5008 1863 5079 6661661661666666161116-

286 5086 339 5139 tatis
353 5087 553 5152 obJ'ectum.Sleut
566 5088 626 5138 euin
640 5087 681 5138 1161
698 5087 803 5139 rolucus
816 5102 866 5153 que
882 5088 1061 5143 conaremur
1110 5091 1157 5140 tum
1181 5088 1319 5147 6616661616
1341 5089 1470 5151 extiturum,
1491 5089 1521 5145 ad
1547 5089 1621 5155 ipsum
1645 5088 1693 5154 166
1715 5088 1804 5143 66161161
1825 5095 1861 5133 11·

286 5161 428 5215 solummodo
451 5161 479 5213 ab
498 5162 597 5215 66666116
616 5162 699 5226 didon,
719 5162 865 5216 immutabilis
881 5169 1018 5231 mrumst:
1039 5167 1063 5215 et
1110 5162 1231 5217 166611.
1247 5165 1276 5217 11.

285 5236 345 5288 siem
355 5237 438 5289 661661
447 5237 561 5301 objectum
575 5242 657 5304 potest,
671 5237 804 5292 inmutabili
822 5245 967 5306 permanente
980 5238 1061 5291 voluu-

286 5512 300 5555 d
313 5447 385 5557 lillb'
398 5448 432 5491 11.
446 5447 468 5491 16
482 5447 639 5494 fluor-ibib.
653 5450 675 5494 V.
689 5452 714 5496 de
727 5451 806 5496 111611.
820 5463 867 5505 rep.
883 5463 911 5495 u.
925 5458 946 5495 et
959 5450 1093 5495 1.-3111).
1106 5451 1162 5495 1111.
1177 5463 1225 5506 cup.
1238 5449 1387 5495 66-1111,
1401 5450 1417 5495 1.
1431 5456 1508 5495 666166
1520 5453 1578 5496 Eunt.
1592 5450 1646 5496 odit.
1662 5447 1778 5499 66616-1
1788 5441 1827 5491 lll-
1841 5439 1856 5485 l·

300 5523 313 5555 ι
364 5522 384 5565 ι,
399 5523 447 5566 cap.
463 5522 509 5554 ((6.
