3942 6168
283 342 342 402 luo
786 336 1113 401 uummuluouudi
1133 337 1362 403 DOGMATUM.

281 500 467 584 molesque
491 502 632 566 mentos¹
652 504 686 564 in
703 503 916 581 substantiam,
935 503 1001 564 vim
1020 508 1053 564 ct
1099 509 1130 564 et
1152 505 1260 569 eadem
1282 505 1345 566 vita
1366 505 1431 584 ipsa
1453 508 1509 566 cst.
1536 506 1663 585 Propter
1686 507 1745 567 hoo
1766 506 1867 586 itaque

280 598 433 665 audonem
445 594 834 678 dludiaaitequuihaa
844 596 1052 678 posteriorum
1099 596 1213 658 natura
1233 598 1345 659 dicitu
1367 596 1509 677 simplex,
1534 598 1583 658 osai
1606 614 1670 658 noa
1692 598 1732 659 sit
1754 598 1868 677 aliquid

280 689 415 751 duorum
426 690 466 751 ad
477 689 723 752 mbsuntiamfit
733 690 875 766 accessio,
888 688 1051 769 aquaffii-
1099 687 1225 764 habeta
1246 689 1329 769 quod
1348 688 1400 751 vsi
1417 689 1513 769 possit
1530 688 1690 763 amittere,
1710 688 1761 749 vai
1785 687 1869 751 cliui

279 780 397 859 ferunt3
416 783 491 863 quia
507 782 555 844 via
573 783 684 862 agendi
696 788 728 844 et
747 783 827 844 aetio
845 798 910 843 non
921 780 968 845 est
985 782 1052 862 ipsa
1099 780 1141 840 sit
1156 778 1291 857 habeus,
1310 780 1396 843 aliud
1409 781 1494 862 quod
1506 780 1639 844 habeas
1653 782 1699 845 Aa
1715 780 1868 862 deniquae

279 874 464 955 angelorum
476 875 655 952 substantia,
671 875 842 955 ecquomodi
854 880 933 936 esset
943 870 1052 954 ulique
1103 872 1316 937 «Secundum
1333 875 1394 936 hoo
1410 872 1567 951 diuinum
1586 874 1698 955 inquit,
1721 873 1777 936 iiia
1797 875 1870 937 sim·

167 968 175 985 ”
279 967 516 1050 sisscmctipsis
530 964 680 1031 haberem
694 968 758 1043 illa,
776 972 807 1029 ot
822 966 1054 1029 axutercntoa·
1100 964 1208 1044 plicia,
1250 984 1321 1047 quac
1356 966 1566 1048 principciitcr
1602 982 1736 1047 vereque
1768 967 1872 1029 divina

278 1059 350 1138 geli.
376 1061 425 1122 Sic
446 1062 578 1122 essentie
600 1066 632 1122 et
653 1078 736 1137 essa,
760 1061 821 1121 hoo
842 1065 889 1121 cst
920 1067 993 1122 atala
1021 1062 1054 1121 ct
1101 1063 1184 1135 sant,
1210 1060 1295 1139 quod
1319 1077 1384 1121 uon
1413 1059 1499 1120 aliud
1525 1063 1571 1121 est
1596 1060 1631 1121 in
1657 1060 1701 1121 cis
1731 1060 1870 1140 qualitas,

278 1159 376 1233 ὕκαρξις
407 1154 471 1215 sive
500 1154 678 1230 existentia,
709 1154 744 1213 in
769 1153 878 1214 creatis
908 1153 1053 1214 omuibus
1101 1149 1185 1213 aliud
1203 1152 1382 1230 substantia,
1406 1168 1465 1214 nec
1486 1150 1619 1214 eliorum
1644 1151 1873 1233 participatione

278 1243 352 1323 quia
373 1245 617 1325 distinguentia,
640 1246 894 1325 compositionem
916 1244 1053 1323 aliquam
1101 1243 1150 1304 vel
1170 1244 1284 1319 divina,
1303 1243 1353 1305 vel
1373 1244 1532 1325 sapientia,
1550 1244 1600 1305 vel
1610 1244 1824 1307 pausant.»
1839 1246 1874 1307 R

279 1332 426 1415 efficiunt,
439 1345 475 1400 ut
485 1344 608 1400 sanctus
618 1339 754 1399 Thomas
765 1338 897 1417 explicat
908 1336 932 1399 ¹.
947 1338 1053 1417 Neque
1101 1336 1136 1395 in
1169 1336 1297 1417 epistola
1336 1337 1505 1399 centesima
1540 1337 1653 1417 prima,
1687 1337 1726 1399 do
1759 1338 1873 1418 Spiritu

278 1428 364 1491 anim
395 1434 529 1506 alama,
552 1431 585 1491 id
614 1437 660 1493 est
681 1429 841 1498 essentiale,
867 1435 913 1490 est
943 1434 1053 1490 create
1103 1429 1260 1509 sapientia
1293 1430 1434 1508 loquens,
1466 1444 1561 1508 qoem
1590 1428 1747 1511 Scriptura
1773 1429 1872 1491 madii·

279 1520 335 1583 uili
345 1521 402 1601 rei,
415 1523 558 1592 existere:
575 1522 691 1602 alioqui
707 1539 880 1602 nunquam,
895 1540 936 1583 ne
954 1540 973 1582 a
990 1522 1054 1583 lieo
1101 1518 1227 1599 plicam*
1242 1520 1387 1601 appellat.
1418 1541 1434 1579 a
1457 1518 1629 1601 Multiplex‚
1658 1521 1771 1601 inquit,
1797 1538 1873 1602 qua·

279 1614 416 1693 quddam,
446 1614 543 1676 deleri
575 1615 777 1696 extinguique
810 1618 923 1695 posset.
954 1613 1055 1693 Hujus
1103 1611 1189 1674 niam
1216 1614 1316 1677 multa
1336 1619 1410 1674 saint
1441 1630 1511 1693 quae
1536 1613 1641 1690 habet,
1667 1614 1799 1695 simplex
1819 1632 1873 1677 aa·

278 1711 383 1767 autem
394 1706 462 1771 huc
473 1708 564 1769 unica
574 1708 653 1771 ratio
670 1713 725 1784 est,
739 1708 824 1785 quod
835 1723 900 1766 non
916 1710 1058 1768 asamat-
1103 1709 1167 1766 tem
1184 1707 1257 1786 quia
1275 1725 1341 1768 uon
1359 1706 1444 1767 aliud
1462 1725 1556 1787 quam
1573 1707 1654 1786 quod
1671 1706 1766 1769 habet
1781 1716 1839 1770 est
1857 1728 1871 1767 a

278 1797 344 1881 ipsa
366 1806 468 1861 creata
491 1817 542 1862 res
558 1800 653 1863 habet
671 1804 707 1861 ut
724 1798 843 1874 emetat,
857 1799 910 1859 sad
925 1798 965 1859 ab
981 1796 1053 1860 alio.
1104 1796 1229 1861 Tumin
1253 1803 1385 1860 troamtu
1402 1799 1457 1860 XX
1476 1799 1507 1861 ia
1523 1798 1682 1861 amaa:
1697 1818 1714 1859 s
1731 1796 1813 1862 licus
1828 1802 1874 1863 cai

279 1891 425 1965 Quocirca
443 1908 516 1954 uere
533 1893 594 1954 hoo
611 1892 744 1973 Cyiillus
755 1892 833 1955 dixit
848 1891 883 1952 in
900 1890 981 1952 libro
992 1908 1055 1972 quo
1103 1895 1226 1952 nonest
1241 1890 1300 1952 alia
1318 1891 1486 1957 substantia
1505 1895 1542 1952 ut
1558 1891 1608 1965 sit,
1621 1896 1654 1952 et
1670 1889 1730 1954 alia
1744 1899 1875 1972 pausias

280 1983 430 2069 Sphitum
456 1990 597 2047 unctum
622 1987 722 2047 Deum
749 2000 814 2046 esse
841 1984 1053 2046 demonstrat:
1102 1987 1139 2043 ut
1148 1983 1255 2063 possit,
1269 1984 1323 2045 sed
1335 1981 1650 2047 consubstantialeiiii
1666 1989 1713 2044 eat
1727 1984 1874 2067 quidquid

283 2075 435 2137 «Nullum
446 2083 620 2138 coeatumm
636 2077 808 2143 seeundum
824 2081 968 2137 naturam
979 2077 1053 2138 sim·
1103 2074 1170 2154 ejus
1185 2078 1233 2136 cst
1251 2081 1282 2136 ot
1299 2075 1449 2155 quidquid
1468 2080 1525 2150 esi,
1544 2075 1617 2154 quis
1633 2076 1716 2141 Deus
1732 2083 1779 2138 cat
1791 2095 1800 2137 a
1813 2096 1875 2141 nou

280 2167 391 2247 plicam
402 2167 495 2230 esset
514 2168 710 2245 »Quoniam
723 2174 759 2230 ut
770 2169 943 2233 Meuius
953 2169 1054 2248 Cydo-
1102 2167 1164 2228 aiio
1175 2167 1270 2229 modo
1281 2172 1328 2228 est
1338 2171 1370 2229 ot
1380 2166 1442 2228 aiio
1459 2166 1552 2228 modo
1571 2172 1681 2247 pauet,
1694 2168 1749 2229 sod
1765 2184 1832 2231 esse
1847 2174 1876 2233 et

280 2259 352 2321 nius
377 2258 456 2336 siti,
482 2280 498 2319 a
521 2277 615 2323 omae
641 2261 726 2342 quod
756 2260 961 2342 compositum
989 2266 1052 2336 ost,
1103 2276 1191 2339 passe
1206 2257 1299 2320 dmui
1310 2259 1414 2335 habet,
1428 2258 1503 2338 quie
1518 2258 1599 2320 veile
1615 2264 1649 2320 et
1667 2256 1768 2322 iecore
1785 2261 1876 2327 simul

281 2356 418 2414 eccum
430 2358 477 2412 eat
488 2361 541 2413 ο.»
1102 2350 1205 2413 habet.
1220 2370 1235 2409 a
1251 2351 1302 2412 Sia
1322 2356 1455 2413 uastata
1473 2351 1725 2413 undecsatudmo
1737 2350 1769 2413 ia
1785 2353 1875 2415 iaaa-

320 2444 459 2523 Deniqus
480 2443 665 2511 Prudentius
684 2445 766 2507 hana
782 2445 882 2525 ipsam
901 2444 1054 2524 theologi·
1102 2462 1166 2504 aem
1179 2463 1191 2505 .·
1218 2444 1360 2506 alitideo
1383 2443 1876 2526 nonatuuaahataadammee

281 2554 349 2599 cam
367 2537 521 2601 rationem
539 2536 660 2618 poetico
678 2537 784 2619 lepore
802 2536 938 2598 condivit
954 2535 989 2597 in
1006 2554 1054 2599 se·
1102 2535 1248 2619 tamena)
1264 2537 1424 2599 semaiae
1442 2535 1584 2616 simplex,
1606 2537 1655 2598 oui
1674 2552 1740 2598 nou
1756 2539 1818 2600 hoo
1834 2544 1878 2602 cst

282 2630 384 2692 cundo
394 2628 474 2690 libro
483 2635 586 2690 eastra
599 2627 819 2711 Symmachum,
829 2628 883 2689 ubi
890 2629 1054 2709 gentilium
1103 2646 1168 2690 esse
1180 2631 1264 2709 quod
1283 2644 1374 2691 nomo
1387 2647 1394 2690 ε
1409 2633 1512 2709 potest
1522 2629 1608 2690 enim
1624 2646 1690 2691 esse
1703 2646 1761 2693 nea
1775 2648 1874 2695 nosse.

282 2723 409 2802 castigat
439 2721 603 2798 inscitiam,
628 2722 683 2801 qui
715 2721 844 2782 uirtutes
872 2721 927 2782 Dei
955 2722 1055 2783 varias
1103 2721 1143 2781 alt
1157 2722 1212 2782 illa
1226 2722 1332 2783 divina
1350 2739 1415 2782 non
1429 2725 1541 2801 potest,
1554 2721 1670 2802 quiaid
1688 2724 1771 2801 quod
1785 2723 1878 2786 hauet

282 2814 460 2877 minutatim
475 2832 511 2874 aa
525 2815 691 2894 separatim
702 2812 844 2875 colebant
854 2815 943 2893 quasi
953 2820 1056 2895 postes
1103 2814 1272 2894 est.1lcper
1282 2814 1414 2875 huonon
1425 2813 1467 2873 sic
1476 2812 1877 2891 habetsoicntiam‚uta1iud

282 2906 386 2969 illius:
1102 2906 1147 2967 illi
1166 2907 1206 2967 sit
1225 2906 1351 2969 suenda
1373 2922 1436 2984 qua
1462 2905 1537 2981 scit,
1560 2906 1645 2967 aliud
1666 2908 1799 2968 essentia
1818 2926 1877 2989 qua

1103 3004 1159 3075 est,
1184 2999 1258 3078 quia
1282 2999 1315 3059 id
1342 2998 1428 3078 quod
1447 2998 1542 3059 habet
1560 3002 1616 3060 esi.
1641 3019 1657 3058 a
1689 2999 1827 3080 idipsum
1849 3007 1878 3063 ei

282 3093 340 3170 Tu,
354 3110 406 3155 mc
415 3092 582 3173 praeterito,
596 3090 754 3153 mediimis
770 3091 901 3152 numina
916 3092 1011 3168 milis,
1103 3090 1238 3153 iiilaaius
1253 3091 1287 3151 ia
1304 3095 1412 3151 octavo
1428 3089 1509 3150 libro
1520 3089 1685 3152 confirmet
1698 3110 1706 3152 :
1719 3092 1775 3152 ubi
1789 3098 1823 3154 et
1836 3108 1879 3155 sc·

283 3185 358 3260 Quae
369 3185 495 3247 simules
506 3202 616 3265 parare
627 3184 706 3246 meis
721 3180 898 3259 virtutibus,
912 3189 948 3244 ut
962 3202 1013 3245 mc
1102 3184 1240 3244 cundum
1261 3181 1465 3243 sumundum
1484 3181 1601 3261 ubique
1616 3200 1683 3244 esse
1694 3185 1792 3246 Deum
1808 3202 1879 3266 pro-

283 3279 341 3339 Pcr
351 3278 451 3341 varias
461 3283 563 3358 pastea
578 3277 723 3337 miscuas:
741 3275 791 3334 cui
802 3275 888 3335 uuila
899 3276 993 3337 recidi
1102 3276 1165 3353 hat,
1187 3275 1292 3354 «quod
1309 3292 1365 3354 per
1377 3293 1431 3334 sua
1448 3274 1483 3336 in
1495 3273 1640 3335 omnibus
1650 3294 1716 3337 asse
1727 3295 1791 3338 non
1801 3278 1879 3340 desi-

283 3370 356 3431 Pars
373 3374 428 3431 eut
446 3368 548 3431 iorma
565 3371 675 3451 potest,
700 3363 773 3449 quia
793 3382 863 3427 sum
885 3366 1054 3431 substantia
1101 3373 1176 3430 nat:
1204 3385 1270 3428 non
1292 3365 1376 3427 aliud
1399 3370 1504 3429 autem
1522 3366 1584 3428 sint
1606 3384 1702 3446 quam
1728 3371 1813 3448 quod
1835 3376 1879 3433 est

911 3458 1054 3541 [simplex
1101 3459 1177 3542 ipse,
1191 3460 1456 3539 quaesusumus

282 3552 345 3619 Nec
355 3573 427 3637 pars
437 3571 502 3619 esse
512 3570 604 3637 queo.
618 3550 697 3613 Solis
708 3548 815 3615 divisio
826 3550 919 3615 rebus
1142 3552 1261 3633 Quippe
1272 3555 1307 3611 ut
1319 3551 1362 3611 eit
1375 3550 1508 3631 Cyiillus
1523 3571 1530 3612 :
1548 3572 1564 3609 a
1577 3550 1678 3615 Simul
1692 3556 1789 3631 atque
1799 3556 1879 3617 Deus

282 3645 464 3727 Compositis
474 3645 621 3724 factisque
637 3640 757 3721 subest;
771 3658 823 3707 me
836 3662 930 3709 nemo
942 3645 1055 3709 creavit
1101 3644 1295 3723 intelligitur,
1315 3643 1409 3706 etiam
1429 3644 1537 3709 omnia
1554 3661 1625 3725 qua
1643 3642 1727 3707 iilius
1745 3653 1819 3708 suat
1835 3649 1880 3710 ia-

283 3739 324 3803 Ut
343 3738 440 3803 scindi
458 3738 589 3814 valeam,
601 3742 785 3803 annulorum
802 3734 942 3801 conditor
959 3755 1052 3801 unus.
1101 3737 1295 3817 seligantur,
1309 3753 1411 3815 oeque
1422 3734 1524 3797 ullum
1539 3735 1680 3799 accidens
1693 3735 1728 3799 in
1744 3737 1811 3819 ipsa
1823 3758 1877 3821 pa·

1101 3826 1369 3906 taaintoliigiia

323 3922 438 3984 Eodem
461 3928 492 3983 et
517 3921 571 3982 illa
600 3920 802 4002 simplicitatis
821 3920 900 3982 ratio
923 3921 1056 4002 pertinet
1143 3921 1223 3981 Viii.
1246 3920 1309 3980 Nec
1320 3919 1421 3981 aliena
1431 3919 1511 3980 ratio
1523 3925 1568 3981 est
1579 3920 1632 3982 ilia
1643 3941 1740 4002 quam
1750 3922 1880 3985 Ambro-

282 4030 378 4096 quam
388 4015 489 4076 reddit
501 4013 693 4094 Augustinus
703 4012 737 4074 in
753 4013 833 4074 libro
844 4014 1009 4075 undecimo
1020 4013 1056 4075 de
1103 4010 1167 4075 sius
1180 4010 1295 4073 indicat
1309 4011 1344 4071 in
1361 4011 1464 4091 primo
1476 4009 1511 4072 de
1525 4010 1601 4074 Fide
1617 4015 1716 4094 capito
1735 4014 1877 4094 septimo.

284 4104 415 4173 Ciuitate
435 4104 516 4168 Dei*
535 4126 543 4167 ι
567 4126 584 4164 a
608 4106 679 4167 ideo
697 4104 867 4185 simplicem
888 4104 962 4182 dici,
983 4106 1056 4186 quia
1107 4104 1258 4165 «Etenim
1269 4105 1360 4179 Deus,
1373 4103 1427 4180 ait,
1446 4108 1565 4164 naturae
1582 4104 1729 4186 simplicis
1744 4110 1800 4181 est,
1816 4124 1880 4168 non

283 4200 368 4281 quod
387 4199 492 4277 iubet,
518 4198 578 4260 hoo
597 4202 653 4275 est,
674 4202 801 4277 excepto
822 4197 906 4276 quod
929 4196 1056 4259 relative
1104 4197 1277 4277 conjunctae
1288 4200 1381 4276 atque
1393 4196 1582 4275 composite,
1597 4198 1646 4259 eui
1657 4196 1878 4274 nihiluccedat,

284 4309 415 4373 queque
427 4308 559 4375 persona
570 4286 610 4351 ad
627 4288 756 4350 aiteram
768 4288 888 4351 diciaci.
903 4288 983 4351 Nam
994 4291 1055 4351 uti-
1104 4290 1158 4352 sed
1169 4289 1270 4351 solum
1282 4287 1364 4369 quod
1376 4286 1518 4350 divinum
1534 4294 1580 4350 est
1595 4287 1630 4351 ia
1644 4294 1758 4352 natura
1768 4289 1881 4353 habaiu

284 4401 345 4462 quc
364 4378 452 4445 Pater
470 4381 565 4441 habet
582 4379 704 4456 Filiam,
727 4399 784 4442 neo
805 4384 912 4443 tamen
928 4380 993 4462 ipse
1012 4388 1058 4444 est
1105 4401 1171 4444 sua.
1185 4405 1201 4441 a
1217 4381 1250 4443 Si
1261 4381 1346 4442 caim
1363 4376 1479 4458 aliquid
1496 4380 1659 4459 diuinitati,
1679 4380 1743 4447 sive
1756 4380 1880 4463 siquod
1968 4450 1969 4463 χ

285 4472 378 4535 Filius
393 4493 400 4534 :
414 4478 445 4534 ct
456 4472 550 4534 Filius
560 4472 654 4532 hahet
665 4474 798 4549 Patrem,
807 4492 866 4534 aec
875 4478 982 4535 tamen
992 4476 1057 4556 ipse
1105 4479 1150 4535 est
1161 4474 1302 4534 divinum
1313 4468 1480 4549 accederet,
1498 4491 1563 4533 uon
1579 4470 1681 4535 solum
1692 4475 1806 4537 inesset
1818 4477 1879 4536 Deo

284 4564 441 4626 astl’atec.
455 4562 849 4651 inquaergoadseipsum
861 4566 1056 4642 dictamen
1105 4566 1189 4647 quod
1211 4565 1352 4626 divinum
1374 4570 1430 4641 est,
1455 4564 1515 4625 hoo
1541 4571 1588 4626 cst
1612 4565 1744 4628 habetet
1762 4566 1882 4646 aliquid

285 4656 325 4718 ad
355 4654 500 4733 aiterum,
524 4654 585 4717 hoc
610 4657 756 4738 estquod
779 4657 883 4719 habat.
910 4657 996 4721 Sicut
1017 4659 1057 4723 ad
1105 4658 1189 4741 quod
1211 4674 1276 4717 non
1301 4660 1389 4718 asset.
1418 4656 1585 4737 Gregorius
1602 4656 1678 4718 item
1701 4674 1781 4741 papa
1799 4656 1880 4719 libro

285 4742 538 4833 seipsuuaiciaur
548 4748 1055 4831 vivenahabendoutiqucutam,
1106 4749 1332 4815 octavodecimo
1345 4746 1881 4833 Ma=a1um,capitexxmradonem

323 5003 344 5045 a
362 4980 442 5049 Diod.
472 4982 545 5042 ’lu’
565 4982 646 5054 ἔπειδὴ
667 4983 700 5051 εἰς
720 4985 776 5061 τρία
797 4984 923 5061 διῄρηνται
944 4991 980 5061 τῷ
1000 4985 1060 5043 κατ’
1143 4984 1282 5047 cliuum.
1303 4986 1356 5043 Πᾶν
1371 4982 1495 5061 σύνθετον,
1508 4984 1616 5044 auctis.

287 5068 375 5133 timia
387 5070 544 5144 impacata
561 5071 632 5143 λόγῳ
645 5069 733 5133 πάντες
746 5070 808 5131 θεῖοι
821 5071 890 5141 νόει,
907 5067 939 5131 sis
953 5067 1056 5141 alatae,
1142 5070 1165 5129 d
1183 5072 1277 5133 Cama.
1301 5070 1366 5131 dial.
1390 5069 1418 5129 2.
1440 5069 1478 5131 de
1501 5074 1607 5129 reaia
1629 5068 1699 5146 “lips
1717 5068 1764 5147 γὰρ
1783 5073 1882 5129 νοεῖται

287 5153 329 5209 aa
341 5153 453 5227 δύναμιν,
467 5155 509 5211 asi
522 5148 654 5228 ictaque,
671 5157 727 5211 eiu
1106 5153 1170 5226 ieie,
1184 5155 1225 5209 eal
1239 5155 1282 5213 dau
1297 5150 1365 5226 αὐτῷ
1379 5154 1461 5211 πάντα
1481 5152 1512 5211 τὸ
1526 5153 1612 5215 αὐτοῦ’
1634 5155 1678 5213 aa
1691 5152 1736 5215 aila
1748 5156 1775 5211 a
1790 5157 1882 5217 eccisi

323 5232 341 5291 ὁ
359 5236 426 5292 Cia.
446 5242 514 5294 tom.
532 5237 564 5293 V.
582 5253 609 5307 p.
624 5235 687 5293 eut.
705 5233 783 5295 uteie
792 5233 823 5291 ‘ic
836 5238 949 5308 γενητοῖς
962 5234 1057 5293 &aaa
1107 5250 1130 5292 τι
1143 5236 1296 5308 capitenata
1309 5235 1352 5293 ἐπ’
1366 5235 1452 5293 dact.

288 5318 350 5374 κατὰ
363 5318 442 5391 piace

317 5538 327 5583 i
341 5539 393 5595 cap.
405 5547 437 5592 ιι,
451 5536 510 5582 libro
520 5535 548 5582 ds
559 5536 643 5583 witti.
655 5536 767 5582 tua-u
778 5536 885 5591 Opuscui.
896 5537 917 5589 3,
931 5548 978 5591 cop.
992 5536 1079 5580 11.-d
1090 5536 1138 5581 ulo.
1150 5537 1177 5581 de
1187 5538 1286 5583 Protea.
1300 5536 1378 5591 satra
1395 5535 1532 5583 acacii-i
1544 5536 1596 5593 Cap.
1609 5538 1685 5584 xmo
1694 5539 1744 5591 Sep.
1756 5545 1800 5589 vu,
1814 5536 1854 5581 S.
1968 5550 1969 5611 p
