4030 6204
362 275 413 337 DE
432 275 508 337 DEO
528 274 672 349 DElQUE
691 268 1032 346 Phoenicuntem,
1055 270 1126 331 LlB.
1149 266 1202 345 Vl,
1224 269 1307 330 GAP.
1329 269 1411 330 Vlll.
1625 269 1684 328 543

129 437 506 511 'Odormtdupttovicrtrt
518 439 579 493 δὀὐ
589 436 790 512 rattcotpttov
799 437 860 493 tert.
913 435 1023 516 inquit,
1039 450 1113 497 vera
1127 428 1336 515 prdem-itudo,
1350 432 1428 493 etin
1446 432 1576 511 singulis
1589 451 1687 494 mem-

99 525 195 584 Potcat
206 522 291 584 enim
304 523 355 585 acl
368 522 517 585 domatum
531 523 716 602 significare,
732 522 862 605 velpul·
912 528 976 589 bris
991 546 1057 589 esse
1071 528 1154 607 quod
1178 526 1293 595 deceat,
1316 530 1346 587 ct
1363 522 1398 585 in·
1415 529 1500 585 toto:
1517 526 1604 585 utin
1626 527 1687 586 sin-

97 615 206 677 ctrum.
221 617 261 676 Et
274 634 330 696 per
340 632 392 677 me
404 616 533 697 qrridem
546 618 713 678 honestum
727 634 792 678 esse
806 634 862 696 po·
911 619 992 700 gulis
1005 620 1115 699 gratia
1134 616 1167 680 in
1184 619 1331 680 omnibus
1343 617 1452 679 formae
1473 617 1686 679 convenientis

96 713 162 769 test.
188 709 233 769 lta
260 708 344 769 enim
366 710 503 769 Deorum
527 714 619 777 cautu,
647 714 801 788 cantuque
824 709 866 770 ait
912 712 1074 793 plenitudo
1087 710 1272 773 laudetur.»

97 800 226 880 dignius.
247 821 263 858 o
286 801 320 861 ld
341 801 464 878 colum,
494 802 578 881 quod
603 802 769 863 honestum
794 806 860 879 est,
953 804 1005 866 lll.
1029 802 1108 865 Hinc
1122 800 1177 865 illa
1190 799 1389 882 tria,quihus
1402 808 1543 864 constare
1563 802 1685 864 bonita-

96 892 229 953 amicum
241 909 355 954 eam.»
911 901 1080 977 tcmsupra
1093 896 1239 972 diximus,
1254 893 1563 974 adpulchritudinem
1576 896 1687 956 nihilo-

134 984 169 1045 ll.
192 985 239 1045 lta
251 984 402 1064 quidquid
420 982 499 1045 illud
513 990 570 1061 est,
592 984 626 1045 in
639 1002 702 1065 quc
715 984 791 1046 boni
810 1002 866 1045 na-
911 990 1016 1049 minus
1042 989 1219 1069 pertinent,
1248 1004 1381 1066 eamque
1401 991 1603 1068 componunt,
1625 1008 1685 1048 mo-

96 1081 194 1138 turum
217 1076 435 1138 conadtuimur
455 1072 490 1136 in
513 1077 709 1139 antecedenti
729 1077 864 1156 disputa-
911 1079 976 1159 dus,
991 1082 1107 1161 specics,
1138 1087 1169 1142 et
1187 1078 1268 1140 crdo.
1296 1079 1346 1140 aie
1369 1092 1549 1160 corpoream
1571 1085 1687 1141 creatu·

96 1169 187 1245 tione,
212 1170 358 1232 convenit
379 1169 419 1245 ei,
442 1170 527 1249 quod
550 1169 715 1249 pulchrum
735 1169 860 1230 dicitur.
911 1190 980 1233 ram
1000 1172 1192 1252 Augustinus
1211 1172 1255 1232 ait
1270 1187 1335 1231 esse
1354 1193 1369 1228 «
1384 1171 1504 1233 honum
1527 1170 1684 1249 infimum,

97 1260 157 1322 lloc
168 1261 257 1322 enim
273 1260 380 1323 doum
393 1276 459 1322 ease
472 1260 763 1336 demonstravimus,
779 1262 863 1340 quod
912 1271 943 1326 et
956 1265 990 1326 in
1012 1284 1068 1326 suo
1091 1283 1205 1345 genere
1222 1263 1398 1343 pulchrum,
1419 1262 1568 1342 quoniam
1587 1262 1688 1325 lorma

97 1358 140 1413 ast
151 1360 260 1434 aptum
273 1360 304 1414 ct
316 1370 504 1432 congruens,
526 1353 575 1415 Sic
589 1354 683 1414 etiam
696 1353 863 1433 pulchrum
912 1360 945 1418 et
966 1357 1083 1437 species
1106 1357 1283 1418 continetur
1296 1354 1319 1416 ¹.
1336 1374 1351 1413 u
1377 1354 1437 1416 Ubi
1463 1354 1565 1416 forma
1586 1363 1688 1436 potest

97 1446 128 1506 in
145 1447 282 1525 pradum
308 1445 525 1506 convenientia
551 1442 647 1505 ritum
675 1450 733 1506 est.
757 1446 864 1524 ltaque
912 1466 978 1511 esse
995 1449 1117 1525 modus,
1140 1449 1229 1530 quusi
1242 1440 1462 1509 determinatio
1486 1449 1640 1527 quaedam,
1657 1455 1689 1509 et

96 1536 355 1616 pmchmmdincm
382 1537 519 1617 corporis
553 1536 663 1598 delinit
694 1536 800 1598 Cicero
829 1539 863 1597 in
911 1542 1084 1603 moderatio
1099 1542 1138 1602 ah
1152 1540 1306 1602 infinitate
1320 1552 1388 1601 rem
1416 1538 1457 1600 acl
1470 1542 1690 1602 certamratio-

97 1636 205 1708 quarta
222 1628 398 1705 Proculque,
410 1635 447 1690 ut
463 1629 505 1689 sit
520 1648 536 1687 c
549 1628 631 1709 Apta
651 1628 754 1707 tigma
766 1642 866 1693 mem·
911 1650 986 1695 nem
998 1632 1152 1713 redigens.
1168 1635 1250 1695 Ordo
1259 1634 1334 1694 item
1348 1634 1381 1693 in
1394 1630 1589 1709 ecconsistit,
1605 1634 1689 1713 quod

96 1718 422 1784 hrorumcnmcoloria
431 1721 565 1801 quadam
575 1720 863 1796 suavitate.»Quem
912 1742 1005 1787 suum
1035 1726 1117 1786 inter
1152 1726 1235 1786 hona
1265 1724 1381 1799 locum,
1403 1724 1436 1783 id
1463 1726 1510 1785 est
1531 1724 1687 1803 infimnm,

97 1813 230 1876 imitatus
250 1815 454 1894 Augustinus,
481 1814 774 1894 «aunisimau,
799 1832 865 1876 cor·
912 1818 1027 1880 hahere
1049 1830 1099 1879 res
1125 1831 1283 1897 corporeae
1309 1814 1465 1877 dicuntm.
1491 1816 1592 1888 Quare
1618 1818 1688 1897 pul-

96 1922 206 1985 porum
220 1906 418 1986 pulchritudo
437 1911 486 1966 est
504 1906 642 1986 partium
661 1907 864 1986 congruentia
913 1910 1056 1972 chritudo
1076 1926 1183 1972 rerum
1209 1908 1244 1969 in
1265 1926 1303 1969 eo
1326 1924 1450 1987 quoque
1474 1915 1625 1986 versatur,
1653 1914 1689 1972 ut

96 2014 164 2060 cum
176 1996 790 2079 quadamcoloriasuuvitatc.Uhiantem
799 2016 864 2059 non
912 2004 1074 2084 proprium
1097 2002 1258 2064 obtineant
1279 1998 1469 2079 dignationis
1497 2002 1643 2080 gradum,
1658 2010 1689 2064 et

97 2097 139 2152 cst
154 2093 292 2171 whom
313 2090 528 2170 wngruantia,
551 2095 606 2151 aut
626 2090 697 2151 ideo
723 2091 798 2169 quid
822 2091 868 2151 οἱα
914 2096 1067 2157 ordinem.
1083 2094 1163 2155 Hinc
1182 2090 1374 2172 Augustinus
1394 2088 1477 2153 idem
1496 2092 1575 2153 libro
1599 2090 1640 2153 Xl
1654 2092 1689 2155 de

96 2182 199 2259 tendit,
223 2185 297 2264 quia
313 2197 447 2263 parrum
460 2188 506 2243 eat
521 2178 620 2264 (alter
649 2181 796 2262 pratum)
811 2188 869 2244 aut⁴
917 2186 1047 2250 Ciuitate
1058 2186 1126 2264 Dei,
1142 2187 1242 2266 rapite
1256 2196 1339 2259 xum,
1360 2180 1582 2245 «ordinemait
1596 2203 1690 2247 sacu-

96 2275 250 2355 ideoquia
267 2276 401 2337 nimium
417 2272 515 2357 (clim
528 2272 822 2355 mmimumiusm
835 2281 867 2337 et
914 2281 1033 2356 lorum,
1072 2285 1223 2358 tanquam
1263 2274 1509 2357 pulcherrimum
1550 2295 1687 2355 carmen,

97 2367 178 2429 Plato
192 2367 226 2427 in
244 2364 370 2448 Hippios
382 2368 462 2445 loeo,
482 2384 577 2447 quem
596 2364 690 2446 paulo
710 2371 782 2427 ante
802 2367 867 2428 lau-
915 2373 1010 2434 etiam
1034 2384 1073 2433 ex
1091 2369 1278 2452 quibusdam
1302 2369 1389 2447 quasi
1417 2366 1577 2430 antithetis
1591 2370 1688 2432 hone-

96 2459 247 2535 davimus,
272 2459 450 2521 itartmttv
469 2459 596 2539 accepit,
621 2460 699 2520 dum
718 2459 868 2538 aitsigni
915 2465 1032 2526 stari.»
1063 2462 1215 2543 Loquitur
1242 2466 1349 2522 eutem
1372 2460 1526 2537 (lemelia,
1542 2460 1689 2542 quaeiieo

24 2573 76 2607 unu
96 2550 185 2614 ΗΜΘ
213 2564 394 2635 τὸχρήσιμον;
419 2556 456 2610 ui
473 2566 545 2612 (tum
568 2551 733 2612 dicmur«
755 2566 869 2631 corpus
915 2554 1115 2637 permittente
1136 2554 1226 2615 bonis
1248 2552 1390 2628 admista,
1415 2554 1455 2614 ad
1469 2554 1688 2632 universitatiS,

97 2662 158 2706 csse
176 2646 254 2707 utile
271 2654 347 2707 catto
366 2644 453 2704 aliud
479 2642 519 2703 ad
544 2656 688 2711 meum,
715 2642 800 2703 aliud
827 2644 868 2707 ad
915 2646 1179 2729 providentiaeque
1194 2641 1306 2706 divinae
1325 2645 1587 2724 pulchritudinem
1615 2665 1689 2707 con-

97 2737 211 2799 luctarn
223 2758 250 2815 3»
262 2756 385 2800 necnon
394 2735 566 2797 animantia
574 2740 697 2804 caetera,
706 2742 743 2795 ut
752 2753 867 2815 eqcrum
916 2742 1030 2803 ierunt.
1047 2740 1085 2801 Et
1093 2741 1126 2799 iu
1135 2739 1217 2799 libro
1228 2734 1265 2797 dc
1276 2734 1396 2798 Natura
1405 2735 1577 2799 bonicontra
1590 2736 1691 2799 Moni-

96 2830 133 2890 cd
153 2848 309 2892 cursum:
332 2836 364 2891 et
383 2831 593 2889 instrumenta
610 2828 727 2888 artium
741 2838 767 2888 α.
791 2829 866 2888 Am·
916 2832 1216 2912 corrumpimini.
1237 2828 1314 2889 «Pit
1326 2830 1443 2903 amem,
1466 2829 1577 2908 inquit,
1600 2830 1690 2892 dece-

97 2920 217 2983 hrosius
228 2923 304 2985 item
317 2923 351 2983 in
368 2920 507 2983 secundo
520 2919 602 2980 lihro
616 2921 651 2979 in
665 2918 870 2981 hexaemeron
916 2925 1071 3001 dentitms,
1087 2928 1118 2984 et
1131 2919 1367 2983 succendentibus
1388 2920 1492 2997 rehns,
1512 2923 1692 3000 temporalis

96 3014 151 3074 aub
164 3014 273 3091 tinem,
293 3034 310 3073 c
326 3015 380 3075 llla
393 3019 443 3075 eat
458 3011 544 3073 anim
563 3026 640 3072 vcra
657 3011 865 3091 pidchritado,
917 3017 1060 3095 quedam
1077 3015 1111 3075 in
1124 3030 1180 3074 suo
1208 3026 1322 3092 genere
1343 3010 1553 3091 pulchritudo,
1574 3017 1609 3073 ut
1633 3033 1691 3076 nec

97 3106 218 3185 inquit,
247 3113 279 3168 et
305 3108 339 3167 in
362 3105 492 3185 singulis
518 3103 670 3165 memhris
692 3120 760 3165 esre
784 3104 869 3184 quod
916 3109 994 3189 ipsu,
1021 3120 1090 3187 quae
1114 3105 1301 3179 moriuntur,
1330 3103 1379 3164 vel
1406 3105 1491 3183 qnod
1514 3108 1603 3165 erant
1626 3124 1691 3167 esse

96 3198 212 3267 deccat,
238 3198 325 3260 etin
343 3204 425 3273 toto3
446 3203 482 3258 ut
503 3197 537 3257 in
555 3195 686 3275 singulm
702 3197 811 3275 gratia,
834 3197 868 3255 in
917 3200 1072 3276 desinunt,
1095 3203 1232 3279 turpm,
1258 3202 1313 3257 aut
1340 3194 1466 3256 tmhent
1488 3196 1628 3273 modum,
1662 3204 1693 3258 et

97 3291 244 3353 ommim
261 3292 371 3352 iormac
392 3290 604 3352 convenientis
619 3286 780 3369 plenitudo
804 3288 870 3349 lau
917 3293 1061 3373 speciem,
1100 3294 1132 3353 ot
1164 3291 1306 3352 mclinem
1339 3287 1493 3350 uniuersae
1529 3295 1690 3367 creaturae,

96 3382 233 3445 duum
257 3384 435 3464 utiquam
463 3380 597 3462 gratim
623 3386 731 3467 vocat„
761 3400 798 3442 ea
824 3385 871 3442 eet
919 3387 999 3447 sicut
1013 3400 1116 3445 sermo
1129 3384 1212 3444 benc
1233 3380 1422 3461 componitis
1443 3381 1550 3460 utique
1565 3382 1693 3461 pulcher

96 3492 192 3555 quam
218 3477 317 3539 Greci
346 3486 416 3557 uper
440 3477 625 3549 nominant,
654 3474 704 3533 rel
733 3470 807 3545 εἶδος.
832 3474 868 3533 ln
919 3484 976 3555 est,
992 3475 1181 3557 qumnvisin
1196 3494 1233 3536 co
1243 3473 1379 3555 syllanae,
1396 3479 1488 3553 atquc
1505 3491 1612 3535 omnes
1625 3475 1694 3535 soni

97 3566 526 3645 Palaesimundum
539 3566 786 3644 mathgamna
807 3580 872 3645 ape«
919 3575 1069 3650 tanquam
1093 3569 1263 3643 nascendo,
1293 3571 1324 3627 et
1351 3567 1513 3627 moriendo
1538 3568 1693 3628 transcur-

94 3659 203 3736 cicr,et
211 3658 427 3742 pulchitudor
445 3678 461 3716 u
476 3657 583 3739 spade
594 3664 657 3733 tua,
670 3654 871 3737 &pulchitu-
918 3671 999 3722 rant.
1016 3682 1034 3719 u

94 3750 305 3829 dectracta,
324 3748 869 3827 eremadlocumliem'liusadnotut,
959 3751 1076 3814 limatis
1102 3753 1137 3812 in
1159 3746 1239 3811 libro
1269 3748 1309 3810 lV
1335 3748 1565 3830 Conseruarum,
1594 3751 1693 3829 capite

95 3845 181 3906 uliud
196 3862 263 3906 esce
274 3850 383 3922 ὡραῖον,
397 3858 493 3923 qnam
509 3841 670 3924 specierum
681 3841 766 3902 idem
779 3841 870 3901 emtit
918 3858 983 3920 uni,
999 3844 1039 3905 de
1051 3836 1182 3923 pulchro
1197 3843 1357 3920 disputans
1382 3842 1492 3915 obiter,
1515 3841 1577 3901 hoc¹
1588 3842 1628 3900 ah
1643 3858 1691 3918 eo,

94 3936 248 4017 interpres
260 3956 269 4012 ;
284 3936 370 3996 aliud
382 3943 458 3996 rath
472 3932 498 3996 ‘a
513 3952 528 3993 r
545 3935 740 4014 Speciosam,
754 3932 867 4013 iuquit,
919 3937 1002 4016 quod
1016 3941 1062 3996 est
1079 3940 1199 4015 aptum,
1215 3932 1376 4014 [nonnullo
1396 3933 1573 3993 discrimine
1592 3948 1692 3993 secer-

95 4030 241 4110 estquod
264 4029 395 4109 plenum
416 4032 447 4088 et
466 4020 644 4088 atramina
663 4031 720 4103 eat,
742 4025 781 4086 c'd
805 4025 871 4085 ido-
918 4028 976 4089 nit.
995 4026 1103 4101 «de
1117 4032 1172 4103 cst,
1193 4034 1267 4104 ergo
1281 4022 1459 4105 pulchrum,
1484 4023 1539 4099 ait,
1564 4024 1692 4103 etquid

93 4138 195 4183 neum
215 4127 354 4201 tompus,
374 4116 407 4180 et
428 4119 469 4180 ad
484 4123 707 4198 mugruentem
730 4117 871 4195 rigorem
918 4126 965 4181 est
977 4114 1197 4200 pulchritudo?
1224 4117 1303 4191 Quid
1324 4121 1370 4177 est
1393 4116 1477 4195 quod
1504 4128 1561 4175 nos
1584 4117 1690 4193 allicit,

93 4215 294 4293 prunetum·
309 4213 478 4274 Pulchrum
492 4216 608 4279 autem,
625 4211 710 4290 quod
726 4210 761 4270 iu
773 4222 872 4270 mem-
919 4216 950 4273 et
962 4208 1106 4272 conciliat
1116 4206 1221 4285 robus,
1246 4224 1323 4289 quas
1337 4205 1500 4269 amamus?
1521 4207 1586 4268 Nisi
1608 4208 1692 4269 euim

94 4305 230 4367 broi-im
246 4305 469 4386 conpositione
490 4304 641 4365 concinne
671 4318 707 4362 ac
725 4302 872 4363 decenter
918 4310 997 4365 esset
1009 4304 1044 4364 in
1057 4303 1103 4363 eis
1114 4303 1208 4364 decus
1222 4307 1253 4362 et
1275 4301 1402 4382 species,
1426 4299 1621 4361 nullomodo
1636 4318 1693 4363 nos

94 4404 239 4479 aptatum
252 4403 309 4475 eat,
331 4403 427 4477 utque
438 4396 681 4458 eidormcentem
694 4394 789 4455 hahet
802 4410 871 4474 grae
918 4397 958 4457 ud
972 4414 1004 4457 se
1024 4400 1196 4456 mouerent.
1217 4392 1339 4454 Etenim
1353 4392 1647 4468 animadvertebam,
1663 4398 1695 4454 et

95 4490 173 4552 dm
182 4496 235 4551 θ.»
251 4491 304 4550 &t
317 4489 402 4551 anim
415 4496 509 4568 optor
520 4488 656 4568 proprie,
672 4487 757 4566 qlod
770 4491 870 4547 natu
918 4488 1061 4549 videbun
1088 4484 1124 4546 ln
1133 4484 1210 4566 ipsis·
1234 4485 1415 4565 corporibus
1428 4484 1513 4544 aliud
1526 4498 1591 4546 ease
1605 4486 1693 4565 quasi

94 4582 225 4643 ritatem
246 4588 292 4642 est
305 4582 464 4661 adeptum.
485 4579 667 4640 Ambrosius
685 4579 719 4638 in
739 4578 819 4638 libro
840 4580 868 4639 ll
918 4584 1030 4647 totum,
1047 4578 1363 4658 etideopulchrum3
1378 4575 1593 4653 alludentem,
1609 4577 1693 4656 quod

94 4673 130 4735 in
153 4672 370 4748 Hecoemcrou
386 4671 485 4752 capite
509 4672 663 4733 secundo:
693 4692 708 4729 «
732 4670 787 4731 llla
809 4676 866 4740 est,
917 4671 1130 4748 ideodecarat,
1143 4670 1292 4750 quoniam
1315 4674 1386 4749 apte
1404 4670 1693 4757 accommodaretur

131 4986 156 5027 o
175 4968 261 5025 Priro
272 4965 302 5025 in
317 4964 433 5041 fflppto
446 4967 573 5038 majore.
592 4960 685 5019 Οὔκοΰν
703 4962 745 5021 uui
768 4965 798 5020 rt
813 4964 876 5020 ὅλον
962 4982 977 5023 c
994 4966 1080 5025 Bisu.
1094 4965 1193 5040 ‘opem
1208 4966 1493 5038 circumponitur
1507 4965 1540 5030 ας
1551 4966 1595 5020 rto
1610 4960 1694 5035 hirt-

94 5058 173 5125 σῶμα
185 5052 252 5108 οὕτω
264 5052 368 5125 λὶγομεν
383 5050 459 5104 καλὸν
472 5045 543 5116 εἶναι,
559 5050 587 5104 τὸ
603 5049 645 5122 μὲν
656 5050 716 5122 πρὸς
730 5049 872 5121 detumet
923 5050 990 5104 tuor
1002 5054 1086 5127 καιρὸν
1097 5051 1158 5123 πρὸς
1169 5048 1212 5117 τὴν
1223 5048 1314 5103 οἰκείαν
1329 5048 1418 5120 hepte-
1433 5048 1508 5102 uultu
1522 5048 1548 5103 tt
1561 5049 1594 5103 ὼ
1605 5046 1629 5102 ir
1639 5066 1696 5104 ουν-

98 5137 127 5191 tt
136 5136 202 5208 πρὸς
210 5137 302 5205 πάλην,
317 5141 371 5192 ele.
801 5134 804 5139 ⁴
921 5131 985 5187 θέσει
995 5144 1046 5197 τῶν
1063 5135 1144 5214 prim
1156 5131 1315 5204 ὡάρμοπον,
1329 5127 1478 5184 ἔπανθοῦσαν
1490 5128 1557 5204 αὐτῷ
1568 5130 1612 5199 τὴν
1623 5133 1695 5205 mir

133 5221 151 5276 b
171 5218 251 5284 Paul,
272 5235 344 5275 xciv.
357 5218 384 5274 5.
404 5216 440 5291 Τῇ
452 5212 588 5289 deperdunt!
607 5232 662 5281 σου,
681 5215 721 5268 καὶ
736 5216 772 5287 τῷ
786 5213 872 5267 κάλλει
922 5212 995 5291 ἔχον,

94 5324 153 5362 σου.

125 5464 136 5507 t
153 5460 213 5518 Aug.
228 5459 270 5505 tlh.
283 5458 311 5505 dt
324 5458 378 5505 tero
389 5456 453 5512 retia.
466 5466 514 5512 aar.
526 5464 560 5500 rr.
