4134 6182
174 1103 226 1186 {¹02⁰
243 1102 294 1176 ¹¹⁸³}
336 1116 509 1194 crrjusmodi
520 1117 659 1178 homines
676 1116 889 1178 scholasticam
911 1117 1110 1180 subtilitatem

171 1211 221 1241 '¹¹⁰¹'
279 1285 286 1299 .
337 1211 468 1271 atrocius
488 1212 629 1272 insectari
641 1210 750 1291 solent,
764 1228 900 1271 errorem
921 1229 1023 1287 suum,
1044 1216 1110 1272 133-

335 401 371 461 10
754 402 793 462 ΙΝ
815 404 913 464 OPUS
933 404 1265 470 THEOLOGICORUII
1285 408 1515 472 noottart'tt.

453 551 861 629 «Sennoomnisinjustus,
1393 560 1578 640 CAPUT
1609 562 1697 640 Vll,

372 642 448 704 oum
467 644 500 704 in
513 645 611 725 seipso
633 663 715 724 aeger
735 644 774 705 sit
787 644 949 709 solertibus
974 648 1110 709 merlian-

800 743 920 819 [mcntis
931 742 1079 821 indigetl.
1097 766 1110 799 a
1607 807 1613 818 ,
1764 803 1768 815 .
1791 802 1797 815 .
1885 803 1891 814 .

1168 800 1301 863 Occulta
1314 819 1477 886 ornatuque
1491 803 1640 883 tbcoloproe
1655 823 1692 865 en
1700 803 1810 884 polrus
1825 802 1942 865 artabrc

1224 894 1423 976 adjunacndo.
1442 896 1575 958 Veterum
1596 897 1720 960 dirrersce
1733 896 1767 958 dc
1778 916 1813 959 co
1825 916 1858 958 re
1879 916 1942 958 sen·

1224 989 1333 1051 tentia.
1352 988 1502 1051 Plurimos
1511 989 1611 1052 videri
1620 1010 1731 1053 curnem
1743 990 1780 1050 ab
1790 990 1846 1052 Illa
1857 988 1942 1053 dcco

1222 1100 1284 1143 rem
1303 1090 1549 1145 sternumentum
1564 1083 1751 1165 abjudicare,
1766 1084 1897 1145 manime
1907 1084 1942 1145 ab

1221 1176 1455 1239 sacrisLittcris.
1470 1175 1861 1259 Etinmpcntiliumjudlcla
1872 1197 1942 1242 con-

1220 1268 1342 1329 sentire.
1360 1268 1476 1331 Plotini
1498 1272 1530 1331 in
1546 1270 1687 1352 loquendo
1711 1271 1854 1352 insontia.
1878 1269 1942 1352 Op-

1217 1372 1369 1443 33333131
1385 1365 1514 1426 oliorum
1527 1365 1656 1451 Petram
1677 1365 1856 1442 testimonio,
1879 1366 1941 1426 ele-

1219 1456 1352 1536 gantiam
1398 1457 1430 1518 in
1475 1458 1620 1539 theologia
1665 1458 1939 1521 commendantium.

1224 1547 1434 1613 Conciliantur
1446 1551 1602 1614 i'llt'omnes
1616 1552 1753 1615 inuicem.
1762 1552 1869 1615 Stulta
1881 1549 1942 1611 Ca-

1223 1643 1361 1705 31311333
1370 1645 1402 1704 in
1416 1643 1676 1706 ocrtcudlsBiblils
1690 1644 1841 1724 affectatio
1859 1642 1941 1705 Loti-

1224 1735 1329 1796 m'tatic
1356 1728 1523 1817 acquisitu.
1556 1736 1704 1798 Barbaria
1743 1735 1943 1798 locationibus

1225 1837 1367 1908 quatenus
1381 1831 1428 1890 uti
1449 1831 1549 1906 liccat,
1565 1830 1655 1891 etiam
1666 1829 1860 1911 probantibus
1882 1827 1943 1889 cle-

1222 1921 1407 2000 pontr'ssina's
1431 1922 1646 2003 scriptoribus}
1679 1921 1862 2005 linguarum
1890 1942 1944 1983 oa-

1225 2015 1317 2076 rr'ctur
1340 2013 1468 2096 tbcolopo
1478 2017 1612 2098 apprime
1624 2017 1721 2080 utilis.

337 995 341 1002 ,
375 929 458 991 VIII.
486 930 633 1003 Quocirca
651 929 704 1009 qui
727 928 767 989 ab
786 930 984 991 communiet
1013 931 1110 992 eccle·

336 1023 456 1113 31331133
467 1024 604 1084 doctrina
619 1024 908 1103 quomodocumque
917 1025 1109 1101 dissentiunt,

336 1320 432 1381 quam
446 1304 653 1363 meretricium
667 1303 800 1377 vultum,
824 1302 894 1362 fuco
912 1322 949 1364 ac
972 1322 1105 1380 cerussa,

335 1395 379 1454 ita
390 1395 436 1455 illi
448 1395 671 1475 sophismatum
692 1394 884 1475 captionibus
903 1402 934 1455 et
948 1396 1109 1475 prestigiis

336 1487 634 1550 obducunt.Etenim
643 1489 791 1568 quoniam
799 1489 949 1549 catholica
960 1489 1036 1550 fides
1045 1510 1108 1551 non

336 1599 372 1641 31
384 1583 539 1662 principiis
548 1589 665 1644 3311113
670 1601 726 1642 333
735 1583 871 1643 humana
878 1584 1108 1644 ratiocinatione

336 1674 500 1753 colligitur,
511 1677 565 1736 sed
577 1682 738 1756 utramque
752 1695 912 1757 superans,
926 1677 992 1738 sola
1002 1679 1034 1738 In
1053 1679 1109 1739 Dei

337 1770 516 1830 auctoritate
532 1771 623 1844 sistit;
637 1770 750 1830 ideirco
772 1771 856 1849 quod
873 1772 900 1831 ei
922 1772 1110 1831 contrarium

335 1868 380 1922 est
390 1863 596 1939 mendacium,
609 1864 686 1924 coelo
698 1863 896 1924 interclusum
903 1864 999 1924 haeret
1009 1865 1109 1924 iuter·

335 1953 412 2014 riset
421 1960 527 2015 contra
535 1961 653 2016 33111133
663 1956 862 2032 conditorem,
874 1961 991 2015 nutura
999 1974 1031 2015 se
1043 1956 1110 2035 331-

335 2046 393 2107 bus
405 2048 615 2128 presidiisque
626 2048 770 2109 defendit.
781 2049 846 2108 Hoc
856 2048 889 2107 in
901 2049 1034 2127 anitiquis
1042 2066 1111 2107 om-

335 2140 426 2200 nibus
443 2142 602 2218 hereticis,
627 2142 800 2216 Valentino,
821 2140 990 2217 Marcione,
1012 2141 1109 2202 11331-

337 2233 432 2310 circeo,
445 2234 591 2311 Sabellio,
599 2233 692 2297 Paulo
701 2236 910 2310 Samosateno,
918 2234 1002 2309 Ario,
1010 2235 1108 2310 Aetio,
1208 2233 1231 2294 l.
1245 2233 1347 2293 Restat
1358 2231 1489 2291 alterum
1501 2238 1594 2311 caput
1603 2231 1822 2291 criminationis
1834 2233 1868 2291 iu
1879 2231 1946 2292 rul-

337 2328 487 2387 Euuomio
502 2333 532 2388 et
550 2329 677 2404 ceteris,
690 2346 745 2387 suo
766 2327 881 2406 quique
901 2333 1039 2406 tempore
1061 2346 1112 2388 33-
1166 2330 1270 2405 gutam
1291 2324 1501 2403 theologiam,
1524 2324 1608 2403 quod
1634 2323 1784 2401 majorem
1816 2325 1944 2404 quidem

335 2419 441 2479 tholici
455 2421 593 2481 doctores
612 2423 904 2497 animadverterunt,
921 2421 980 2481 hoc
1000 2422 1034 2481 in
1053 2441 1111 2482 no-
1166 2417 1943 2497 partemoffenditeruditorumacpolitorumhomi·

336 2514 992 2597 33311313311131113131331113133113333113
1012 2516 1109 2577 hahe-
1167 2529 1255 2584 num,
1274 2512 1357 2589 quod
1377 2511 1508 2571 barbare
1519 2511 1734 2591 incompteque
1752 2530 1860 2571 sensus
1871 2530 1944 2571 suos

336 2626 416 2671 mus.
433 2610 571 2682 Quorum
588 2610 738 2690 quidquid
759 2616 805 2671 est
825 2612 857 2671 13
883 2629 944 2690 quo
967 2611 1110 2672 Romnum
1168 2603 1307 2683 explicet,
1322 2604 1466 2683 quodque
1482 2623 1545 2664 non
1555 2605 1647 2664 modo
1657 2604 1764 2665 3113113
1777 2604 1897 2684 ailquid
1914 2611 1946 2665 31

338 2701 538 2762 adversantur
558 2702 711 2778 Ecclesiae,
723 2703 907 2783 1113331331
926 2703 1034 2763 eodem
1055 2703 1112 2763 hu·
1168 2696 1339 2777 elegantiae,
1355 2699 1409 2759 sed
1422 2717 1462 2760 ne
1479 2699 1652 2760 humanum
1668 2699 1793 2779 quidem
1813 2718 1849 2759 33
1865 2699 1945 2760 tole·

336 2812 436 2855 manae
445 2796 571 2855 rationis
583 2802 613 2856 et
626 2796 782 2875 sapientire
793 2796 875 2856 13313
887 2797 1034 2859 manavit.
1051 2798 1110 2857 Ta·
1167 2790 1297 2851 rabilem
1308 2809 1427 2852 morem
1438 2791 1599 2853 locutionis
1608 2793 1759 2854 admIttat.
1776 2794 1820 2853 De
1831 2812 1895 2872 qua
1903 2793 1945 2853 il-

299 2945 305 2959 ,
336 2886 497 2948 melsinon
505 2888 811 2967 hieveracogitanda
825 2889 963 2949 ratio'est
977 2907 1111 2968 veraque
1166 2884 1268 2945 lorum
1284 2886 1475 2947 accusatione
1492 2905 1591 2967 pauca
1611 2887 1723 2948 dixisse
1745 2887 1818 2947 satis
1838 2886 1940 2948 133111.

336 2980 495 3059 sapientia,
515 2986 664 3060 tanquam
678 2982 796 3043 sincera
816 3000 910 3061 penes
926 2981 996 3042 ibas
1009 2981 1111 3061 philo·
1167 2979 1235 3039 Non
1248 2978 1331 3038 enim
1344 2978 1519 3058 longiorem
1531 2997 1658 3059 operam
1672 2979 1799 3058 quercla
1812 2979 1871 3039 ista
1887 2979 1943 3039 de-

336 3073 445 3153 sopbia
458 3073 508 3135 vel
520 3075 680 3136 dialectica
694 3093 765 3135 cum
778 3081 864 3136 tanta
882 3076 994 3136 erroris
1008 3075 1111 3154 31311-
1166 3072 1289 3148 siderat,
1302 3090 1397 3151 quam
1409 3078 1443 3132 ut
1460 3072 1587 3148 institui,
1603 3091 1642 3134 ex
1660 3072 1870 3151 antiquiorum
1884 3091 1940 3152 pa-

336 3171 397 3226 tale
409 3167 594 3229 consisteret.
605 3168 665 3228 Sed
680 3169 825 3228 ementita
840 3173 870 3228 et
881 3169 1054 3229 adulterata
1067 3175 1113 3229 est
1165 3171 1248 3226 trum
1257 3165 1412 3226 sententiis
1426 3165 1515 3226 facile
1524 3184 1718 3245 componam·

337 3265 466 3338 utraque
478 3266 509 3319 et
518 3261 761 3339 istapreesertim,
771 3261 943 3341 sophisticis
951 3261 1112 3322 haedibus
1207 3260 1325 3319 Horum
1349 3259 1475 3338 quidem
1495 3259 1635 3338 plerique
1664 3276 1736 3318 cum
1764 3259 1942 3338 degenere
1990 3272 2057 3368 rm

339 3358 370 3412 ct
383 3351 545 3412 calumniis
561 3353 718 3413 instructa.
744 3354 850 3413 Dicam
869 3354 902 3413 id
925 3354 1006 3432 quod
1032 3372 1112 3434 saepe
1166 3358 1262 3431 agunt
1273 3353 1429 3429 orationis,
1443 3353 1526 3432 quod
1538 3352 1750 3415 1111131313133
1764 3354 1944 3414 enarrandis
1972 3370 2057 3423 ,nata

337 3445 531 3525 multumque
551 3446 702 3526 perspexi,
716 3446 807 3506 «eredo
828 3450 858 3506 et
877 3446 930 3506 alii
946 3446 1113 3527 deprehen·
1166 3446 1432 3506 accommodatum
1444 3447 1493 3521 sit,
1507 3446 1620 3526 partim
1638 3453 1782 3507 ornatum
1793 3447 1943 3507 sermonis
1981 3438 2057 3538 ,w

338 3541 467 3616 derrmt,
486 3541 540 3619 qui
560 3540 710 3602 hereticis
727 3540 911 3620 disputando
932 3540 982 3601 rel
1005 3557 1112 3601 eorum
1166 3556 1202 3598 33
1214 3539 1400 3599 munditiam
1412 3540 1559 3614 adimere,
1571 3541 1685 3619 partlm
1697 3545 1943 3601 3331333133-
2010 3542 2057 3582 “tt

338 3632 468 3711 legendo
488 3634 600 3712 scripta
620 3652 747 3713 operam
775 3633 940 3712 abquando
961 3633 1110 3707 dederint,
1165 3636 1243 3706 1313,
1255 3632 1568 3712 qrramejusstudiam
1580 3650 1711 3712 arguere
1723 3651 1759 3693 33
1767 3632 1944 3713 neglectum

337 3725 460 3787 nullum
476 3743 538 3802 cos,
555 3727 615 3788 nisi
634 3727 778 3787 vitiosum
801 3745 837 3787 33
851 3726 933 3786 13313
957 3726 1113 3786 coherens
1166 3725 1294 3786 suadere
1303 3725 1456 3787 1111331111.
1466 3726 1554 3801 Quod
1562 3731 1629 3786 tum
1637 3726 1806 3805 praesertim
1814 3725 1942 3800 1331331,

338 3824 555 3898 argumentum
573 3820 674 3881 133313
685 3825 791 3880 333113
806 3819 989 3880 catholicam
1005 3817 1110 3878 fidem.
1167 3835 1238 3877 curn
1259 3817 1299 3877 ad
1317 3837 1419 3879 sacras
1428 3820 1555 3880 litteras
1567 3823 1748 3898 respectant,
1769 3835 1888 3898 proque
1899 3817 1939 3876 113

338 3912 432 3990 Atqui
440 3931 503 3973 non
515 3913 606 3993 pauci
615 3919 686 3973 suat
703 3912 783 3973 inter
793 3911 864 3971 11133
878 3910 1044 3972 dialectica
1058 3910 1114 3970 mi·
1166 3916 1273 3971 contra
1289 3912 1527 3991 vituperationes
1549 3911 1711 3991 gentilium
1734 3916 1944 3991 propugnant.

339 4005 422 4066 nime
443 4007 546 4082 rudes,
566 4007 621 4067 sed
635 4006 689 4085 qui
703 4005 873 4085 plurimum
885 4006 918 4066 in
933 4005 988 4065 illa
1004 4004 1058 4065 otii
1078 4023 1114 4065 ac
1167 4003 1246 4063 Nam
1258 4008 1288 4062 et
1298 4003 1347 4063 isti
1357 4004 1528 4084 Scripturas
1538 4004 1730 4078 christianas,
1741 4002 1882 4064 simihter
1896 4008 1947 4063 at-

338 4096 452 4158 laboris
466 4099 673 4175 contriverint,
693 4105 728 4159 nt
747 4100 813 4178 ejus
832 4100 926 4160 etiam
944 4098 1112 4179 disciplinae
1166 4114 1227 4175 que
1245 4096 1291 4156 illi
1310 4096 1510 4176 theologiam,
1526 4097 1661 4158 ludibrio
1678 4096 1844 4172 habebant,
1860 4096 1947 4175 quod

339 4197 491 4271 praecepta
502 4191 569 4252 31113
583 4193 748 4253 traderent.
761 4193 801 4253 At
818 4193 913 4254 iidem
926 4192 976 4252 isti
991 4210 1063 4252 cum
1080 4192 1114 4251 in
1167 4188 1245 4267 stylo
1258 4191 1452 4252 essenteditae
1463 4193 1576 4253 rustico
1586 4191 1754 4266 etinsulso,
1766 4191 1948 4268 noneujus·

339 4284 407 4344 aliis
425 4285 517 4345 rebus
537 4291 654 4345 rectam
670 4291 795 4346 teneant
816 4305 854 4347 ex
882 4286 998 4365 regulis
1019 4304 1113 4365 argu-
1167 4283 1252 4342 modi
1265 4289 1500 4361 erantsuorum,
1514 4285 1760 4346 utPlatonisaut
1774 4284 1948 4346 Aristotelis

338 4377 435 4437 menti
446 4377 683 4454 conclusionem,
699 4378 754 4438 uhi
770 4385 896 4439 1331313
914 4385 960 4439 331
976 4380 1016 4439 ad
1038 4378 1111 4439 fidei
1169 4394 1205 4435 ac
1218 4376 1366 4437 similium
1377 4376 1460 4454 libri,
1473 4379 1595 4458 magnis
1615 4379 1654 4439 de
1670 4378 1764 4439 rebus
1778 4396 1814 4438 33
1833 4378 1948 4438 diviuis

339 4471 568 4546 controversias,
586 4477 710 4551 repente
728 4471 813 4531 13131
833 4473 907 4532 31113
925 4471 1013 4532 obliti
1034 4490 1108 4549 31131,
1169 4471 1289 4549 copiose
1306 4468 1522 4551 eleganterque
1535 4472 1649 4552 scripti.
1668 4473 1750 4545 Quos
1768 4476 1874 4533 contra
1885 4471 1950 4531 dis-

197 4600 260 4630 arao
280 4588 302 4631 a.
338 4563 405 4641 jam
414 4564 494 4624 nulli
505 4563 655 4624 dialectici
670 4570 759 4639 sunt,
773 4584 809 4624 ac
825 4582 927 4625 meros
942 4568 1115 4643 (παραλογισ-
1167 4566 1308 4641 putantes
1317 4563 1424 4638 nostri,
1435 4569 1503 4624 tum
1514 4565 1713 4626 abhorrentes
1724 4565 1797 4625 istos
1811 4583 1876 4626 esse
1895 4564 1949 4625 di-

245 4654 266 4687 '·
340 4656 402 4736 μοὺς
415 4658 1038 4738 31331131333131133133113333313131331.
1053 4662 1115 4720 113-
1168 4661 1241 4714 cunt
1255 4653 1374 4734 lepores
1386 4655 1526 4717 dictionis
1545 4677 1581 4718 ac
1598 4676 1726 4718 veneres
1742 4657 1782 4719 ab
1802 4658 1904 4737 gravis
1914 4664 1951 4719 31

339 4751 883 4830 quavelsicausaedeessentcaterae,
898 4756 1022 4831 propter
1038 4770 1115 4831 quas
1168 4748 1265 4808 severi
1299 4751 1473 4828 argumenti
1500 4751 1702 4825 tractatione,
1733 4757 1801 4811 tum
1837 4768 1951 4812 causas

338 4842 960 4925 33113333113,11131331133131133333113113
978 4864 1040 4905 333
1060 4844 1115 4905 dc·
1169 4841 1413 4921 quamplurimas
1442 4842 1589 4920 31131331,
1610 4850 1735 4925 3133131
1754 4863 1831 4923 quas
1849 4843 1951 4903 libros

338 4937 410 4999 beat
429 4938 623 4998 scholasticos
644 4937 819 5017 theologos,
835 4938 901 4999 baec
916 4938 965 4999 vel
982 4956 1044 4999 una
1058 4957 1114 5018 po·
1168 4935 1237 4994 illos
1246 4935 1378 5014 pedestri
1391 4937 1493 5015 potius
1504 4955 1539 4996 ac
1555 4937 1678 5017 vulgari
1696 4955 1836 4998 sermone
1853 4935 1952 4998 scribi

336 5035 415 5089 terat
427 5029 594 5109 prohabiIis
608 5030 716 5106 1111311,
730 5032 814 5110 quod
830 5033 1045 5094 hereticorum
1063 5050 1114 5091 ar·
1168 5029 1312 5108 oportuit,
1329 5046 1425 5108 quern
1434 5029 1529 5108 polito
1545 5049 1581 5091 ac
1594 5031 1738 5092 litterato.

337 5128 412 5201 gata
426 5123 1115 5204 3133113331333331133331111333331111331
1209 5120 1381 5197 ltaCelsum
1392 5127 1602 5184 conuasacras
1613 5124 1739 5185 Litteras
1750 5123 1951 5201 stolidegar-

338 5218 682 5309 oppressaeonticescat.
788 5254 791 5259 ·
868 5234 874 5243 ”
1168 5214 1953 5296 11331331,,1133331113331331-3313333331331·3311-

363 5508 372 5552 1
388 5505 488 5559 11311311.

1982 3606 2057 3700 :ttulit

1995 3596 2057 3635 1131131

1992 3701 2057 3742 stau
