3956 6168
355 375 405 436 os
426 375 500 437 oso
521 375 663 450 oureus
683 375 1031 457 ruorarnrlrrous,
1054 381 1125 441 na.
1149 382 1205 458 ur,
1228 383 1311 443 car.
1334 383 1386 443 xi.
1609 386 1662 445 ror

85 542 263 617 inertem
288 547 352 602 uon
378 558 450 602 area
476 542 544 620 ipsa
568 541 608 601 sit
632 558 701 620 quae
722 539 846 601 videtur
895 542 1068 624 coelumque
1096 546 1211 626 duplex
1241 566 1276 607 ac
1307 553 1424 609 terram
1454 546 1612 627 duplicem
1632 567 1667 610 ac

84 632 183 694 ocirlis:
196 633 233 693 ln
247 638 313 694 arte
327 632 525 694 invisibiliter
539 639 595 708 est,
611 633 645 693 in
664 650 757 712 opere
771 633 844 693 visi-
894 641 1004 696 caetera
1018 638 1147 717 perinde
1158 639 1304 720 duplicia,
1323 639 1455 700 alterum
1472 639 1668 719 intelligibile

84 724 255 786 bilitererit.
271 748 287 783 a
304 726 395 786 Mox:
415 725 597 786 «Attendite
612 743 685 804 ergo
697 725 846 785 arcamin
895 731 925 785 et
939 728 996 787 sub
1010 735 1170 808 aspectum
1183 750 1248 793 nou
1272 731 1394 808 cadens,
1410 731 1494 792 unde
1509 732 1668 810 Scriptura

83 822 142 878 arte
153 825 183 878 ct
194 836 299 879 arcam
313 818 465 897 inopere.
481 817 561 879 Arca
574 818 609 879 in
622 835 715 898 opere
725 836 790 877 non
800 823 847 878 cst
894 824 1003 881 terram
1022 821 1200 884 invisibilem
1220 831 1248 883 et
1267 824 1475 905 infabricatum
1484 829 1584 898 vocat,
1594 823 1668 884 alte·

84 909 150 986 rita,
166 928 237 971 arca
253 910 289 970 iu
311 914 376 970 arte
398 910 463 970 vita
476 915 533 987 est,
550 909 624 989 quia
642 908 720 973 vivit
739 909 846 970 anima
893 928 965 971 rum
988 918 1152 974 externum
1179 921 1210 976 et
1237 914 1455 995 aspectabile&
1487 916 1561 988 Quae
1593 915 1667 976 satis

83 1000 208 1077 artificis
225 1001 282 1062 ubi
294 1007 368 1062 sunt
377 1002 437 1062 ista
449 1002 556 1062 omnia
565 1007 733 1080 antequam
746 1001 847 1080 prole·
895 1003 1062 1065 ostendunt
1083 1006 1184 1067 ideam
1207 1008 1333 1086 proprie
1348 1007 1408 1068 dici
1422 1007 1584 1067 notionem
1597 1007 1664 1083 Dei,

83 1099 192 1154 rauhu.
213 1093 266 1154 Sic
284 1111 371 1173 ergo,
386 1093 496 1155 iratres
509 1093 693 1169 charissimi,
709 1093 783 1171 quia
795 1112 844 1153 sa-
894 1113 956 1174 qua
964 1100 1009 1155 rei
1018 1097 1226 1176 producendae
1238 1099 1371 1159 formam
1380 1098 1604 1177 complectitur.
1703 1087 1706 1096 '

84 1185 190 1266 pientia
212 1186 269 1246 Dei
291 1204 347 1266 per
369 1203 465 1265 quam
481 1185 561 1247 iacta
578 1192 651 1246 ειιιιῖ
664 1185 781 1262 omnia,
797 1204 844 1247 sc·
934 1187 1013 1248 Xlll.
1031 1190 1159 1251 Erudita
1182 1196 1228 1251 est
1246 1191 1284 1251 de
1298 1191 1357 1252 boc
1370 1195 1554 1269 argumento
1568 1190 1666 1251 sancti

84 1278 211 1339 cundum
239 1284 340 1339 artem
371 1279 509 1339 continet
539 1278 646 1338 omnia
677 1283 845 1357 antequam
893 1279 1032 1340 Anselmi
1054 1281 1222 1361 disputatio
1249 1283 1283 1342 iu
1311 1280 1516 1363 Monoloqio⁸,
1540 1300 1611 1360 quae
1635 1287 1666 1342 et

83 1369 203 1431 lubricet
224 1369 354 1445 omuia;
378 1370 452 1430 hinc
475 1387 545 1449 quaa
568 1369 651 1429 fiunt
672 1371 846 1449 peripsam
893 1369 1034 1432 idearum
1061 1379 1205 1435 naturam
1232 1392 1359 1435 omnem
1383 1373 1592 1478 pulcherrime
1614 1373 1666 1434 de-

84 1470 183 1539 artem,
199 1480 264 1523 non
282 1462 430 1523 contiuuo
444 1462 508 1522 vita
526 1468 610 1539 sunt,
629 1461 845 1541 sedquidquid
893 1461 999 1541 clarat,
1019 1471 1051 1525 ct
1073 1465 1163 1526 docet
1180 1466 1430 1546 hocrmprimis:
1451 1465 1664 1544 «Priusquam
1707 1481 1819 1533 Quomodo

83 1509 257 1631 factumest,
272 1554 363 1615 rita
354 1573 389 1613 m
407 1554 461 1614 illo
475 1559 531 1616 est.
547 1556 675 1616 Terram
688 1553 784 1631 vides,
800 1560 847 1614 est
893 1554 1005 1616 fierent
1025 1558 1189 1633 universa,
1214 1557 1364 1620 fuissem
1385 1558 1506 1618 ratione
1532 1574 1662 1618 summae
1687 1546 1765 1632 {ifissnm
1756 1547 1837 1632 (ιᾷξῖᾗ

83 1648 183 1708 inerte
196 1653 289 1707 terra.
299 1646 524 1722 Coalumvides,
540 1647 608 1707 est
600 1665 633 1707 m
643 1646 842 1707 anecoelum.
893 1652 1014 1709 natura
1037 1650 1114 1728 quid
1137 1656 1191 1710 aut
1206 1650 1311 1728 qualia
1323 1656 1379 1711 aut
1391 1649 1547 1728 quamdo
1559 1648 1665 1709 futura
1687 1642 1836 1741 Vffiffi‘*

83 1741 179 1802 Solem
191 1746 221 1800 et
232 1740 343 1800 lunam
352 1739 447 1814 rides,
458 1743 531 1799 sunt
540 1743 571 1798 at
584 1738 687 1799 istam
695 1745 772 1799 arte
785 1738 846 1800 Sed
893 1745 1006 1801 esseut.
1022 1741 1124 1814 Quare
1139 1760 1210 1803 cum
1220 1760 1256 1802 ea
1270 1741 1435 1822 quaefacta
1447 1747 1530 1817 sunt,
1547 1741 1666 1802 clarum

82 1832 149 1894 ioris
170 1850 300 1912 corpora
315 1836 388 1891 sunt
391 1876 399 1907 ,
415 1830 450 1890 in
463 1838 529 1892 arte
547 1829 712 1891 vitasunt.
733 1851 749 1888 a
767 1833 845 1892 Cum
893 1832 933 1891 sit
920 1831 1023 1892 tnihil
1036 1832 1197 1894 fuisset
1143 1839 1197 1894 ant
1198 1851 1311 1912 equam
1324 1834 1445 1909 fierent,
1461 1838 1614 1913 quantum
1626 1833 1667 1894 ad

83 1926 172 2005 igitur
184 1942 253 1985 area
271 1929 308 1985 ut
330 1928 376 1983 est
397 1924 432 1982 iu
454 1922 580 1983 amitinis
594 1928 697 1983 menta
711 1921 752 1982 sit
765 1940 844 1983 arcae
893 1923 952 1984 hoc
966 1924 1118 2003 quianon
1131 1925 1314 2004 erantquod
1328 1944 1413 1985 nunc
1427 1931 1511 2001 sunt,
1526 1942 1584 1986 uec
1602 1930 1668 1985 erat

82 2017 236 2098 abopifice
256 2014 413 2076 fabricatae
428 2014 509 2092 idea,
524 2015 654 2094 perinde
672 2020 783 2075 creatae
797 2032 846 2075 ras
894 2032 932 2076 ex
946 2034 1008 2095 quo
1021 2015 1143 2092 fierent,
1164 2035 1228 2076 non
1252 2022 1358 2077 tamen
1371 2016 1451 2076 nihil
1469 2021 1558 2076 erant
1571 2034 1669 2095 quan-

82 2128 182 2171 omnes
199 2115 234 2170 ut
257 2110 293 2170 iu
314 2109 377 2169 Deo
399 2111 482 2184 sunt,
497 2107 569 2167 viva
582 2106 726 2187 quadam
739 2125 843 2168 exem·
893 2113 961 2168 tum
984 2108 1023 2169 ad
1045 2108 1200 2168 rationem
1216 2107 1368 2186 facientis,
1392 2126 1448 2188 per
1467 2126 1562 2186 quam
1576 2111 1606 2169 et
1619 2126 1667 2169 se·

83 2203 172 2283 pluria
203 2207 277 2262 sunt
308 2201 374 2276 sui,
405 2206 557 2280 qmtcnm
580 2204 667 2260 extra
689 2200 788 2260 ileum
810 2199 845 2260 iu
893 2200 1033 2260 cundum
1055 2217 1150 2279 quam
1179 2199 1290 2261 fierent
1302 2199 1323 2261 8.
1349 2222 1364 2257 o
1392 2200 1529 2261 Deinde:
1558 2200 1665 2277 «Illa,

83 2295 182 2375 seipsis
195 2295 342 2355 existunt.
893 2291 1007 2370 inquit,
1023 2291 1124 2352 forma
1136 2309 1243 2352 rerum
1258 2310 1329 2370 quea
1348 2291 1383 2352 in
1401 2291 1468 2370 ejus
1481 2292 1602 2352 ratione
1619 2310 1669 2354 res

117 2388 180 2449 llll.
203 2387 285 2447 Hinc
305 2385 459 2446 Maximus
478 2389 598 2464 martyr
620 2384 720 2444 Deum
738 2383 846 2445 asserit
893 2384 1041 2445 creandas
1063 2384 1272 2464 praecedebat,
1301 2385 1377 2463 quid
1398 2384 1483 2444 aliud
1505 2390 1553 2445 est
1573 2402 1669 2463 quem

82 2480 359 2559 mamipsamt
277 2478 359 2538 notit
359 2477 744 2538 iamcreandarumrerum
750 2493 845 2580 quam
893 2494 1001 2537 rerum
1014 2477 1158 2555 quaedam
1166 2477 1201 2536 in
1208 2477 1276 2556 ipsa
1285 2478 1406 2538 ratione
1415 2476 1550 2537 locutio.
1539 2475 1554 2520 ’8
1563 2476 1669 2537 Veluti

82 2572 215 2634 habetex
223 2568 747 2649 aternaproduxisseintcmpore,
755 2569 845 2647 eique
894 2587 966 2629 cum
987 2569 1074 2629 faber
1096 2568 1236 2629 taciturus
1258 2568 1386 2647 aliquod
1404 2586 1467 2628 suaa
1485 2568 1561 2628 artis
1578 2587 1667 2647 opus,

9 2672 58 2769 ¹¹toa
82 2664 280 2727 substantiam
292 2662 423 2736 demsse
440 2661 491 2722 vel
502 2666 537 2722 ut
545 2678 648 2739 graeca
661 2678 722 2720 vox
732 2663 846 2737 ἑμφανιι
893 2679 980 2740 prrus
989 2661 1159 2721 rlludrutra
1167 2679 1199 2721 se
1209 2660 1284 2721 drcrt
1293 2660 1407 2720 mentis
1417 2657 1634 2739 conceptionc⁸
1639 2681 1665 2722 a

82 2761 181 2835 ιώτερον
203 2760 294 2816 sonat
315 2751 545 2814 montaniana&
575 2774 590 2809 κ
614 2751 712 2827 lllam,
729 2751 843 2830 iuquit,
894 2753 1001 2833 ltaque
1015 2770 1088 2813 eum
1101 2753 1203 2814 forma
1218 2753 1273 2812 illa
1285 2752 1336 2813 vel
1354 2752 1463 2812 formae
1478 2752 1582 2831 potius
1595 2771 1668 2833 pro-

83 2862 216 2924 quamex
224 2854 343 2909 aeterno
357 2846 391 2906 in
400 2846 500 2925 seipso
509 2844 604 2905 habet
617 2843 728 2904 artifex
737 2861 846 2903 eorum
894 2845 1010 2921 ductio,
1033 2844 1178 2925 quadam
1201 2844 1242 2903 sit
1264 2843 1378 2904 mentis
1403 2842 1517 2904 ἀίνὶιιιιι
1540 2842 1667 2922 locutio,

82 2956 145 3018 quae
159 2945 242 3015 sunt,
262 2937 534 2999 anteexistentem
552 2936 708 3012 notitiam,
722 2935 846 3013 quando
895 2955 1050 2998 summam
1082 2936 1290 2997 substantiam
1321 2953 1395 2995 mox
1429 2934 1593 2996 Ansehnus
1625 2937 1671 2998 ait

82 3030 174 3091 voluit
193 3029 464 3091 substantiavitet
451 3027 644 3108 t.produxit
669 3027 848 3088 absurdum
899 3051 914 3088 u
938 3030 1025 3110 prius
1048 3029 1082 3089 in
1105 3047 1137 3089 se
1158 3027 1247 3107 quasi
1264 3027 1378 3088 dixisse
1391 3031 1536 3088 cunctam
1550 3032 1668 3088 creatu-

82 3128 123 3181 est
142 3123 227 3183 enim
247 3123 286 3183 de
308 3123 372 3183 Deo
393 3119 605 3199 omnipotente
635 3118 778 3180 dubitare
806 3138 848 3180 an
895 3140 978 3197 ram,
999 3139 1094 3201 quam
1117 3137 1186 3181 eam
1204 3119 1376 3180 secuudum
1398 3118 1540 3179 eamdem
1562 3124 1593 3179 et
1614 3137 1671 3198 per

82 3214 209 3294 cuipiam
226 3215 284 3292 rei,
300 3231 374 3275 cum
387 3212 531 3314 voluerit,
552 3211 757 3272 substantiam
774 3212 848 3273 dare
896 3213 1037 3274 camdem
1060 3230 1149 3273 suam
1169 3211 1359 3272 locutionem
1377 3207 1580 3271 conderet⁷o>
1605 3210 1671 3272 Hoc

82 3307 206 3385 possita
221 3328 237 3364 u
896 3311 1002 3366 autem
1028 3305 1108 3366 nihil
1130 3302 1216 3364 aliud
1246 3308 1292 3363 est
1312 3319 1407 3382 ιιιιιιιιι
1431 3301 1581 3380 Verbum,
1607 3321 1671 3382 quo

117 3399 170 3459 Cui
185 3400 293 3460 Petrus
303 3397 447 3458 Damiani
460 3401 684 3457 consentaneus
698 3400 744 3456 est
757 3395 822 3456 ita
814 3414 848 3456 ιιι
901 3416 994 3459 cuno
1009 3397 1179 3476 codemque
1196 3394 1271 3455 dicit
1258 3395 1417 3473 tseipsum
1426 3399 1458 3456 et
1467 3412 1672 3474 quacumque

82 3491 221 3569 opuscrdo
241 3495 326 3552 sexto
350 3494 381 3549 et
398 3488 555 3550 tricesimo
578 3486 735 3548 scribens:
756 3488 912 3550 «Va-f
897 3488 969 3551 fecit
979 3487 1039 3551 8.»
1062 3487 1301 3567 Quoniamergo
1320 3486 1498 3549 reseoedcm
1511 3488 1594 3548 utin
1608 3488 1671 3548 Deo

81 3579 176 3644 luntas
184 3584 301 3664 quippe
320 3581 376 3643 Dei
390 3580 533 3641 omnium
547 3597 654 3640 rerum
667 3580 731 3640 sive
745 3578 850 3640 visibi-
897 3588 979 3658 sunt,
994 3582 1103 3642 forma
1117 3580 1261 3640 illaasuut
1274 3584 1305 3639 et
1319 3577 1397 3640 ideae
1411 3578 1460 3638 sui
1473 3583 1626 3657 quatem
1637 3580 1672 3640 iu

80 3671 152 3743 lium
170 3676 235 3737 sive
259 3672 465 3735 invisibilium
481 3690 571 3733 causa
591 3676 636 3731 est
654 3676 689 3731 ut
703 3671 847 3748 existant,
897 3674 1006 3753 seipsis
1016 3674 1164 3748 existunt,
1175 3671 1323 3732 dicuntur
1331 3677 1447 3747 autem,
1458 3668 1491 3730 id
1501 3675 1547 3731 est
1557 3670 1672 3751 produ-

81 3766 151 3827 udeo
168 3774 205 3828 ut
218 3766 342 3827 condita
355 3782 488 3844 quaeque
507 3769 676 3843 autequam
685 3762 725 3823 ad
738 3762 850 3825 forma·
898 3772 1013 3828 cuntur
1033 3764 1261 3845 quodammodo
1281 3781 1320 3824 ex
1334 3768 1450 3824 aeterno
1464 3762 1670 3825 destinatione

81 3873 145 3919 rum
155 3856 425 3921 suammvisibiles
434 3856 635 3936 procederent
649 3855 850 3934 species,jam
898 3876 933 3919 ac
942 3858 1112 3939 proposito,
1128 3862 1159 3916 et
1175 3874 1213 3916 ex
1227 3860 1309 3915 statu
1318 3854 1458 3934 possibili
1471 3854 1605 3915 velutin
1618 3873 1669 3916 ac-

81 3951 334 4030 remaneatque
355 3948 558 4010 essentialiter
577 3947 719 4008 viverent
742 3947 776 4007 in
799 3949 848 4009 sui
896 3957 966 4011 tum
980 3954 1094 4011 exeunt
1103 3949 1179 4008 dum
1192 3965 1231 4007 ex
1245 3945 1369 4007 infinita
1378 3946 1466 4025 copia
1474 3963 1581 4007 rerum
1594 3964 1671 4025 quas

81 4042 194 4122 opificis
215 4043 376 4103 voluntate
395 4039 420 4101 8.
445 4061 460 4098 a
488 4041 569 4100 Tum
594 4040 672 4101 illud
700 4057 849 4100 enarrans
896 4060 1001 4104 creare
1023 4044 1144 4121 poterat
1157 4041 1250 4113 Deus,
1266 4043 1364 4099 certas
1377 4056 1416 4099 ex
1439 4038 1526 4098 omni
1544 4038 1668 4098 aeterni·

81 4136 157 4214 quod
184 4136 219 4197 in
242 4132 429 4214 Apocalypsi
457 4131 607 4211 scriptum
632 4135 698 4192 est:
726 4130 801 4206 (laio
815 4140 848 4193 tu
895 4139 958 4195 tate
973 4133 1078 4212 seligit
1090 4138 1120 4193 et
1133 4131 1292 4191 voluntate
1306 4148 1362 4190 sua
1375 4128 1495 4207 definit,
1511 4129 1669 4210 quibusin

81 4225 288 4290 omniomnis
301 4234 328 4286 et
339 4233 464 4306 propter
481 4222 748 4285 mloototemtoom
763 4232 848 4285 eram
896 4232 1036 4305 tempore
1072 4223 1233 4304 propriam
1264 4229 1348 4284 σῖσῖαν
1379 4221 1552 4283 attribuat:
1583 4222 1668 4301 quod
1692 4261 1842 4307 ,mm

81 4315 317 4396 ammaoni,
338 4316 478 4396 loquitur
503 4314 566 4376 sic:
593 4314 720 4375 «Prius
733 4315 847 4376 dicitur
896 4325 1013 4379 οῖσιῶσαι
1040 4315 1210 4377 attribuat:
1245 4314 1330 4393 quod
1352 4322 1436 4395 optas
1458 4313 1611 4376 Maximus
1629 4332 1669 4375 ex
1692 4315 1841 4362 mmmm

81 4411 148 4489 quia
159 4417 250 4473 erant
272 4414 303 4472 et
322 4408 522 4490 postmodum
537 4405 632 4468 fixisse
645 4412 758 4482 creata,
773 4406 848 4487 quia
896 4408 1045 4489 Dionysio
1059 4408 1219 4468 nominat:
1235 4406 1309 4467 inde
1322 4410 1451 4482 constat,
1466 4406 1667 4485 quemadmo-

82 4519 145 4581 que
170 4502 246 4565 ioris
271 4519 414 4582 expressa
446 4504 519 4562 sunt
547 4516 605 4580 per
636 4499 847 4560 conditionem
896 4501 973 4562 dum
986 4501 1064 4561 ideae
1078 4499 1221 4561 omnium
1234 4516 1341 4560 rerum
1354 4498 1387 4558 in
1400 4497 1503 4559 Verbo
1517 4498 1669 4560 contineri

82 4596 187 4673 operm,
199 4595 267 4675 jam
280 4595 363 4654 iutra
377 4598 467 4653 crant
475 4592 510 4652 in
523 4590 719 4672 providentia
733 4597 764 4652 et
777 4609 848 4653 con·
896 4593 1050 4669 dicantur,
1071 4593 1135 4653 imo
1155 4610 1210 4673 per
1234 4591 1339 4672 ipsum
1353 4590 1501 4670 produci;
1516 4597 1670 4670 quatem

81 4683 146 4747 silio
158 4687 341 4748 creatoris.»
358 4685 475 4746 Eodem
486 4683 595 4745 referri
608 4683 699 4744 debet
712 4684 795 4763 quod
809 4702 848 4745 ex
895 4686 1003 4747 lormae
1034 4685 1096 4746 illae
1118 4694 1202 4766 σχέσιν
1225 4688 1257 4744 et
1282 4680 1484 4744 habitudinem
1501 4684 1669 4763 quamdam

81 4774 198 4840 Jmlino
217 4784 248 4840 et
262 4777 419 4840 Clemente
432 4775 642 4838 Alexandrino
661 4795 755 4856 supra
769 4776 847 4838 refe·
895 4778 1013 4839 habent
1025 4777 1065 4838 ad
1079 4776 1286 4852 existentiam,
1297 4775 1373 4836 dum
1383 4794 1423 4836 ex
1430 4775 1530 4838 nihilo
1539 4795 1575 4839 ec
1584 4794 1668 4837 mere

82 4868 230 4947 rabanum,
247 4876 278 4932 et
290 4875 364 4931 autc
377 4867 486 4930 ambos
508 4868 595 4929 Philo
614 4867 648 4928 in
668 4866 849 4950 Cosmopoeio
896 4869 1093 4951 possibilium
1112 4868 1166 4929 sed
1188 4884 1352 4948 nunquam
1369 4867 1545 4929 futtuarum
1562 4885 1669 4930 rerum

83 4962 223 5040 prodidit,
230 4961 497 5043 duplicemeMose
506 4959 673 5041 significari
683 4963 847 5040 mundum,
897 4979 1030 5024 numero
1052 4960 1240 5037 delibantur,
1262 4966 1294 5021 et
1313 4978 1370 5040 pro
1382 4961 1449 5040 jam
1466 4959 1668 5021 existentibus

117 5180 136 5220 a
153 5166 255 5223 Mum.
274 5163 324 5232 Τὴν
341 5161 365 5227 ἐξ
379 5162 460 5217 erola
474 5161 499 5217 tv
515 5161 593 5236 ἱιωτῷ
608 5162 623 5216 d
635 5164 782 5236 δημιουργὸς
795 5171 846 5219 τῶν
895 5163 1055 5237 προεὸάλετο·
1071 5161 1162 5215 ἄτοποι
1172 5162 1219 5233 γάρ
1229 5158 1293 5214 ἐστιν
1308 5159 1347 5215 ἐπὶ
1360 5162 1415 5215 θεοῦ
1424 5167 1468 5215 τοῦ
1479 5164 1668 5238 παντοδυεάμου

84 5247 156 5302 ὄντων
166 5249 372 5322 προῦπᾶρχωσαν
386 5252 487 5320 γνῶσιν,
495 5248 538 5302 ὅτι
552 5244 671 5316 ἕδουλιὶθη
682 5245 796 5312 οὖσῖωσι,
807 5248 848 5301 καὶ
897 5247 1020 5310 timiam,
1036 5242 1057 5299 εἴ
1071 5243 1172 5298 δύναταί
1184 5263 1207 5296 τι
1222 5243 1341 5297 odardum
1355 5245 1396 5298 ὅτε
1411 5244 1534 5316 βούλεται.

934 5329 952 5385 b
971 5331 1042 5386 Geta.
1058 5344 1077 5383 1.
1101 5324 1136 5380 ‘H
1146 5325 1172 5379 at
1186 5330 1218 5398 γῆ
1232 5323 1262 5396 ἦν
1272 5325 1385 5399 ἀόρατος,
1396 5328 1437 5381 καὶ
1447 5325 1665 5396 dementianus.

110 5480 120 5523 l
132 5479 226 5589 ιῦὡὼῖῖ.
241 5481 342 5527 actm.
354 5491 403 5537 cop.
416 5490 446 5525 rr.
459 5501 486 5515 -
496 5477 510 5523 2
521 5479 573 5536 cap.
585 5490 610 5524 u.
623 5479 674 5523 -8
686 5479 737 5535 cap.
750 5489 780 5523 ιι,
795 5499 823 5512 -·
839 5478 852 5522 Δ
870 5479 923 5535 cap.
935 5489 983 5522 uu.
996 5490 1025 5521 rx.
1037 5490 1058 5522 x.
1070 5489 1099 5521 ιι.
1111 5487 1175 5520 xxxu.
1187 5499 1215 5510 -
1231 5479 1244 5522 t
1257 5477 1309 5532 cap.
1322 5486 1371 5521 ιιιι.
1382 5498 1410 5510 -
1420 5476 1433 5519 d
1444 5476 1495 5532 Cap.
1510 5489 1538 5523 u.
1550 5500 1578 5513 -·
1588 5479 1601 5523 t
1613 5480 1664 5538 cap.

103 5562 142 5585 .-
199 5555 220 5599 p.
232 5554 298 5587 mu.
