4008 6170
390 423 440 483 DE
461 421 539 481 Ι)Εο
563 421 706 497 DElQUE
728 424 1069 503 PROPRlETATlBUS,
1093 429 1164 491 LlB.
1188 431 1210 505 l,
1234 431 1317 492 mr.
1339 432 1406 492 Vll.
1644 439 1700 499 tta

25 616 84 685 ff,
114 571 278 645 conceditur,
296 570 441 634 sadillius
461 575 540 638 τὸτί
559 570 592 651 ἦν
610 566 687 649 εἶναι,
711 582 863 654 quatenus
918 579 980 640 alia
994 598 1128 659 quomm
1143 599 1343 643 exoonoursu
1355 585 1522 663 singularis
1536 593 1566 647 et
1580 586 1620 648 ab
1633 586 1701 646 aliis

41 684 61 715 ⁵·
114 666 379 729 homininosseista
398 673 429 728 et
450 671 601 750 explicare
624 670 670 730 las
694 676 750 745 est,
768 671 864 730 eonti-
917 674 1061 735 omnibus
1087 676 1236 737 distincta
1266 677 1346 738 Petri
1367 696 1499 759 persona
1526 678 1698 740 coniicitur.

115 759 323 834 nerecreditur‚
344 762 513 839 praesertim
534 763 673 838 essentia,
696 781 758 841 quo
774 781 865 842 gene·
918 767 978 827 Eas
998 785 1093 848 porro
1115 768 1256 830 notiones
1271 770 1369 832 Graeci
1385 772 1523 851 theologi
1544 771 1701 853 appellant

20 838 22 859 '
114 852 193 913 ralins
208 852 350 932 quiddam
365 857 396 913 et
412 853 451 914 ab
477 857 606 917 materia
628 855 777 917 remotius
799 855 866 916 abs-
918 860 1032 927 ἐπινοίας
1058 867 1088 922 et
1105 861 1237 941 νοήματα,
1263 864 1365 939 idest,
1399 875 1549 946 conceptus
1581 867 1698 933 meotis.

114 949 276 1026 tractimque
301 948 475 1026 significat:
488 950 576 1025 Quod
595 956 698 1011 autem
721 956 767 1011 est
788 951 865 1027 ejus
917 955 966 1014 vel
997 953 1129 1030 ἐπιθολὰς,
1156 956 1292 1017 incursio
1326 958 1358 1017 tu
1389 958 1520 1019 animum
1556 958 1703 1040 intelliqi-

115 1040 193 1114 modi,
206 1040 261 1100 hoo
273 1047 319 1100 est
330 1059 495 1103 commune
509 1045 644 1105 maxime
659 1063 694 1105 ae
709 1048 865 1105 remotum
918 1047 989 1108 titis
1010 1047 1068 1125 rei,
1082 1049 1132 1109 vel
1149 1047 1183 1108 τὰ
1205 1049 1414 1134 ἐπιθεωρούμενα
1433 1051 1566 1136 τῇούσίᾳ,
1586 1070 1652 1134 qun
1671 1052 1703 1114 in

115 1132 147 1191 ab
170 1132 376 1211 singularibus,
414 1135 445 1195 id
473 1142 528 1214 est,
549 1137 813 1217 periretissimum,
835 1146 866 1200 et
918 1141 1043 1202 essentia
1073 1143 1153 1203 velot
1180 1143 1328 1205 distincto
1357 1144 1601 1225 contemplamur.
1636 1144 1703 1220 Qua

115 1228 181 1286 inter
214 1244 247 1286 ca
276 1244 347 1306 quar
377 1228 571 1292 affirmantur
604 1231 642 1293 de
667 1234 743 1309 Deo,
773 1232 865 1314 longe
918 1253 993 1294 voce
1009 1254 1083 1295 usus
1096 1241 1142 1296 est
1155 1236 1250 1297 etiam
1264 1236 1401 1297 Plotinus
1414 1237 1616 1318 philosophus
1630 1238 1703 1298 Pla·

114 1319 390 1399 prestantissimum.
920 1327 1039 1389 tonieus
1066 1327 1219 1390 Eoneodis
1237 1330 1369 1391 secunda
1387 1330 1467 1391 libro
1489 1332 1540 1407 lli,
1566 1332 1664 1411 capito
1678 1348 1699 1392 1.

886 1440 890 1448 ¹
963 1422 1000 1482 ll.
1021 1422 1127 1502 Neque
1156 1442 1229 1484 vero
1250 1424 1359 1484 creatis
1381 1422 1542 1485 dumtaxat
1558 1426 1590 1484 in
1611 1423 1703 1484 rebus
1753 1433 1858 1476 Nouum

922 1513 1165 1593 contemplandis
1171 1514 1248 1575 talia
1260 1522 1435 1577 eommenta
1443 1516 1590 1577 humanae
1598 1518 1701 1597 cogni-
1730 1488 1837 1587 qamt
1851 1491 1873 1530 ¹⁰

337 1615 520 1696 CAPUT
557 1618 640 1695 VH·
921 1606 1013 1667 tionis
1032 1607 1182 1683 incidunt,
1198 1609 1252 1669 sed
1278 1608 1318 1668 ad
1341 1610 1440 1669 Deum
1459 1609 1563 1689 ipsum
1584 1629 1619 1671 ao
1646 1611 1700 1671 Dei

921 1705 1067 1759 naturam
1080 1699 1130 1760 vel
1144 1701 1328 1780 cogitatione
1346 1702 1541 1763 tractandam
1562 1702 1613 1763 vel
1632 1721 1699 1764 ora·

223 1856 228 1868 ,
269 1856 274 1868 Ι
544 1857 550 1869 ,
922 1792 1593 1857 tionedeelarandamtransferrineoemeest.
1609 1797 1702 1874 Cujus

116 1851 153 1915 ⁰⁹
171 1856 328 1962 dimili
358 1875 429 1938 im
451 1854 548 1919 uren
577 1859 690 1967 ἷπῑνθῖῦξς
708 1868 821 1938 ”mimis
842 1872 870 1923 θ(
924 1885 1705 1969 etsisimplieissimasitacdivisioniseompositioais·

147 1947 274 2028 iim
288 1958 369 2010 mle?
389 1969 417 2012 ⁸⁶
435 1959 463 2012 ⁶!
482 1969 546 2010 “m''
566 1962 690 2015 ‘mla
704 1973 872 2036 milam·
924 1996 985 2057 que
994 1996 1102 2058 expers
1114 1979 1213 2039 omnis
1224 1981 1365 2056 essentia,
1382 1987 1489 2041 tamen
1500 1982 1620 2043 infinita
1632 1989 1704 2044 sunt

148 2051 198 2104 lt‘r·
213 2040 305 2104 Fsslw
315 2041 521 2104 'imiimi'
536 2044 636 2124 ⁰l’2'm'0
650 2046 790 2127 iulius1⁸
804 2047 872 2127 sim·
924 2069 956 2130 in
971 2089 1009 2130 ea
1018 2088 1087 2150 quae
1097 2090 1129 2132 re
1139 2091 1238 2132 unum
1252 2073 1408 2152 idemque,
1423 2074 1644 2135 considerando
1662 2076 1706 2136 di-

147 2135 217 2195 m
238 2145 378 2218 mimum
410 2144 437 2197 θ’
461 2136 533 2198 3οῙῖὸ
559 2137 675 2200 Μ’ὒω
696 2140 870 2219 mammilio
924 2183 1013 2225 versa
1026 2166 1557 2245 quodammodolacimus.Sieenim
1569 2168 1707 2229 divinam

147 2225 261 2309 adeoque
273 2228 371 2291 locum
385 2230 418 2290 in
429 2230 491 2291 neo
504 2227 607 2291 iisdem
620 2249 679 2294 erre
692 2232 810 2295 nullum
818 2251 873 2314 pu·
925 2258 1026 2337 pfimo
1040 2257 1243 2318 substantiam
1263 2263 1293 2318 et
1311 2264 1456 2319 naturam
1468 2265 1619 2339 tanquam
1637 2261 1708 2321 sup

147 2319 246 2382 otuu
923 2350 1040 2429 jectum
1055 2351 1277 2431 proprietatum
1295 2353 1437 2412 omnium
1454 2352 1598 2432 opinione
1620 2354 1707 2434 fingi·

926 2461 1007 2518 mus,
1019 2448 1086 2502 tum
1094 2443 1306 2520 aeternitatem,
1317 2444 1582 2525 omnipotentiam,
1591 2445 1709 2507 honita-

20 2573 88 2619 Μ,
149 2534 169 2595 1.
183 2534 251 2608 Qua
264 2535 559 2615 suntintelligentiae
572 2544 684 2599 nostra
697 2538 876 2620 cognitioni-
926 2543 1002 2611 tem,
1016 2535 1167 2614 justitiam
1180 2554 1216 2597 ae
1235 2537 1355 2616 reliqua
1376 2538 1443 2615 ejus
1457 2538 1603 2598 attributa
1616 2544 1646 2599 et
1659 2540 1707 2599 in·

20 2629 87 2671 Μ
117 2628 313 2707 quesubjeetae
331 2647 392 2703 res,
413 2628 611 2691 interioribus
630 2631 727 2692 animi
744 2633 875 2693 notioni-
928 2630 1028 2691 vicem
1041 2635 1071 2689 et
1085 2648 1105 2690 a
1119 2629 1290 2690 substantia
1304 2630 1507 2709 sejungimus.

116 2718 713 2803 bus‚notionesvocibusexp1imuntur¹.
735 2728 875 2787 Haerere
969 2721 1144 2796 Quinetiam
1165 2728 1311 2783 naturam
1328 2723 1429 2802 ipsam
1460 2723 1597 2803 personis
1620 2743 1706 2785 oom-

117 2815 277 2893 posteriores
291 2816 362 2876 duae
381 2834 462 2896 saepe
482 2817 571 2878 aliter
589 2817 705 2879 habent
726 2838 762 2880 ae
782 2819 876 2879 resin
929 2833 1057 2875 munem
1075 2815 1174 2876 trihus
1198 2834 1217 2875 a
1239 2833 1442 2895 personarum
1471 2817 1708 2896 proprietatibus

116 2908 244 2988 scseipsae
254 2914 337 2984 sunt,
350 2910 433 2988 quod
442 2909 477 2970 tlt
485 2909 657 2991 dupliciter.
668 2913 747 2973 Nam
757 2917 811 2972 aut
822 2911 877 2971 illa
930 2907 1149 2984 abstrahimus,
1171 2913 1206 2969 ut
1231 2908 1345 2969 harum
1371 2908 1516 2988 quaelibet
1536 2927 1573 2969 ex
1587 2910 1708 2971 duobus

117 3016 174 3078 qna
185 3020 235 3080 per
257 3020 289 3062 se
304 3001 447 3061 distincta
459 3009 539 3078 sunt,
552 3004 584 3063 in
597 3021 696 3064 unum
715 3004 877 3084 cogitando
929 2999 1025 3059 veluti
1043 3001 1150 3077 jumeta
1168 3006 1198 3060 et
1218 3002 1382 3061 constituta
1398 3001 1548 3077 videmur,
1574 3020 1707 3081 quorum

117 3095 320 3173 componimus,
333 3100 387 3154 aut
397 3112 467 3172 quae
478 3097 580 3176 reipsa
591 3102 662 3157 sunt
673 3098 834 3177 complexa
847 3102 878 3158 et
929 3092 1061 3152 alterum
1089 3092 1232 3172 generale
1260 3093 1309 3169 sit,
1338 3093 1470 3153 alterum
1493 3095 1650 3174 singulare
1672 3116 1708 3158 ac

118 3184 268 3263 conjuncta,
285 3187 398 3248 eadem
413 3188 523 3249 mentis
537 3190 602 3251 acie
617 3190 783 3251 dividimus
795 3188 876 3251 invi-
929 3188 1100 3265 proprium.
1114 3187 1158 3247 Ae
1167 3186 1289 3247 tametsi
1302 3185 1391 3248 aliter
1402 3186 1507 3247 inDeo
1520 3206 1568 3248 res
1579 3187 1705 3263 habeat,

116 3294 226 3358 remque
244 3281 444 3341 secernimus.
468 3280 517 3342 Sie
537 3301 610 3343 eum
635 3272 877 3344 innumerabiles
930 3284 1022 3358 atque
1034 3298 1105 3340 eam
1115 3280 1278 3359 rogitando
1286 3280 1486 3359 concipimus,
1501 3281 1600 3360 sitque
1609 3300 1708 3342 unum

116 3371 166 3431 siut
184 3374 320 3434 homines
341 3375 444 3453 reipsa
465 3376 608 3455 separati,
625 3376 683 3436 suh
708 3396 772 3437 una
790 3393 876 3437 eom·
929 3372 1078 3451 quiddam
1086 3377 1116 3433 et
1123 3371 1384 3453 simplicissimum
1395 3373 1478 3452 quod
1487 3372 1710 3454 multiplioino

115 3466 333 3528 mmnnaanae
347 3467 472 3527 notione
487 3468 663 3548 jungrmtur
686 3487 720 3531 ac
740 3469 825 3531 velut
843 3469 876 3529 in
928 3464 1010 3525 tione
1035 3464 1196 3545 partimur,
1212 3483 1275 3526 non
1290 3472 1361 3526 sunt
1379 3469 1486 3525 tamen
1500 3466 1706 3526 eonfrnrdendi

115 3572 198 3618 onum
206 3560 397 3633 coalescant3
410 3567 441 3620 at
455 3579 492 3621 ex
504 3562 632 3623 adverso
648 3581 720 3623 oum
733 3563 825 3623 unioa
838 3560 876 3622 sit
928 3558 1061 3618 inuram
1076 3578 1111 3619 oe
1131 3559 1304 3639 promiscue
1326 3557 1462 3619 habendi
1482 3559 1531 3618 vel
1549 3556 1708 3620 interiores

114 3649 151 3709 rei
167 3651 336 3730 cujuslibet,
352 3653 435 3714 velut
457 3654 602 3730 hominis,
625 3656 756 3715 essentia
774 3673 875 3733 neque
927 3649 974 3709 illi
1000 3656 1164 3730 coneeptus
1187 3650 1294 3725 urrinni,
1310 3650 1360 3711 vel
1381 3668 1425 3711 ere
1444 3668 1534 3711 voces
1556 3651 1668 3731 quibus
1689 3671 1708 3712 a

113 3740 198 3820 reipsa
209 3747 356 3825 separatis
369 3746 507 3826 partibus
521 3753 648 3821 constet,
662 3752 875 3808 tameneertos
928 3742 1018 3802 uobis
1039 3743 1241 3822 explicantur.
1265 3742 1386 3803 Etenim
1418 3744 1560 3821 quamvis
1582 3761 1645 3803 una
1670 3744 1709 3804 sit

113 3833 183 3895 inea
195 3839 308 3916 gradus
330 3841 591 3920 proprietatesque
612 3841 824 3917 discernimus,
841 3844 876 3901 ut
928 3834 1099 3913 eademque
1118 3853 1166 3895 res
1187 3835 1221 3895 in
1242 3835 1305 3894 Deo
1327 3851 1390 3893 non
1404 3834 1506 3893 solum
1520 3833 1662 3895 divinitas
1677 3841 1708 3895 et

114 3925 185 3989 aliud
206 3931 242 3991 sit
263 3930 346 4011 quod
367 3932 401 3993 in
421 3951 458 3993 ea
478 3917 571 3994 sentit
587 3952 623 3994 ae
641 3940 773 4013 vegetat,
790 3934 875 3995 aliud
924 3926 1044 4004 justitia
1061 3927 1110 3988 vel
1128 3927 1338 3988 misericordia
1357 3931 1387 3986 et
1398 3926 1527 4003 justitia,
1545 3926 1706 3987 sedetiam

112 4023 183 4098 quod
194 4025 310 4085 ratione
322 4026 427 4101 utitur,
443 4033 472 4086 et
488 4027 521 4087 in
535 4028 594 4087 hoe
608 4044 715 4087 rursus
729 4046 816 4088 mens
829 4028 876 4088 in-
927 4019 1070 4080 divinitas
1091 4026 1121 4080 et
1142 4019 1320 4099 paternitas,
1348 4019 1398 4078 vel
1419 4036 1491 4078 eum
1518 4018 1630 4078 deitate
1651 4019 1708 4080 tilii

113 4113 563 4195 telligendiquevisavoluntate
571 4119 745 4180 dirimatur
757 4118 874 4179 Eodem
927 4112 1096 4191 proprietas
1122 4131 1192 4191 quae
1212 4110 1326 4192 filiatio
1346 4109 1468 4185 dieitur,
1490 4115 1544 4170 aut
1562 4111 1705 4190 spirati03

112 4208 228 4283 pertinet
245 4212 425 4290 compositio
438 4211 493 4271 ille
506 4212 677 4291 divisioque
691 4217 874 4272 naturarum
927 4224 1019 4267 nemo
1037 4212 1143 4266 tamen
1163 4222 1236 4265 eum
1259 4203 1475 4284 paternitatem
1496 4203 1639 4283 intelligit
1657 4205 1707 4265 vel

113 4316 172 4376 quae
189 4301 224 4361 iis
241 4303 382 4382 partibus
401 4305 568 4383 complexer
590 4312 672 4380 sunt,
687 4322 765 4384 quas
779 4308 874 4362 meta·
926 4317 963 4358 eo
975 4297 1128 4359 vocabulo
1141 4296 1296 4376 exprimit,
1313 4295 1505 4357 divinitatem
1520 4296 1624 4355 animo
1638 4315 1709 4357 eon·

111 4391 239 4470 physicas
252 4402 374 4456 vocant.
391 4397 471 4456 Nam
483 4403 555 4457 sunt
572 4399 712 4459 notiones
729 4395 874 4476 quedam
926 4391 999 4470 oipit
1021 4410 1057 4451 ao
1079 4389 1240 4470 signifieat,
1255 4406 1357 4468 neque
1372 4387 1527 4466 subjectas
1541 4390 1707 4468 unicuique

112 4500 172 4561 qua
184 4504 252 4547 eum
266 4504 300 4548 re
320 4488 450 4567 singna
463 4507 527 4549 non
545 4496 756 4568 exaquantur,
771 4504 873 4566 neque
925 4483 1078 4544 vocabulo
1101 4483 1240 4543 notiones
1259 4482 1441 4561 permiscere
1456 4480 1608 4541 catholieo
1621 4482 1703 4542 lieet.

110 4582 195 4639 totam
205 4579 272 4658 ejus
282 4582 445 4641 essentiam
457 4583 654 4658 exhauriunt,
668 4602 703 4644 ae
712 4581 873 4642 nonnullae
925 4576 1111 4636 hunnorum
1125 4581 1155 4635 et
1161 4576 1424 4635 hnomoeanorum
1433 4573 1529 4652 impia
1541 4572 1722 4669 scelerata-v

112 4672 255 4746 gmarales
289 4692 531 4756 communesque
562 4682 633 4736 sunt
662 4674 814 4756 pluribus,
839 4679 874 4732 ut
927 4687 988 4749 que
1010 4686 1070 4728 vox
1091 4664 1147 4728 illa
1167 4670 1222 4742 est,
1239 4667 1293 4745 qui
1316 4666 1445 4727 nomina
1465 4664 1571 4726 omnio
1593 4665 1706 4745 quibus

111 4764 247 4825 numani
260 4767 305 4826 vis
319 4766 353 4826 in
365 4767 452 4827 Petro
466 4787 539 4828 eum
554 4767 763 4828 mimantihm
776 4765 874 4826 homi-
927 4762 1033 4824 divina
1042 4769 1209 4841 utcumque
1218 4759 1521 4839 declaranturipsam
1533 4758 1706 4838 significare

110 4855 250 4937 tribusque
261 4861 432 4921 eommunis
442 4862 571 4937 eremus,
581 4868 650 4922 tum
663 4860 873 4922 mensatratio
926 4862 1072 4917 naturam
1079 4862 1109 4916 et
1117 4853 1280 4916 essentiam
1290 4853 1446 4929 volebant,
1460 4858 1494 4913 ut
1503 4870 1539 4912 eo
1549 4869 1703 4927 concesso,

110 4948 217 5029 inqua
238 4971 310 5012 eum
333 4953 406 5013 solis
431 4954 609 5015 hominihus
629 4953 781 5028 convenit,
805 4951 874 5013 aliae
928 4950 1080 5029 quidquid
1096 4949 1130 5009 in
1150 4948 1287 5028 personis
1308 4945 1486 5008 differentiae
1500 4948 1555 5017 est,
1571 4942 1604 5003 in
1617 4948 1706 5003 natu-

111 5041 271 5119 siagulares
284 5065 319 5107 ae
341 5048 472 5127 propriae
491 5067 562 5127 qua
581 5049 673 5109 illum
694 5048 733 5108 ab
748 5045 874 5125 reliquis
929 5042 1190 5104 ramoonlerrent.

111 5137 221 5209 generis
237 5138 425 5213 ejusdemne
441 5138 549 5201 formae
562 5147 716 5221 separant,
732 5140 817 5201 velut
830 5143 876 5199 est
968 5136 1023 5196 lll.
1037 5137 1148 5195 Contra
1159 5151 1238 5213 quos
1251 5150 1420 5211 eorumque
1429 5131 1601 5210 prinoipem
1615 5136 1705 5191 sectae
1738 5144 1880 5238 uonpffiim

110 5225 187 5287 lonae
210 5247 276 5290 esse
298 5231 410 5306 tilium,
429 5241 540 5293 natum
559 5233 741 5307 Bethsaida,
757 5236 876 5311 aposto
927 5236 958 5290 et
971 5228 1123 5309 opinionis
1137 5227 1323 5301 Eunonium,
1339 5243 1397 5305 par
1410 5224 1558 5284 eximium
1573 5224 1706 5284 fratrum
1754 5209 1818 5240 ‘⁰⁰¹¹
1859 5231 1866 5241 '

112 5318 169 5380 lum
179 5341 214 5383 ac
224 5323 316 5385 totius
327 5324 449 5404 mllegii
460 5326 642 5406 prinoipem,
654 5333 684 5388 et
693 5328 719 5388 si
730 5345 793 5405 qua
805 5330 876 5386 sunt
929 5323 1058 5384 Basilius
1075 5327 1106 5382 et
1117 5321 1282 5399 Gregorius
1295 5321 1451 5398 Nyssenus
1464 5316 1624 5378 luculenta
1639 5333 1706 5375 ora·

133 5515 142 5554 t
158 5516 249 5562 Aristot.
260 5514 394 5573 olncnpr,
409 5529 457 5572 cap.
473 5529 488 5564 ι.
