<?xml version="1.0" encoding="UTF-8"?>
<!DOCTYPE html PUBLIC "-//W3C//DTD XHTML 1.0 Transitional//EN"
    "http://www.w3.org/TR/xhtml1/DTD/xhtml1-transitional.dtd">
<html xmlns="http://www.w3.org/1999/xhtml" xml:lang="en" lang="en">
 <head>
  <title>
</title>
<meta http-equiv="Content-Type" content="text/html;charset=utf-8" />
  <meta name='ocr-system' content='tesseract 3.04.00' />
  <meta name='ocr-capabilities' content='ocr_page ocr_carea ocr_par ocr_line ocrx_word'/>
</head>
<body>
  <div class='ocr_page' id='page_1' title='image "./dogmatatheologi01goog/dogmatatheologi01goog_0630.png"; bbox 0 0 4096 6190; ppageno 0'>
   <div class='ocr_carea' id='block_1_1' title="bbox 405 330 1718 406">
    <p class='ocr_par' dir='ltr' id='par_1_1' title="bbox 405 330 1718 406">
     <span class='ocr_line' id='line_1_1' title="bbox 405 330 1718 406; baseline -0.001 -15"><span class='ocrx_word' id='word_1_1' title='bbox 405 332 455 391; x_wconf 87' lang='lat' dir='ltr'>DE</span> <span class='ocrx_word' id='word_1_2' title='bbox 475 330 550 392; x_wconf 85' lang='lat' dir='ltr'>DEO</span> <span class='ocrx_word' id='word_1_3' title='bbox 571 330 713 403; x_wconf 77' lang='lat' dir='ltr'>ostoun</span> <span class='ocrx_word' id='word_1_4' title='bbox 733 330 1075 405; x_wconf 62' lang='lat' dir='ltr'>Pnornla&#39;lnrfflus</span> <span class='ocrx_word' id='word_1_5' title='bbox 1098 330 1170 391; x_wconf 89' lang='lat' dir='ltr'>LlB.</span> <span class='ocrx_word' id='word_1_6' title='bbox 1195 332 1258 406; x_wconf 88' lang='lat' dir='ltr'>Vll,</span> <span class='ocrx_word' id='word_1_7' title='bbox 1282 331 1365 393; x_wconf 77' lang='lat' dir='ltr'><strong>CAP.</strong></span> <span class='ocrx_word' id='word_1_8' title='bbox 1389 333 1455 392; x_wconf 85' lang='lat' dir='ltr'>Vll.</span> <span class='ocrx_word' id='word_1_9' title='bbox 1665 333 1718 393; x_wconf 76' lang='grc'>1191</span> 
     </span>
    </p>
   </div>
   <div class='ocr_carea' id='block_1_2' title="bbox 128 493 1815 2420">
    <p class='ocr_par' dir='ltr' id='par_1_2' title="bbox 128 493 1815 2420">
     <span class='ocr_line' id='line_1_2' title="bbox 129 493 1723 577; baseline 0.003 -23"><span class='ocrx_word' id='word_1_10' title='bbox 129 493 253 555; x_wconf 87' lang='lat' dir='ltr'>homini</span> <span class='ocrx_word' id='word_1_11' title='bbox 264 512 414 574; x_wconf 82' lang='lat' dir='ltr'>apparere</span> <span class='ocrx_word' id='word_1_12' title='bbox 425 497 568 573; x_wconf 87' lang='lat' dir='ltr'>voluerit,</span> <span class='ocrx_word' id='word_1_13' title='bbox 586 496 665 557; x_wconf 86' lang='lat' dir='ltr'>nihil</span> <span class='ocrx_word' id='word_1_14' title='bbox 676 496 742 573; x_wconf 88' lang='lat' dir='ltr'>ejus</span> <span class='ocrx_word' id='word_1_15' title='bbox 753 495 904 556; x_wconf 89' lang='lat' dir='ltr'>voluntati</span> <span class='ocrx_word' id='word_1_16' title='bbox 953 497 1001 557; x_wconf 93' lang='lat' dir='ltr'>sui</span> <span class='ocrx_word' id='word_1_17' title='bbox 1015 497 1136 577; x_wconf 89' lang='lat' dir='ltr'>copiam</span> <span class='ocrx_word' id='word_1_18' title='bbox 1149 498 1260 574; x_wconf 85' lang='lat' dir='ltr'>facere,</span> <span class='ocrx_word' id='word_1_19' title='bbox 1277 499 1330 559; x_wconf 89' lang='lat' dir='ltr'>sed</span> <span class='ocrx_word' id='word_1_20' title='bbox 1339 498 1484 576; x_wconf 85' lang='lat' dir='ltr'>vulgaris,</span> <span class='ocrx_word' id='word_1_21' title='bbox 1504 502 1535 557; x_wconf 87' lang='lat' dir='ltr'>ct</span> <span class='ocrx_word' id='word_1_22' title='bbox 1548 498 1665 559; x_wconf 78' lang='lat' dir='ltr'>usitata</span> <span class='ocrx_word' id='word_1_23' title='bbox 1679 499 1723 559; x_wconf 89' lang='lat' dir='ltr'>la-</span> 
     </span>
     <span class='ocr_line' id='line_1_3' title="bbox 128 584 1725 668; baseline 0.002 -22"><span class='ocrx_word' id='word_1_24' title='bbox 128 584 369 665; x_wconf 63' lang='lat' dir='ltr'>refragaturss,n</span> <span class='ocrx_word' id='word_1_25' title='bbox 388 594 445 649; x_wconf 87' lang='lat' dir='ltr'>etc.</span> <span class='ocrx_word' id='word_1_26' title='bbox 476 588 603 663; x_wconf 81' lang='lat' dir='ltr'>Deleda,</span> <span class='ocrx_word' id='word_1_27' title='bbox 636 591 755 649; x_wconf 87' lang='lat' dir='ltr'>«Deum</span> <span class='ocrx_word' id='word_1_28' title='bbox 779 588 904 666; x_wconf 87' lang='lat' dir='ltr'>quidem</span> <span class='ocrx_word' id='word_1_29' title='bbox 954 590 1196 668; x_wconf 88' lang='lat' dir='ltr'>cultatis;quam</span> <span class='ocrx_word' id='word_1_30' title='bbox 1205 590 1322 651; x_wconf 87' lang='lat' dir='ltr'>habent</span> <span class='ocrx_word' id='word_1_31' title='bbox 1333 591 1427 650; x_wconf 89' lang='lat' dir='ltr'>etiam</span> <span class='ocrx_word' id='word_1_32' title='bbox 1435 590 1547 667; x_wconf 77' lang='lat' dir='ltr'>angeli,</span> <span class='ocrx_word' id='word_1_33' title='bbox 1569 591 1623 668; x_wconf 89' lang='lat' dir='ltr'>qui</span> <span class='ocrx_word' id='word_1_34' title='bbox 1633 590 1725 651; x_wconf 84' lang='lat' dir='ltr'>variis</span> 
     </span>
     <span class='ocr_line' id='line_1_4' title="bbox 128 677 1815 767; baseline 0.005 -32"><span class='ocrx_word' id='word_1_35' title='bbox 128 677 248 754; x_wconf 86' lang='lat' dir='ltr'>videre,</span> <span class='ocrx_word' id='word_1_36' title='bbox 264 680 399 741; x_wconf 82' lang='lat' dir='ltr'>maxime</span> <span class='ocrx_word' id='word_1_37' title='bbox 417 680 563 741; x_wconf 81' lang='lat' dir='ltr'>hrunanse</span> <span class='ocrx_word' id='word_1_38' title='bbox 583 686 704 741; x_wconf 76' lang='lat' dir='ltr'>natura</span> <span class='ocrx_word' id='word_1_39' title='bbox 718 680 905 759; x_wconf 84' lang='lat' dir='ltr'>impossihile</span> <span class='ocrx_word' id='word_1_40' title='bbox 954 682 1726 761; x_wconf 85' lang='lat' dir='ltr'>formisapparerepossnnt.Quamobrcminusitata</span> <span class='ocrx_word' id='word_1_41' title='bbox 1807 750 1815 767; x_wconf 26' lang='grc' dir='ltr'><em>ὑ</em></span> 
     </span>
     <span class='ocr_line' id='line_1_5' title="bbox 128 772 1726 854; baseline 0.002 -24"><span class='ocrx_word' id='word_1_42' title='bbox 128 776 195 845; x_wconf 81' lang='lat' dir='ltr'>est3</span> <span class='ocrx_word' id='word_1_43' title='bbox 218 788 320 850; x_wconf 90' lang='lat' dir='ltr'>neque</span> <span class='ocrx_word' id='word_1_44' title='bbox 339 772 423 852; x_wconf 89' lang='lat' dir='ltr'>quod</span> <span class='ocrx_word' id='word_1_45' title='bbox 446 773 575 851; x_wconf 76' lang='lat' dir='ltr'>visibile,</span> <span class='ocrx_word' id='word_1_46' title='bbox 598 778 644 834; x_wconf 99' lang='grc' dir='ltr'>θεῖ</span> <span class='ocrx_word' id='word_1_47' title='bbox 663 773 696 833; x_wconf 91' lang='lat' dir='ltr'>id</span> <span class='ocrx_word' id='word_1_48' title='bbox 715 772 831 833; x_wconf 88' lang='lat' dir='ltr'>intueri</span> <span class='ocrx_word' id='word_1_49' title='bbox 853 791 906 851; x_wconf 80' lang='lat' dir='ltr'>po</span> <span class='ocrx_word' id='word_1_50' title='bbox 955 775 1107 852; x_wconf 85' lang='lat' dir='ltr'>quaedam,</span> <span class='ocrx_word' id='word_1_51' title='bbox 1123 780 1153 834; x_wconf 87' lang='lat' dir='ltr'>et</span> <span class='ocrx_word' id='word_1_52' title='bbox 1167 779 1286 834; x_wconf 76' lang='lat' dir='ltr'>naturas</span> <span class='ocrx_word' id='word_1_53' title='bbox 1300 775 1380 835; x_wconf 87' lang='lat' dir='ltr'>vires</span> <span class='ocrx_word' id='word_1_54' title='bbox 1391 790 1587 854; x_wconf 85' lang='lat' dir='ltr'>supergressa</span> <span class='ocrx_word' id='word_1_55' title='bbox 1599 774 1726 835; x_wconf 80' lang='lat' dir='ltr'>visionis</span> 
     </span>
     <span class='ocr_line' id='line_1_6' title="bbox 128 864 1727 946; baseline 0.003 -23"><span class='ocrx_word' id='word_1_56' title='bbox 128 867 201 940; x_wconf 82' lang='lat' dir='ltr'>test,</span> <span class='ocrx_word' id='word_1_57' title='bbox 220 867 306 942; x_wconf 85' lang='lat' dir='ltr'>qnod</span> <span class='ocrx_word' id='word_1_58' title='bbox 325 871 372 925; x_wconf 88' lang='lat' dir='ltr'>est</span> <span class='ocrx_word' id='word_1_59' title='bbox 384 865 546 925; x_wconf 81' lang='lat' dir='ltr'>invisibile.</span> <span class='ocrx_word' id='word_1_60' title='bbox 569 866 630 925; x_wconf 87' lang='lat' dir='ltr'>Sed</span> <span class='ocrx_word' id='word_1_61' title='bbox 648 864 906 925; x_wconf 87' lang='lat' dir='ltr'>invisibilis-Deus</span> <span class='ocrx_word' id='word_1_62' title='bbox 955 865 998 925; x_wconf 91' lang='lat' dir='ltr'>ibi</span> <span class='ocrx_word' id='word_1_63' title='bbox 1007 868 1120 945; x_wconf 88' lang='lat' dir='ltr'>speeies</span> <span class='ocrx_word' id='word_1_64' title='bbox 1133 866 1245 945; x_wconf 86' lang='lat' dir='ltr'>agitur,</span> <span class='ocrx_word' id='word_1_65' title='bbox 1266 884 1360 945; x_wconf 87' lang='lat' dir='ltr'>quam</span> <span class='ocrx_word' id='word_1_66' title='bbox 1375 885 1431 945; x_wconf 92' lang='lat' dir='ltr'>pro</span> <span class='ocrx_word' id='word_1_67' title='bbox 1445 867 1660 945; x_wconf 85' lang='lat' dir='ltr'>magnitudine</span> <span class='ocrx_word' id='word_1_68' title='bbox 1674 884 1727 946; x_wconf 90' lang='lat' dir='ltr'>po·</span> 
     </span>
     <span class='ocr_line' id='line_1_7' title="bbox 128 956 1728 1037; baseline 0.002 -22"><span class='ocrx_word' id='word_1_69' title='bbox 128 972 188 1035; x_wconf 86' lang='lat' dir='ltr'>per</span> <span class='ocrx_word' id='word_1_70' title='bbox 215 956 456 1034; x_wconf 86' lang='lat' dir='ltr'>humanitatem,</span> <span class='ocrx_word' id='word_1_71' title='bbox 488 963 520 1019; x_wconf 91' lang='lat' dir='ltr'>et</span> <span class='ocrx_word' id='word_1_72' title='bbox 543 958 715 1037; x_wconf 87' lang='lat' dir='ltr'>potentiam</span> <span class='ocrx_word' id='word_1_73' title='bbox 742 975 841 1034; x_wconf 88' lang='lat' dir='ltr'>suam,</span> <span class='ocrx_word' id='word_1_74' title='bbox 874 957 906 1016; x_wconf 89' lang='lat' dir='ltr'>id</span> <span class='ocrx_word' id='word_1_75' title='bbox 954 959 1060 1018; x_wconf 76' lang='lat' dir='ltr'>tentia</span> <span class='ocrx_word' id='word_1_76' title='bbox 1088 977 1150 1018; x_wconf 76' lang='lat' dir='ltr'>suec</span> <span class='ocrx_word' id='word_1_77' title='bbox 1177 960 1257 1019; x_wconf 91' lang='lat' dir='ltr'>Deus</span> <span class='ocrx_word' id='word_1_78' title='bbox 1284 958 1441 1037; x_wconf 88' lang='lat' dir='ltr'>indulget;</span> <span class='ocrx_word' id='word_1_79' title='bbox 1470 958 1644 1036; x_wconf 88' lang='lat' dir='ltr'>cujusmodi</span> <span class='ocrx_word' id='word_1_80' title='bbox 1663 958 1728 1019; x_wconf 87' lang='lat' dir='ltr'>sola</span> 
     </span>
     <span class='ocr_line' id='line_1_8' title="bbox 129 1047 1727 1130; baseline 0.001 -23"><span class='ocrx_word' id='word_1_81' title='bbox 129 1048 217 1126; x_wconf 84' lang='lat' dir='ltr'>quod</span> <span class='ocrx_word' id='word_1_82' title='bbox 238 1047 431 1115; x_wconf 85' lang='lat' dir='ltr'>imbecillum</span> <span class='ocrx_word' id='word_1_83' title='bbox 451 1055 497 1110; x_wconf 90' lang='lat' dir='ltr'>est</span> <span class='ocrx_word' id='word_1_84' title='bbox 516 1048 730 1124; x_wconf 78' lang='lat' dir='ltr'>corroborans,</span> <span class='ocrx_word' id='word_1_85' title='bbox 758 1049 791 1109; x_wconf 90' lang='lat' dir='ltr'>id</span> <span class='ocrx_word' id='word_1_86' title='bbox 812 1048 841 1108; x_wconf 90' lang='lat' dir='ltr'>ei</span> <span class='ocrx_word' id='word_1_87' title='bbox 864 1048 907 1108; x_wconf 83' lang='lat' dir='ltr'>di·</span> <span class='ocrx_word' id='word_1_88' title='bbox 957 1068 1021 1110; x_wconf 89' lang='lat' dir='ltr'>esse</span> <span class='ocrx_word' id='word_1_89' title='bbox 1032 1056 1132 1129; x_wconf 91' lang='lat' dir='ltr'>potest</span> <span class='ocrx_word' id='word_1_90' title='bbox 1144 1051 1256 1110; x_wconf 82' lang='lat' dir='ltr'>divinrc</span> <span class='ocrx_word' id='word_1_91' title='bbox 1266 1051 1361 1130; x_wconf 89' lang='lat' dir='ltr'>ipsius</span> <span class='ocrx_word' id='word_1_92' title='bbox 1371 1051 1511 1111; x_wconf 87' lang='lat' dir='ltr'>essentiae</span> <span class='ocrx_word' id='word_1_93' title='bbox 1525 1050 1617 1126; x_wconf 90' lang='lat' dir='ltr'>clara,</span> <span class='ocrx_word' id='word_1_94' title='bbox 1635 1056 1727 1130; x_wconf 86' lang='lat' dir='ltr'>atque</span> 
     </span>
     <span class='ocr_line' id='line_1_9' title="bbox 129 1141 1728 1222; baseline 0.002 -22"><span class='ocrx_word' id='word_1_95' title='bbox 129 1146 248 1217; x_wconf 88' lang='lat' dir='ltr'>gnatur</span> <span class='ocrx_word' id='word_1_96' title='bbox 267 1141 446 1215; x_wconf 77' lang='lat' dir='ltr'>concedere,</span> <span class='ocrx_word' id='word_1_97' title='bbox 471 1147 507 1202; x_wconf 92' lang='lat' dir='ltr'>ut</span> <span class='ocrx_word' id='word_1_98' title='bbox 523 1143 607 1221; x_wconf 87' lang='lat' dir='ltr'>quod</span> <span class='ocrx_word' id='word_1_99' title='bbox 625 1148 671 1202; x_wconf 90' lang='lat' dir='ltr'>est</span> <span class='ocrx_word' id='word_1_100' title='bbox 692 1141 846 1201; x_wconf 82' lang='lat' dir='ltr'>invisibile</span> <span class='ocrx_word' id='word_1_101' title='bbox 865 1142 909 1201; x_wconf 93' lang='lat' dir='ltr'>vi·</span> <span class='ocrx_word' id='word_1_102' title='bbox 957 1142 1099 1203; x_wconf 74' lang='lat' dir='ltr'>distinma</span> <span class='ocrx_word' id='word_1_103' title='bbox 1123 1142 1277 1222; x_wconf 76' lang='lat' dir='ltr'>perceptio</span> <span class='ocrx_word' id='word_1_104' title='bbox 1302 1162 1308 1202; x_wconf 94' lang='lat'>:</span> <span class='ocrx_word' id='word_1_105' title='bbox 1332 1142 1457 1221; x_wconf 75' lang='lat' dir='ltr'>‹puelem</span> <span class='ocrx_word' id='word_1_106' title='bbox 1491 1143 1599 1221; x_wconf 90' lang='lat' dir='ltr'>utique</span> <span class='ocrx_word' id='word_1_107' title='bbox 1625 1142 1728 1222; x_wconf 85' lang='lat' dir='ltr'>angeli</span> 
     </span>
     <span class='ocr_line' id='line_1_10' title="bbox 131 1232 1726 1315; baseline 0.002 -23"><span class='ocrx_word' id='word_1_108' title='bbox 131 1232 217 1292; x_wconf 86' lang='lat' dir='ltr'>deat.</span> <span class='ocrx_word' id='word_1_109' title='bbox 234 1234 340 1308; x_wconf 88' lang='lat' dir='ltr'>Porro,</span> <span class='ocrx_word' id='word_1_110' title='bbox 356 1252 428 1294; x_wconf 90' lang='lat' dir='ltr'>cum</span> <span class='ocrx_word' id='word_1_111' title='bbox 437 1233 589 1294; x_wconf 87' lang='lat' dir='ltr'>invisibile</span> <span class='ocrx_word' id='word_1_112' title='bbox 603 1234 691 1309; x_wconf 88' lang='lat' dir='ltr'>illud,</span> <span class='ocrx_word' id='word_1_113' title='bbox 707 1238 737 1293; x_wconf 86' lang='lat' dir='ltr'>ct</span> <span class='ocrx_word' id='word_1_114' title='bbox 750 1233 909 1294; x_wconf 82' lang='lat' dir='ltr'>infinitum</span> <span class='ocrx_word' id='word_1_115' title='bbox 957 1233 1073 1295; x_wconf 88' lang='lat' dir='ltr'>habent</span> <span class='ocrx_word' id='word_1_116' title='bbox 1087 1235 1155 1315; x_wconf 90' lang='lat' dir='ltr'>ipsi,</span> <span class='ocrx_word' id='word_1_117' title='bbox 1171 1235 1224 1313; x_wconf 83' lang='lat' dir='ltr'>qui</span> <span class='ocrx_word' id='word_1_118' title='bbox 1245 1234 1300 1294; x_wconf 87' lang='lat' dir='ltr'>Dei</span> <span class='ocrx_word' id='word_1_119' title='bbox 1313 1234 1422 1294; x_wconf 87' lang='lat' dir='ltr'>faeiem</span> <span class='ocrx_word' id='word_1_120' title='bbox 1437 1234 1551 1295; x_wconf 89' lang='lat' dir='ltr'>intueri</span> <span class='ocrx_word' id='word_1_121' title='bbox 1569 1235 1726 1296; x_wconf 77' lang='lat' dir='ltr'>dicuntia.</span> 
     </span>
     <span class='ocr_line' id='line_1_11' title="bbox 131 1324 1727 1406; baseline 0.003 -21"><span class='ocrx_word' id='word_1_122' title='bbox 131 1325 253 1403; x_wconf 76' lang='lat' dir='ltr'>aspicit,</span> <span class='ocrx_word' id='word_1_123' title='bbox 267 1343 331 1385; x_wconf 89' lang='lat' dir='ltr'>non</span> <span class='ocrx_word' id='word_1_124' title='bbox 342 1326 420 1386; x_wconf 90' lang='lat' dir='ltr'>utin</span> <span class='ocrx_word' id='word_1_125' title='bbox 435 1344 466 1386; x_wconf 92' lang='lat' dir='ltr'>se</span> <span class='ocrx_word' id='word_1_126' title='bbox 475 1330 532 1401; x_wconf 88' lang='lat' dir='ltr'>est,</span> <span class='ocrx_word' id='word_1_127' title='bbox 547 1326 706 1386; x_wconf 87' lang='lat' dir='ltr'>infinitum</span> <span class='ocrx_word' id='word_1_128' title='bbox 719 1324 797 1385; x_wconf 91' lang='lat' dir='ltr'>illud</span> <span class='ocrx_word' id='word_1_129' title='bbox 805 1325 907 1400; x_wconf 90' lang='lat' dir='ltr'>videt;</span> <span class='ocrx_word' id='word_1_130' title='bbox 999 1326 1051 1387; x_wconf 89' lang='lat' dir='ltr'>lll.</span> <span class='ocrx_word' id='word_1_131' title='bbox 1069 1328 1233 1405; x_wconf 78' lang='lat' dir='ltr'>Gregorius</span> <span class='ocrx_word' id='word_1_132' title='bbox 1247 1326 1455 1387; x_wconf 73' lang='lat' dir='ltr'>Nazianzenus</span> <span class='ocrx_word' id='word_1_133' title='bbox 1464 1327 1609 1406; x_wconf 68' lang='lat' dir='ltr'>:oratione</span> <span class='ocrx_word' id='word_1_134' title='bbox 1622 1345 1727 1402; x_wconf 75' lang='lat' dir='ltr'>mm,</span> 
     </span>
     <span class='ocr_line' id='line_1_12' title="bbox 131 1415 1727 1497; baseline 0.003 -22"><span class='ocrx_word' id='word_1_135' title='bbox 131 1415 189 1476; x_wconf 89' lang='lat' dir='ltr'>sed</span> <span class='ocrx_word' id='word_1_136' title='bbox 202 1422 356 1494; x_wconf 78' lang='lat' dir='ltr'>quenhrm</span> <span class='ocrx_word' id='word_1_137' title='bbox 379 1417 455 1495; x_wconf 88' lang='lat' dir='ltr'>ejus,</span> <span class='ocrx_word' id='word_1_138' title='bbox 475 1418 559 1497; x_wconf 89' lang='lat' dir='ltr'>quod</span> <span class='ocrx_word' id='word_1_139' title='bbox 572 1417 761 1478; x_wconf 87' lang='lat' dir='ltr'>imbecillum</span> <span class='ocrx_word' id='word_1_140' title='bbox 782 1421 836 1491; x_wconf 88' lang='lat' dir='ltr'>est,</span> <span class='ocrx_word' id='word_1_141' title='bbox 857 1435 909 1477; x_wconf 89' lang='lat' dir='ltr'>na·</span> <span class='ocrx_word' id='word_1_142' title='bbox 960 1419 1056 1478; x_wconf 88' lang='lat' dir='ltr'>Deum</span> <span class='ocrx_word' id='word_1_143' title='bbox 1068 1419 1102 1477; x_wconf 91' lang='lat' dir='ltr'>in</span> <span class='ocrx_word' id='word_1_144' title='bbox 1116 1418 1204 1479; x_wconf 88' lang='lat' dir='ltr'>beata</span> <span class='ocrx_word' id='word_1_145' title='bbox 1227 1418 1281 1478; x_wconf 89' lang='lat' dir='ltr'>illa</span> <span class='ocrx_word' id='word_1_146' title='bbox 1291 1419 1354 1478; x_wconf 87' lang='lat' dir='ltr'>vite</span> <span class='ocrx_word' id='word_1_147' title='bbox 1368 1418 1458 1493; x_wconf 89' lang='lat' dir='ltr'>clare,</span> <span class='ocrx_word' id='word_1_148' title='bbox 1473 1425 1514 1493; x_wconf 90' lang='lat' dir='ltr'>et,</span> <span class='ocrx_word' id='word_1_149' title='bbox 1538 1420 1616 1481; x_wconf 89' lang='lat' dir='ltr'>utin</span> <span class='ocrx_word' id='word_1_150' title='bbox 1628 1438 1659 1481; x_wconf 89' lang='lat' dir='ltr'>se</span> <span class='ocrx_word' id='word_1_151' title='bbox 1671 1425 1727 1493; x_wconf 82' lang='lat' dir='ltr'>est,</span> 
     </span>
     <span class='ocr_line' id='line_1_13' title="bbox 133 1509 1730 1590; baseline 0.003 -22"><span class='ocrx_word' id='word_1_152' title='bbox 133 1514 208 1568; x_wconf 86' lang='lat' dir='ltr'>tura</span> <span class='ocrx_word' id='word_1_153' title='bbox 235 1526 343 1588; x_wconf 87' lang='lat' dir='ltr'>cepere</span> <span class='ocrx_word' id='word_1_154' title='bbox 369 1514 469 1588; x_wconf 87' lang='lat' dir='ltr'>potest</span> <span class='ocrx_word' id='word_1_155' title='bbox 498 1510 542 1570; x_wconf 88' lang='lat' dir='ltr'>ita</span> <span class='ocrx_word' id='word_1_156' title='bbox 569 1509 777 1583; x_wconf 90' lang='lat' dir='ltr'>corroborata,</span> <span class='ocrx_word' id='word_1_157' title='bbox 808 1514 843 1569; x_wconf 91' lang='lat' dir='ltr'>ut</span> <span class='ocrx_word' id='word_1_158' title='bbox 870 1509 909 1570; x_wconf 89' lang='lat' dir='ltr'>ed</span> <span class='ocrx_word' id='word_1_159' title='bbox 958 1510 1191 1571; x_wconf 85' lang='lat' dir='ltr'>visumirisntis</span> <span class='ocrx_word' id='word_1_160' title='bbox 1203 1515 1307 1590; x_wconf 88' lang='lat' dir='ltr'>aperte</span> <span class='ocrx_word' id='word_1_161' title='bbox 1319 1511 1491 1590; x_wconf 87' lang='lat' dir='ltr'>profitetur.</span> <span class='ocrx_word' id='word_1_162' title='bbox 1506 1512 1627 1573; x_wconf 86' lang='lat' dir='ltr'>Etenim</span> <span class='ocrx_word' id='word_1_163' title='bbox 1645 1533 1661 1569; x_wconf 78' lang='lat' dir='ltr'>a</span> <span class='ocrx_word' id='word_1_164' title='bbox 1673 1512 1730 1573; x_wconf 90' lang='lat' dir='ltr'>bu-</span> 
     </span>
     <span class='ocr_line' id='line_1_14' title="bbox 133 1599 1729 1683; baseline 0.004 -24"><span class='ocrx_word' id='word_1_165' title='bbox 133 1600 270 1680; x_wconf 89' lang='lat' dir='ltr'>potentis</span> <span class='ocrx_word' id='word_1_166' title='bbox 295 1599 377 1660; x_wconf 87' lang='lat' dir='ltr'>illius</span> <span class='ocrx_word' id='word_1_167' title='bbox 398 1601 541 1662; x_wconf 90' lang='lat' dir='ltr'>notitiam</span> <span class='ocrx_word' id='word_1_168' title='bbox 559 1602 733 1681; x_wconf 86' lang='lat' dir='ltr'>pertingere</span> <span class='ocrx_word' id='word_1_169' title='bbox 759 1599 906 1680; x_wconf 63' lang='lat' dir='ltr'>possint»</span> <span class='ocrx_word' id='word_1_170' title='bbox 959 1621 1053 1664; x_wconf 87' lang='lat' dir='ltr'>mene</span> <span class='ocrx_word' id='word_1_171' title='bbox 1074 1603 1277 1681; x_wconf 79' lang='lat' dir='ltr'>intelligentie</span> <span class='ocrx_word' id='word_1_172' title='bbox 1299 1606 1367 1682; x_wconf 85' lang='lat' dir='ltr'>capi</span> <span class='ocrx_word' id='word_1_173' title='bbox 1388 1622 1454 1663; x_wconf 92' lang='lat' dir='ltr'>non</span> <span class='ocrx_word' id='word_1_174' title='bbox 1475 1622 1572 1683; x_wconf 89' lang='lat' dir='ltr'>posse,</span> <span class='ocrx_word' id='word_1_175' title='bbox 1590 1622 1729 1683; x_wconf 88' lang='lat' dir='ltr'>eompre-</span> 
     </span>
     <span class='ocr_line' id='line_1_15' title="bbox 134 1692 1728 1775; baseline 0.003 -22"><span class='ocrx_word' id='word_1_176' title='bbox 134 1692 206 1771; x_wconf 88' lang='lat' dir='ltr'>Hic,</span> <span class='ocrx_word' id='word_1_177' title='bbox 226 1694 348 1754; x_wconf 80' lang='lat' dir='ltr'>umetsi</span> <span class='ocrx_word' id='word_1_178' title='bbox 367 1692 406 1754; x_wconf 88' lang='lat' dir='ltr'>do</span> <span class='ocrx_word' id='word_1_179' title='bbox 420 1693 473 1754; x_wconf 86' lang='lat' dir='ltr'>ills</span> <span class='ocrx_word' id='word_1_180' title='bbox 486 1694 542 1755; x_wconf 90' lang='lat' dir='ltr'>Dei</span> <span class='ocrx_word' id='word_1_181' title='bbox 554 1695 671 1754; x_wconf 84' lang='lat' dir='ltr'>visione</span> <span class='ocrx_word' id='word_1_182' title='bbox 686 1694 824 1772; x_wconf 86' lang='lat' dir='ltr'>loquitur</span> <span class='ocrx_word' id='word_1_183' title='bbox 837 1693 908 1772; x_wconf 89' lang='lat' dir='ltr'>Epi·</span> <span class='ocrx_word' id='word_1_184' title='bbox 959 1695 1114 1775; x_wconf 83' lang='lat' dir='ltr'>hendique</span> <span class='ocrx_word' id='word_1_185' title='bbox 1125 1698 1223 1756; x_wconf 89' lang='lat' dir='ltr'>Deum</span> <span class='ocrx_word' id='word_1_186' title='bbox 1232 1696 1321 1756; x_wconf 90' lang='lat' dir='ltr'>docet</span> <span class='ocrx_word' id='word_1_187' title='bbox 1331 1696 1494 1775; x_wconf 84' lang='lat' dir='ltr'>imprimis,</span> <span class='ocrx_word' id='word_1_188' title='bbox 1508 1712 1608 1775; x_wconf 87' lang='lat' dir='ltr'>neque</span> <span class='ocrx_word' id='word_1_189' title='bbox 1616 1701 1728 1772; x_wconf 88' lang='lat' dir='ltr'>totum,</span> 
     </span>
     <span class='ocr_line' id='line_1_16' title="bbox 134 1785 1731 1866; baseline 0.001 -19"><span class='ocrx_word' id='word_1_190' title='bbox 134 1785 281 1864; x_wconf 81' lang='lat' dir='ltr'>phanias,</span> <span class='ocrx_word' id='word_1_191' title='bbox 307 1804 376 1864; x_wconf 76' lang='lat' dir='ltr'>qua</span> <span class='ocrx_word' id='word_1_192' title='bbox 399 1785 573 1865; x_wconf 90' lang='lat' dir='ltr'>prophetis,</span> <span class='ocrx_word' id='word_1_193' title='bbox 598 1791 629 1847; x_wconf 90' lang='lat' dir='ltr'>et</span> <span class='ocrx_word' id='word_1_194' title='bbox 651 1785 832 1864; x_wconf 90' lang='lat' dir='ltr'>patriarchis</span> <span class='ocrx_word' id='word_1_195' title='bbox 856 1785 909 1845; x_wconf 88' lang='lat' dir='ltr'>tri·</span> <span class='ocrx_word' id='word_1_196' title='bbox 960 1794 1094 1866; x_wconf 85' lang='lat' dir='ltr'>qnenms</span> <span class='ocrx_word' id='word_1_197' title='bbox 1121 1794 1181 1863; x_wconf 87' lang='lat' dir='ltr'>est,</span> <span class='ocrx_word' id='word_1_198' title='bbox 1211 1788 1336 1866; x_wconf 85' lang='lat' dir='ltr'>eogitari</span> <span class='ocrx_word' id='word_1_199' title='bbox 1352 1807 1388 1848; x_wconf 89' lang='lat' dir='ltr'>ac</span> <span class='ocrx_word' id='word_1_200' title='bbox 1408 1794 1512 1849; x_wconf 89' lang='lat' dir='ltr'>mente</span> <span class='ocrx_word' id='word_1_201' title='bbox 1539 1789 1680 1850; x_wconf 83' lang='lat' dir='ltr'>describi.</span> <span class='ocrx_word' id='word_1_202' title='bbox 1697 1789 1731 1849; x_wconf 88' lang='lat' dir='ltr'>ld</span> 
     </span>
     <span class='ocr_line' id='line_1_17' title="bbox 134 1876 1732 1960; baseline 0.003 -22"><span class='ocrx_word' id='word_1_203' title='bbox 134 1876 213 1938; x_wconf 89' lang='lat' dir='ltr'>bnta</span> <span class='ocrx_word' id='word_1_204' title='bbox 222 1878 344 1956; x_wconf 88' lang='lat' dir='ltr'>legitur,</span> <span class='ocrx_word' id='word_1_205' title='bbox 358 1878 577 1957; x_wconf 89' lang='lat' dir='ltr'>quodminime</span> <span class='ocrx_word' id='word_1_206' title='bbox 586 1896 658 1939; x_wconf 90' lang='lat' dir='ltr'>eum</span> <span class='ocrx_word' id='word_1_207' title='bbox 667 1877 734 1938; x_wconf 89' lang='lat' dir='ltr'>aliis</span> <span class='ocrx_word' id='word_1_208' title='bbox 745 1877 910 1957; x_wconf 77' lang='lat' dir='ltr'>Scriptura</span> <span class='ocrx_word' id='word_1_209' title='bbox 960 1887 1064 1942; x_wconf 89' lang='lat' dir='ltr'>eutem</span> <span class='ocrx_word' id='word_1_210' title='bbox 1090 1880 1282 1941; x_wconf 87' lang='lat' dir='ltr'>noninvidia</span> <span class='ocrx_word' id='word_1_211' title='bbox 1295 1879 1378 1940; x_wconf 89' lang='lat' dir='ltr'>illius</span> <span class='ocrx_word' id='word_1_212' title='bbox 1391 1880 1490 1955; x_wconf 48' lang='lat' dir='ltr'>fierit</span> <span class='ocrx_word' id='word_1_213' title='bbox 1521 1900 1623 1960; x_wconf 75' lang='lat' dir='ltr'>oquae</span> <span class='ocrx_word' id='word_1_214' title='bbox 1646 1880 1732 1942; x_wconf 76' lang='lat' dir='ltr'>utilia</span> 
     </span>
     <span class='ocr_line' id='line_1_18' title="bbox 135 1969 1731 2053; baseline 0.003 -24"><span class='ocrx_word' id='word_1_215' title='bbox 135 1969 212 2031; x_wconf 88' lang='lat' dir='ltr'>locis</span> <span class='ocrx_word' id='word_1_216' title='bbox 237 1989 377 2051; x_wconf 87' lang='lat' dir='ltr'>pugnare</span> <span class='ocrx_word' id='word_1_217' title='bbox 400 1970 600 2037; x_wconf 87' lang='lat' dir='ltr'>demonstrat,</span> <span class='ocrx_word' id='word_1_218' title='bbox 631 1970 665 2029; x_wconf 93' lang='lat' dir='ltr'>in</span> <span class='ocrx_word' id='word_1_219' title='bbox 693 1969 805 2048; x_wconf 86' lang='lat' dir='ltr'>quibus</span> <span class='ocrx_word' id='word_1_220' title='bbox 831 1971 911 2031; x_wconf 88' lang='lat' dir='ltr'>Deus</span> <span class='ocrx_word' id='word_1_221' title='bbox 960 1973 1033 2033; x_wconf 91' lang='lat' dir='ltr'>insit</span> <span class='ocrx_word' id='word_1_222' title='bbox 1041 1973 1119 2053; x_wconf 82' lang='lat' dir='ltr'>ipsl3</span> <span class='ocrx_word' id='word_1_223' title='bbox 1135 1973 1239 2034; x_wconf 85' lang='lat' dir='ltr'>sedne</span> <span class='ocrx_word' id='word_1_224' title='bbox 1262 1972 1389 2033; x_wconf 80' lang='lat' dir='ltr'>facilites</span> <span class='ocrx_word' id='word_1_225' title='bbox 1402 1973 1469 2052; x_wconf 90' lang='lat' dir='ltr'>ipsa</span> <span class='ocrx_word' id='word_1_226' title='bbox 1491 1972 1604 2032; x_wconf 76' lang='lat' dir='ltr'>dlvinas</span> <span class='ocrx_word' id='word_1_227' title='bbox 1618 1973 1731 2053; x_wconf 87' lang='lat' dir='ltr'>adipis·</span> 
     </span>
     <span class='ocr_line' id='line_1_19' title="bbox 136 2061 1729 2143; baseline 0.001 -22"><span class='ocrx_word' id='word_1_228' title='bbox 136 2063 238 2123; x_wconf 91' lang='lat' dir='ltr'>videri</span> <span class='ocrx_word' id='word_1_229' title='bbox 260 2082 325 2123; x_wconf 91' lang='lat' dir='ltr'>non</span> <span class='ocrx_word' id='word_1_230' title='bbox 350 2080 439 2142; x_wconf 86' lang='lat' dir='ltr'>posse</span> <span class='ocrx_word' id='word_1_231' title='bbox 469 2061 598 2139; x_wconf 86' lang='lat' dir='ltr'>dicitur,</span> <span class='ocrx_word' id='word_1_232' title='bbox 623 2080 660 2122; x_wconf 90' lang='lat' dir='ltr'>eo</span> <span class='ocrx_word' id='word_1_233' title='bbox 688 2062 772 2141; x_wconf 88' lang='lat' dir='ltr'>quod</span> <span class='ocrx_word' id='word_1_234' title='bbox 799 2066 912 2123; x_wconf 86' lang='lat' dir='ltr'>natura</span> <span class='ocrx_word' id='word_1_235' title='bbox 961 2065 1065 2126; x_wconf 84' lang='lat' dir='ltr'>eendte</span> <span class='ocrx_word' id='word_1_236' title='bbox 1092 2063 1275 2143; x_wconf 76' lang='lat' dir='ltr'>cognitionis</span> <span class='ocrx_word' id='word_1_237' title='bbox 1300 2064 1491 2143; x_wconf 76' lang='lat' dir='ltr'>negligentes</span> <span class='ocrx_word' id='word_1_238' title='bbox 1518 2082 1575 2124; x_wconf 89' lang='lat' dir='ltr'>nos</span> <span class='ocrx_word' id='word_1_239' title='bbox 1598 2064 1729 2126; x_wconf 85' lang='lat' dir='ltr'>faceret:</span> 
     </span>
     <span class='ocr_line' id='line_1_20' title="bbox 135 2153 1733 2236; baseline 0 -21"><span class='ocrx_word' id='word_1_240' title='bbox 135 2153 265 2234; x_wconf 78' lang='lat' dir='ltr'>qttidem</span> <span class='ocrx_word' id='word_1_241' title='bbox 279 2173 335 2215; x_wconf 80' lang='lat' dir='ltr'>sire</span> <span class='ocrx_word' id='word_1_242' title='bbox 347 2153 577 2232; x_wconf 78' lang='lat' dir='ltr'>invisibilisest,</span> <span class='ocrx_word' id='word_1_243' title='bbox 595 2160 702 2214; x_wconf 90' lang='lat' dir='ltr'>tamen</span> <span class='ocrx_word' id='word_1_244' title='bbox 715 2153 749 2213; x_wconf 90' lang='lat' dir='ltr'>in</span> <span class='ocrx_word' id='word_1_245' title='bbox 762 2158 911 2233; x_wconf 85' lang='lat' dir='ltr'>potestate</span> <span class='ocrx_word' id='word_1_246' title='bbox 961 2162 1030 2217; x_wconf 92' lang='lat' dir='ltr'>tum</span> <span class='ocrx_word' id='word_1_247' title='bbox 1052 2175 1104 2229; x_wconf 91' lang='lat' dir='ltr'>ne,</span> <span class='ocrx_word' id='word_1_248' title='bbox 1137 2155 1277 2217; x_wconf 89' lang='lat' dir='ltr'>similiter</span> <span class='ocrx_word' id='word_1_249' title='bbox 1302 2174 1337 2218; x_wconf 91' lang='lat' dir='ltr'>ac</span> <span class='ocrx_word' id='word_1_250' title='bbox 1357 2156 1500 2235; x_wconf 86' lang='lat' dir='ltr'>princeps</span> <span class='ocrx_word' id='word_1_251' title='bbox 1527 2155 1579 2216; x_wconf 90' lang='lat' dir='ltr'>ille</span> <span class='ocrx_word' id='word_1_252' title='bbox 1602 2156 1733 2236; x_wconf 80' lang='lat' dir='ltr'>angelici</span> 
     </span>
     <span class='ocr_line' id='line_1_21' title="bbox 135 2245 1735 2329; baseline 0.003 -23"><span class='ocrx_word' id='word_1_253' title='bbox 135 2246 441 2321; x_wconf 83' lang='lat' dir='ltr'>habetntvideatur3</span> <span class='ocrx_word' id='word_1_254' title='bbox 454 2245 505 2306; x_wconf 80' lang='lat' dir='ltr'>vel</span> <span class='ocrx_word' id='word_1_255' title='bbox 518 2246 744 2307; x_wconf 81' lang='lat' dir='ltr'>utAmbrosius</span> <span class='ocrx_word' id='word_1_256' title='bbox 757 2245 907 2324; x_wconf 85' lang='lat' dir='ltr'>loquitur,</span> <span class='ocrx_word' id='word_1_257' title='bbox 961 2249 1078 2309; x_wconf 85' lang='lat' dir='ltr'>ordinis</span> <span class='ocrx_word' id='word_1_258' title='bbox 1102 2248 1221 2309; x_wconf 85' lang='lat' dir='ltr'>Lucifer</span> <span class='ocrx_word' id='word_1_259' title='bbox 1259 2247 1402 2328; x_wconf 88' lang='lat' dir='ltr'>superbie</span> <span class='ocrx_word' id='word_1_260' title='bbox 1421 2247 1521 2308; x_wconf 87' lang='lat' dir='ltr'>inflati</span> <span class='ocrx_word' id='word_1_261' title='bbox 1542 2247 1578 2307; x_wconf 89' lang='lat' dir='ltr'>in</span> <span class='ocrx_word' id='word_1_262' title='bbox 1597 2264 1735 2329; x_wconf 72' lang='lat' dir='ltr'>praeceps</span> 
     </span>
     <span class='ocr_line' id='line_1_22' title="bbox 140 2338 1733 2420; baseline 0.005 -27"><span class='ocrx_word' id='word_1_263' title='bbox 140 2360 157 2394; x_wconf 71' lang='grc' dir='ltr'>(ν</span> <span class='ocrx_word' id='word_1_264' title='bbox 169 2340 206 2399; x_wconf 90' lang='lat' dir='ltr'>ln</span> <span class='ocrx_word' id='word_1_265' title='bbox 218 2344 368 2418; x_wconf 84' lang='lat' dir='ltr'>potestate</span> <span class='ocrx_word' id='word_1_266' title='bbox 380 2344 487 2399; x_wconf 86' lang='lat' dir='ltr'>nostra</span> <span class='ocrx_word' id='word_1_267' title='bbox 500 2357 565 2398; x_wconf 88' lang='lat' dir='ltr'>non</span> <span class='ocrx_word' id='word_1_268' title='bbox 580 2342 626 2398; x_wconf 91' lang='lat' dir='ltr'>est</span> <span class='ocrx_word' id='word_1_269' title='bbox 640 2356 713 2398; x_wconf 90' lang='lat' dir='ltr'>eum</span> <span class='ocrx_word' id='word_1_270' title='bbox 725 2339 842 2414; x_wconf 88' lang='lat' dir='ltr'>videre,</span> <span class='ocrx_word' id='word_1_271' title='bbox 859 2339 912 2399; x_wconf 90' lang='lat' dir='ltr'>sed</span> <span class='ocrx_word' id='word_1_272' title='bbox 962 2356 1136 2420; x_wconf 86' lang='lat' dir='ltr'>ageremur.</span> <span class='ocrx_word' id='word_1_273' title='bbox 1160 2340 1204 2401; x_wconf 82' lang='lat' dir='ltr'>Ac</span> <span class='ocrx_word' id='word_1_274' title='bbox 1217 2339 1362 2418; x_wconf 88' lang='lat' dir='ltr'>denique,</span> <span class='ocrx_word' id='word_1_275' title='bbox 1374 2345 1410 2399; x_wconf 89' lang='lat' dir='ltr'>ut</span> <span class='ocrx_word' id='word_1_276' title='bbox 1427 2361 1443 2397; x_wconf 78' lang='lat' dir='ltr'>a</span> <span class='ocrx_word' id='word_1_277' title='bbox 1458 2338 1623 2419; x_wconf 75' lang='lat' dir='ltr'>premium</span> <span class='ocrx_word' id='word_1_278' title='bbox 1635 2340 1733 2419; x_wconf 89' lang='lat' dir='ltr'>qnod·</span> 
     </span>
    </p>
   </div>
   <div class='ocr_carea' id='block_1_3' title="bbox 136 2430 1857 2512">
    <p class='ocr_par' dir='ltr' id='par_1_3' title="bbox 136 2430 1857 2512">
     <span class='ocr_line' id='line_1_23' title="bbox 136 2430 1857 2512; baseline 0.001 -22"><span class='ocrx_word' id='word_1_279' title='bbox 136 2430 174 2490; x_wconf 86' lang='lat' dir='ltr'>in</span> <span class='ocrx_word' id='word_1_280' title='bbox 187 2437 336 2510; x_wconf 87' lang='lat' dir='ltr'>potestate</span> <span class='ocrx_word' id='word_1_281' title='bbox 356 2431 439 2491; x_wconf 91' lang='lat' dir='ltr'>illius</span> <span class='ocrx_word' id='word_1_282' title='bbox 459 2436 504 2491; x_wconf 91' lang='lat' dir='ltr'>cst</span> <span class='ocrx_word' id='word_1_283' title='bbox 518 2430 685 2510; x_wconf 89' lang='lat' dir='ltr'>spparere¹</span> <span class='ocrx_word' id='word_1_284' title='bbox 702 2451 735 2491; x_wconf 84' lang='lat' dir='ltr'>:n</span> <span class='ocrx_word' id='word_1_285' title='bbox 753 2430 823 2491; x_wconf 87' lang='lat' dir='ltr'>licet</span> <span class='ocrx_word' id='word_1_286' title='bbox 839 2448 911 2509; x_wconf 88' lang='lat' dir='ltr'>ergo</span> <span class='ocrx_word' id='word_1_287' title='bbox 962 2434 1035 2494; x_wconf 92' lang='lat' dir='ltr'>dam</span> <span class='ocrx_word' id='word_1_288' title='bbox 1059 2433 1192 2512; x_wconf 89' lang='lat' dir='ltr'>emplius</span> <span class='ocrx_word' id='word_1_289' title='bbox 1213 2451 1249 2492; x_wconf 90' lang='lat' dir='ltr'>ac</span> <span class='ocrx_word' id='word_1_290' title='bbox 1271 2432 1465 2511; x_wconf 74' lang='lat' dir='ltr'>prestantius</span> <span class='ocrx_word' id='word_1_291' title='bbox 1492 2432 1525 2491; x_wconf 91' lang='lat' dir='ltr'>in</span> <span class='ocrx_word' id='word_1_292' title='bbox 1548 2432 1612 2492; x_wconf 89' lang='lat' dir='ltr'>vite</span> <span class='ocrx_word' id='word_1_293' title='bbox 1630 2432 1735 2492; x_wconf 86' lang='lat' dir='ltr'>futura</span> <span class='ocrx_word' id='word_1_294' title='bbox 1849 2488 1857 2503; x_wconf 81' lang='grc'><strong>,</strong></span> 
     </span>
    </p>
   </div>
   <div class='ocr_carea' id='block_1_4' title="bbox 135 2523 1740 4261">
    <p class='ocr_par' dir='ltr' id='par_1_4' title="bbox 135 2523 1740 4261">
     <span class='ocr_line' id='line_1_24' title="bbox 136 2523 1736 2605; baseline 0.001 -21"><span class='ocrx_word' id='word_1_295' title='bbox 136 2524 179 2583; x_wconf 86' lang='lat' dir='ltr'>dc</span> <span class='ocrx_word' id='word_1_296' title='bbox 197 2523 279 2584; x_wconf 86' lang='lat' dir='ltr'>claro</span> <span class='ocrx_word' id='word_1_297' title='bbox 299 2524 354 2584; x_wconf 83' lang='lat' dir='ltr'>llei</span> <span class='ocrx_word' id='word_1_298' title='bbox 373 2523 490 2583; x_wconf 86' lang='lat' dir='ltr'>intuitu</span> <span class='ocrx_word' id='word_1_299' title='bbox 509 2523 611 2583; x_wconf 88' lang='lat' dir='ltr'>dicere</span> <span class='ocrx_word' id='word_1_300' title='bbox 634 2523 694 2583; x_wconf 89' lang='lat' dir='ltr'>ista</span> <span class='ocrx_word' id='word_1_301' title='bbox 707 2541 771 2583; x_wconf 90' lang='lat' dir='ltr'>non</span> <span class='ocrx_word' id='word_1_302' title='bbox 791 2523 913 2583; x_wconf 75' lang='lat' dir='ltr'>videtur</span> <span class='ocrx_word' id='word_1_303' title='bbox 962 2526 1093 2605; x_wconf 86' lang='lat' dir='ltr'>suscepti</span> <span class='ocrx_word' id='word_1_304' title='bbox 1116 2525 1241 2600; x_wconf 86' lang='lat' dir='ltr'>laboris,</span> <span class='ocrx_word' id='word_1_305' title='bbox 1269 2525 1401 2604; x_wconf 76' lang='lat' dir='ltr'>vitaque</span> <span class='ocrx_word' id='word_1_306' title='bbox 1425 2524 1554 2584; x_wconf 84' lang='lat' dir='ltr'>honeste</span> <span class='ocrx_word' id='word_1_307' title='bbox 1573 2529 1736 2586; x_wconf 78' lang='lat' dir='ltr'>transactas</span> 
     </span>
     <span class='ocr_line' id='line_1_25' title="bbox 136 2615 1735 2697; baseline 0.001 -21"><span class='ocrx_word' id='word_1_308' title='bbox 136 2615 341 2696; x_wconf 89' lang='lat' dir='ltr'>Epiphanius,</span> <span class='ocrx_word' id='word_1_309' title='bbox 358 2615 533 2693; x_wconf 88' lang='lat' dir='ltr'>cujusmodi</span> <span class='ocrx_word' id='word_1_310' title='bbox 547 2620 666 2675; x_wconf 89' lang='lat' dir='ltr'>constat</span> <span class='ocrx_word' id='word_1_311' title='bbox 680 2615 809 2675; x_wconf 90' lang='lat' dir='ltr'>minime</span> <span class='ocrx_word' id='word_1_312' title='bbox 823 2615 914 2695; x_wconf 91' lang='lat' dir='ltr'>adep-</span> <span class='ocrx_word' id='word_1_313' title='bbox 961 2618 1108 2695; x_wconf 86' lang='lat' dir='ltr'>habeant,</span> <span class='ocrx_word' id='word_1_314' title='bbox 1124 2617 1178 2697; x_wconf 89' lang='lat' dir='ltr'>qui</span> <span class='ocrx_word' id='word_1_315' title='bbox 1190 2617 1241 2676; x_wconf 91' lang='lat' dir='ltr'>hic</span> <span class='ocrx_word' id='word_1_316' title='bbox 1254 2617 1376 2696; x_wconf 88' lang='lat' dir='ltr'>purgati</span> <span class='ocrx_word' id='word_1_317' title='bbox 1389 2617 1515 2691; x_wconf 89' lang='lat' dir='ltr'>fucrint,</span> <span class='ocrx_word' id='word_1_318' title='bbox 1530 2621 1560 2675; x_wconf 89' lang='lat' dir='ltr'>et</span> <span class='ocrx_word' id='word_1_319' title='bbox 1573 2634 1641 2676; x_wconf 90' lang='lat' dir='ltr'>rem</span> <span class='ocrx_word' id='word_1_320' title='bbox 1655 2617 1735 2678; x_wconf 87' lang='lat' dir='ltr'>desi·</span> 
     </span>
     <span class='ocr_line' id='line_1_26' title="bbox 136 2707 1732 2789; baseline -0.002 -21"><span class='ocrx_word' id='word_1_321' title='bbox 136 2713 262 2769; x_wconf 84' lang='grc' dir='ltr'><strong>ῖοεθεεθ</strong></span> <span class='ocrx_word' id='word_1_322' title='bbox 275 2708 451 2787; x_wconf 86' lang='lat' dir='ltr'>prophetas,</span> <span class='ocrx_word' id='word_1_323' title='bbox 468 2713 574 2768; x_wconf 90' lang='lat' dir='ltr'>temen</span> <span class='ocrx_word' id='word_1_324' title='bbox 588 2707 677 2766; x_wconf 85' lang='lat' dir='ltr'>aliter</span> <span class='ocrx_word' id='word_1_325' title='bbox 689 2707 772 2766; x_wconf 87' lang='lat' dir='ltr'>illius</span> <span class='ocrx_word' id='word_1_326' title='bbox 786 2711 816 2765; x_wconf 91' lang='lat' dir='ltr'>et</span> <span class='ocrx_word' id='word_1_327' title='bbox 826 2724 913 2767; x_wconf 88' lang='lat' dir='ltr'>mens</span> <span class='ocrx_word' id='word_1_328' title='bbox 962 2711 1101 2770; x_wconf 82' lang='lat' dir='ltr'>daretem</span> <span class='ocrx_word' id='word_1_329' title='bbox 1134 2709 1319 2789; x_wconf 86' lang='lat' dir='ltr'>patientibus</span> <span class='ocrx_word' id='word_1_330' title='bbox 1352 2709 1463 2769; x_wconf 86' lang='lat' dir='ltr'>animis</span> <span class='ocrx_word' id='word_1_331' title='bbox 1493 2707 1691 2786; x_wconf 57' lang='lat' dir='ltr'>expectante.</span> <span class='ocrx_word' id='word_1_332' title='bbox 1717 2730 1732 2765; x_wconf 78' lang='lat' dir='ltr'>n</span> 
     </span>
     <span class='ocr_line' id='line_1_27' title="bbox 136 2799 1734 2878; baseline -0.001 -17"><span class='ocrx_word' id='word_1_333' title='bbox 136 2799 252 2874; x_wconf 84' lang='lat' dir='ltr'>habet,</span> <span class='ocrx_word' id='word_1_334' title='bbox 278 2805 309 2860; x_wconf 92' lang='lat' dir='ltr'>et</span> <span class='ocrx_word' id='word_1_335' title='bbox 333 2802 443 2861; x_wconf 85' lang='lat' dir='ltr'>oratio.</span> <span class='ocrx_word' id='word_1_336' title='bbox 472 2801 612 2860; x_wconf 88' lang='lat' dir='ltr'>Primum</span> <span class='ocrx_word' id='word_1_337' title='bbox 635 2800 720 2859; x_wconf 88' lang='lat' dir='ltr'>enim</span> <span class='ocrx_word' id='word_1_338' title='bbox 747 2799 913 2878; x_wconf 88' lang='lat' dir='ltr'>prophetes</span> <span class='ocrx_word' id='word_1_339' title='bbox 963 2802 1159 2863; x_wconf 76' lang='lat' dir='ltr'>Manifestum</span> <span class='ocrx_word' id='word_1_340' title='bbox 1180 2806 1235 2875; x_wconf 89' lang='lat' dir='ltr'>est,</span> <span class='ocrx_word' id='word_1_341' title='bbox 1252 2820 1290 2860; x_wconf 86' lang='lat' dir='ltr'>ex</span> <span class='ocrx_word' id='word_1_342' title='bbox 1304 2800 1433 2861; x_wconf 87' lang='lat' dir='ltr'>totailla</span> <span class='ocrx_word' id='word_1_343' title='bbox 1457 2799 1596 2859; x_wconf 87' lang='lat' dir='ltr'>oratione</span> <span class='ocrx_word' id='word_1_344' title='bbox 1619 2800 1734 2877; x_wconf 83' lang='lat' dir='ltr'>Grego-</span> 
     </span>
     <span class='ocr_line' id='line_1_28' title="bbox 137 2891 1736 2973; baseline -0.001 -20"><span class='ocrx_word' id='word_1_345' title='bbox 137 2893 301 2973; x_wconf 87' lang='lat' dir='ltr'>perspicue</span> <span class='ocrx_word' id='word_1_346' title='bbox 324 2893 463 2953; x_wconf 80' lang='lat' dir='ltr'>divinam</span> <span class='ocrx_word' id='word_1_347' title='bbox 483 2893 594 2952; x_wconf 87' lang='lat' dir='ltr'>vidisse</span> <span class='ocrx_word' id='word_1_348' title='bbox 610 2891 812 2951; x_wconf 85' lang='lat' dir='ltr'>substantiam</span> <span class='ocrx_word' id='word_1_349' title='bbox 830 2892 912 2951; x_wconf 88' lang='lat' dir='ltr'>arbi·</span> <span class='ocrx_word' id='word_1_350' title='bbox 962 2894 1045 2954; x_wconf 74' lang='lat' dir='ltr'>mum</span> <span class='ocrx_word' id='word_1_351' title='bbox 1074 2899 1218 2972; x_wconf 87' lang='lat' dir='ltr'>putasse,</span> <span class='ocrx_word' id='word_1_352' title='bbox 1257 2892 1343 2951; x_wconf 89' lang='lat' dir='ltr'>illam</span> <span class='ocrx_word' id='word_1_353' title='bbox 1375 2891 1473 2969; x_wconf 91' lang='lat' dir='ltr'>ipsam</span> <span class='ocrx_word' id='word_1_354' title='bbox 1495 2891 1661 2969; x_wconf 88' lang='lat' dir='ltr'>perfectam</span> <span class='ocrx_word' id='word_1_355' title='bbox 1683 2892 1736 2953; x_wconf 85' lang='lat' dir='ltr'>llei</span> 
     </span>
     <span class='ocr_line' id='line_1_29' title="bbox 136 2982 1737 3065; baseline -0.001 -20"><span class='ocrx_word' id='word_1_356' title='bbox 136 2991 251 3062; x_wconf 76' lang='lat' dir='ltr'>tratur,</span> <span class='ocrx_word' id='word_1_357' title='bbox 264 2985 680 3063; x_wconf 81' lang='lat' dir='ltr'>utctaliiquidamvetercs3</span> <span class='ocrx_word' id='word_1_358' title='bbox 692 2983 915 3043; x_wconf 89' lang='lat' dir='ltr'>deindcdoilla</span> <span class='ocrx_word' id='word_1_359' title='bbox 963 2985 1283 3065; x_wconf 87' lang='lat' dir='ltr'>comprehensionem,</span> <span class='ocrx_word' id='word_1_360' title='bbox 1310 2984 1367 3043; x_wconf 88' lang='lat' dir='ltr'>hoe</span> <span class='ocrx_word' id='word_1_361' title='bbox 1389 2989 1434 3043; x_wconf 89' lang='lat' dir='ltr'>cst</span> <span class='ocrx_word' id='word_1_362' title='bbox 1452 2983 1570 3043; x_wconf 88' lang='lat' dir='ltr'>clarum</span> <span class='ocrx_word' id='word_1_363' title='bbox 1590 2982 1644 3043; x_wconf 88' lang='lat' dir='ltr'>Dei</span> <span class='ocrx_word' id='word_1_364' title='bbox 1666 3002 1737 3043; x_wconf 90' lang='lat' dir='ltr'>con·</span> 
     </span>
     <span class='ocr_line' id='line_1_30' title="bbox 137 3074 1737 3157; baseline -0.001 -20"><span class='ocrx_word' id='word_1_365' title='bbox 137 3094 265 3157; x_wconf 78' lang='lat' dir='ltr'>qnoque</span> <span class='ocrx_word' id='word_1_366' title='bbox 291 3078 345 3138; x_wconf 87' lang='lat' dir='ltr'>llei</span> <span class='ocrx_word' id='word_1_367' title='bbox 369 3078 487 3136; x_wconf 91' lang='lat' dir='ltr'>visione</span> <span class='ocrx_word' id='word_1_368' title='bbox 510 3077 582 3154; x_wconf 84' lang='lat' dir='ltr'>agit,</span> <span class='ocrx_word' id='word_1_369' title='bbox 603 3094 664 3154; x_wconf 88' lang='lat' dir='ltr'>qua</span> <span class='ocrx_word' id='word_1_370' title='bbox 687 3074 796 3154; x_wconf 71' lang='lat' dir='ltr'>Anqett</span> <span class='ocrx_word' id='word_1_371' title='bbox 814 3074 914 3135; x_wconf 81' lang='lat' dir='ltr'>uident</span> <span class='ocrx_word' id='word_1_372' title='bbox 963 3084 1112 3157; x_wconf 87' lang='lat' dir='ltr'>spectum,</span> <span class='ocrx_word' id='word_1_373' title='bbox 1139 3094 1233 3155; x_wconf 90' lang='lat' dir='ltr'>quem</span> <span class='ocrx_word' id='word_1_374' title='bbox 1257 3075 1402 3135; x_wconf 75' lang='lat' dir='ltr'>huursnar</span> <span class='ocrx_word' id='word_1_375' title='bbox 1418 3081 1550 3150; x_wconf 85' lang='lat' dir='ltr'>naturae,</span> <span class='ocrx_word' id='word_1_376' title='bbox 1576 3080 1606 3134; x_wconf 89' lang='lat' dir='ltr'>ct</span> <span class='ocrx_word' id='word_1_377' title='bbox 1627 3075 1737 3136; x_wconf 84' lang='lat' dir='ltr'>inlelli-</span> 
     </span>
     <span class='ocr_line' id='line_1_31' title="bbox 135 3166 1737 3250; baseline -0.001 -21"><span class='ocrx_word' id='word_1_378' title='bbox 135 3169 246 3250; x_wconf 80' lang='lat' dir='ltr'>feciem</span> <span class='ocrx_word' id='word_1_379' title='bbox 269 3169 403 3245; x_wconf 83' lang='lat' dir='ltr'>Potris¹,</span> <span class='ocrx_word' id='word_1_380' title='bbox 429 3188 499 3247; x_wconf 73' lang='lat' dir='ltr'>quar</span> <span class='ocrx_word' id='word_1_381' title='bbox 517 3174 563 3229; x_wconf 88' lang='lat' dir='ltr'>est</span> <span class='ocrx_word' id='word_1_382' title='bbox 585 3167 676 3243; x_wconf 87' lang='lat' dir='ltr'>clare,</span> <span class='ocrx_word' id='word_1_383' title='bbox 701 3174 731 3228; x_wconf 89' lang='lat' dir='ltr'>ct</span> <span class='ocrx_word' id='word_1_384' title='bbox 754 3167 915 3228; x_wconf 83' lang='lat' dir='ltr'>mmiifesta</span> <span class='ocrx_word' id='word_1_385' title='bbox 963 3171 1074 3249; x_wconf 76' lang='lat' dir='ltr'>gantiae</span> <span class='ocrx_word' id='word_1_386' title='bbox 1089 3170 1206 3230; x_wconf 84' lang='lat' dir='ltr'>viribus</span> <span class='ocrx_word' id='word_1_387' title='bbox 1230 3170 1372 3245; x_wconf 84' lang='lat' dir='ltr'>denegat,</span> <span class='ocrx_word' id='word_1_388' title='bbox 1398 3186 1499 3246; x_wconf 83' lang='lat' dir='ltr'>neque</span> <span class='ocrx_word' id='word_1_389' title='bbox 1517 3166 1737 3246; x_wconf 87' lang='lat' dir='ltr'>impossibilem</span> 
     </span>
     <span class='ocr_line' id='line_1_32' title="bbox 136 3259 1737 3341; baseline -0.001 -19"><span class='ocrx_word' id='word_1_390' title='bbox 136 3262 311 3323; x_wconf 78' lang='lat' dir='ltr'>divinitatis</span> <span class='ocrx_word' id='word_1_391' title='bbox 336 3262 494 3341; x_wconf 86' lang='lat' dir='ltr'>inspectio.</span> <span class='ocrx_word' id='word_1_392' title='bbox 529 3264 628 3335; x_wconf 82' lang='lat' dir='ltr'>Quare</span> <span class='ocrx_word' id='word_1_393' title='bbox 651 3260 732 3319; x_wconf 85' lang='lat' dir='ltr'>hanc</span> <span class='ocrx_word' id='word_1_394' title='bbox 761 3260 854 3321; x_wconf 84' lang='lat' dir='ltr'>etiarn</span> <span class='ocrx_word' id='word_1_395' title='bbox 880 3260 914 3320; x_wconf 89' lang='lat' dir='ltr'>in</span> <span class='ocrx_word' id='word_1_396' title='bbox 963 3281 1039 3337; x_wconf 87' lang='lat' dir='ltr'>esse,</span> <span class='ocrx_word' id='word_1_397' title='bbox 1063 3268 1098 3322; x_wconf 91' lang='lat' dir='ltr'>ut</span> <span class='ocrx_word' id='word_1_398' title='bbox 1124 3282 1163 3322; x_wconf 88' lang='lat' dir='ltr'>ue</span> <span class='ocrx_word' id='word_1_399' title='bbox 1190 3263 1271 3322; x_wconf 84' lang='lat' dir='ltr'>lleus</span> <span class='ocrx_word' id='word_1_400' title='bbox 1292 3261 1418 3339; x_wconf 86' lang='lat' dir='ltr'>quidem</span> <span class='ocrx_word' id='word_1_401' title='bbox 1439 3260 1505 3338; x_wconf 88' lang='lat' dir='ltr'>ipse</span> <span class='ocrx_word' id='word_1_402' title='bbox 1529 3259 1691 3338; x_wconf 91' lang='lat' dir='ltr'>impertiri,</span> <span class='ocrx_word' id='word_1_403' title='bbox 1712 3259 1737 3320; x_wconf 87' lang='lat' dir='ltr'>si</span> 
     </span>
     <span class='ocr_line' id='line_1_33' title="bbox 137 3350 1738 3434; baseline -0.002 -19"><span class='ocrx_word' id='word_1_404' title='bbox 137 3360 291 3434; x_wconf 81' lang='lat' dir='ltr'>potestate</span> <span class='ocrx_word' id='word_1_405' title='bbox 313 3373 378 3415; x_wconf 88' lang='lat' dir='ltr'>csse</span> <span class='ocrx_word' id='word_1_406' title='bbox 407 3353 462 3413; x_wconf 84' lang='lat' dir='ltr'>llci</span> <span class='ocrx_word' id='word_1_407' title='bbox 488 3372 551 3413; x_wconf 88' lang='lat' dir='ltr'>non</span> <span class='ocrx_word' id='word_1_408' title='bbox 572 3353 686 3427; x_wconf 87' lang='lat' dir='ltr'>minus,</span> <span class='ocrx_word' id='word_1_409' title='bbox 718 3370 812 3431; x_wconf 87' lang='lat' dir='ltr'>quam</span> <span class='ocrx_word' id='word_1_410' title='bbox 835 3352 912 3431; x_wconf 84' lang='lat' dir='ltr'>figu-</span> <span class='ocrx_word' id='word_1_411' title='bbox 961 3356 1045 3428; x_wconf 86' lang='lat' dir='ltr'>velit,</span> <span class='ocrx_word' id='word_1_412' title='bbox 1066 3354 1173 3433; x_wconf 88' lang='lat' dir='ltr'>possit,</span> <span class='ocrx_word' id='word_1_413' title='bbox 1188 3359 1219 3414; x_wconf 92' lang='lat' dir='ltr'>et</span> <span class='ocrx_word' id='word_1_414' title='bbox 1232 3354 1266 3413; x_wconf 93' lang='lat' dir='ltr'>in</span> <span class='ocrx_word' id='word_1_415' title='bbox 1279 3357 1395 3413; x_wconf 80' lang='lat' dir='ltr'>esterna</span> <span class='ocrx_word' id='word_1_416' title='bbox 1410 3352 1552 3412; x_wconf 88' lang='lat' dir='ltr'>felicitate</span> <span class='ocrx_word' id='word_1_417' title='bbox 1573 3352 1695 3431; x_wconf 81' lang='lat' dir='ltr'>praemii</span> <span class='ocrx_word' id='word_1_418' title='bbox 1706 3350 1738 3412; x_wconf 91' lang='lat' dir='ltr'>id</span> 
     </span>
     <span class='ocr_line' id='line_1_34' title="bbox 138 3444 1738 3524; baseline -0.003 -17"><span class='ocrx_word' id='word_1_419' title='bbox 138 3458 242 3507; x_wconf 86' lang='lat' dir='ltr'>ratem</span> <span class='ocrx_word' id='word_1_420' title='bbox 268 3447 354 3507; x_wconf 91' lang='lat' dir='ltr'>illam</span> <span class='ocrx_word' id='word_1_421' title='bbox 379 3445 657 3524; x_wconf 86' lang='lat' dir='ltr'>adumbratamque</span> <span class='ocrx_word' id='word_1_422' title='bbox 689 3445 819 3505; x_wconf 90' lang='lat' dir='ltr'>credidit</span> <span class='ocrx_word' id='word_1_423' title='bbox 846 3445 914 3524; x_wconf 89' lang='lat' dir='ltr'>Epi·</span> <span class='ocrx_word' id='word_1_424' title='bbox 961 3446 1136 3524; x_wconf 87' lang='lat' dir='ltr'>locojustis,</span> <span class='ocrx_word' id='word_1_425' title='bbox 1153 3465 1188 3507; x_wconf 91' lang='lat' dir='ltr'>ae</span> <span class='ocrx_word' id='word_1_426' title='bbox 1209 3445 1321 3506; x_wconf 76' lang='lat' dir='ltr'>mactis</span> <span class='ocrx_word' id='word_1_427' title='bbox 1338 3464 1403 3505; x_wconf 86' lang='lat' dir='ltr'>esse</span> <span class='ocrx_word' id='word_1_428' title='bbox 1426 3444 1638 3504; x_wconf 88' lang='lat' dir='ltr'>tribuendum.</span> <span class='ocrx_word' id='word_1_429' title='bbox 1661 3445 1738 3503; x_wconf 81' lang='lat' dir='ltr'>Nara</span> 
     </span>
     <span class='ocr_line' id='line_1_35' title="bbox 138 3536 1740 3617; baseline -0.001 -20"><span class='ocrx_word' id='word_1_430' title='bbox 138 3537 286 3617; x_wconf 86' lang='lat' dir='ltr'>phanias.</span> <span class='ocrx_word' id='word_1_431' title='bbox 299 3539 364 3599; x_wconf 92' lang='lat' dir='ltr'>lmo</span> <span class='ocrx_word' id='word_1_432' title='bbox 377 3538 415 3599; x_wconf 90' lang='lat' dir='ltr'>de</span> <span class='ocrx_word' id='word_1_433' title='bbox 430 3538 483 3599; x_wconf 91' lang='lat' dir='ltr'>illo</span> <span class='ocrx_word' id='word_1_434' title='bbox 498 3539 611 3617; x_wconf 87' lang='lat' dir='ltr'>potius,</span> <span class='ocrx_word' id='word_1_435' title='bbox 628 3536 771 3617; x_wconf 85' lang='lat' dir='ltr'>quamde</span> <span class='ocrx_word' id='word_1_436' title='bbox 784 3537 843 3596; x_wconf 90' lang='lat' dir='ltr'>isto</span> <span class='ocrx_word' id='word_1_437' title='bbox 860 3537 914 3596; x_wconf 82' lang='lat' dir='ltr'>bei</span> <span class='ocrx_word' id='word_1_438' title='bbox 961 3541 1154 3617; x_wconf 88' lang='lat' dir='ltr'>inpotestate</span> <span class='ocrx_word' id='word_1_439' title='bbox 1177 3556 1242 3599; x_wconf 88' lang='lat' dir='ltr'>esse</span> <span class='ocrx_word' id='word_1_440' title='bbox 1256 3537 1310 3598; x_wconf 86' lang='lat' dir='ltr'>Dei</span> <span class='ocrx_word' id='word_1_441' title='bbox 1336 3536 1503 3597; x_wconf 89' lang='lat' dir='ltr'>confitetur</span> <span class='ocrx_word' id='word_1_442' title='bbox 1523 3536 1613 3596; x_wconf 83' lang='lat' dir='ltr'>ibam</span> <span class='ocrx_word' id='word_1_443' title='bbox 1632 3552 1740 3597; x_wconf 89' lang='lat' dir='ltr'>couce-</span> 
     </span>
     <span class='ocr_line' id='line_1_36' title="bbox 139 3627 1737 3710; baseline -0.001 -21"><span class='ocrx_word' id='word_1_444' title='bbox 139 3634 310 3710; x_wconf 88' lang='lat' dir='ltr'>conspeetu</span> <span class='ocrx_word' id='word_1_445' title='bbox 334 3630 418 3709; x_wconf 86' lang='lat' dir='ltr'>loqui</span> <span class='ocrx_word' id='word_1_446' title='bbox 436 3631 594 3710; x_wconf 88' lang='lat' dir='ltr'>putandus</span> <span class='ocrx_word' id='word_1_447' title='bbox 608 3632 663 3706; x_wconf 90' lang='lat' dir='ltr'>est,</span> <span class='ocrx_word' id='word_1_448' title='bbox 693 3628 733 3688; x_wconf 92' lang='lat' dir='ltr'>oh</span> <span class='ocrx_word' id='word_1_449' title='bbox 756 3646 825 3689; x_wconf 88' lang='lat' dir='ltr'>eam</span> <span class='ocrx_word' id='word_1_450' title='bbox 846 3647 914 3689; x_wconf 87' lang='lat' dir='ltr'>cau·</span> <span class='ocrx_word' id='word_1_451' title='bbox 963 3631 1053 3704; x_wconf 74' lang='lat' dir='ltr'>dere,</span> <span class='ocrx_word' id='word_1_452' title='bbox 1079 3630 1163 3709; x_wconf 88' lang='lat' dir='ltr'>quod</span> <span class='ocrx_word' id='word_1_453' title='bbox 1176 3630 1211 3690; x_wconf 90' lang='lat' dir='ltr'>in</span> <span class='ocrx_word' id='word_1_454' title='bbox 1226 3635 1376 3708; x_wconf 82' lang='lat' dir='ltr'>praesente</span> <span class='ocrx_word' id='word_1_455' title='bbox 1392 3629 1455 3689; x_wconf 87' lang='lat' dir='ltr'>vita</span> <span class='ocrx_word' id='word_1_456' title='bbox 1469 3646 1532 3688; x_wconf 90' lang='lat' dir='ltr'>non</span> <span class='ocrx_word' id='word_1_457' title='bbox 1554 3646 1592 3689; x_wconf 78' lang='lat' dir='ltr'>ea</span> <span class='ocrx_word' id='word_1_458' title='bbox 1611 3627 1737 3703; x_wconf 88' lang='lat' dir='ltr'>invidis,</span> 
     </span>
     <span class='ocr_line' id='line_1_37' title="bbox 139 3721 1738 3801; baseline -0.002 -18"><span class='ocrx_word' id='word_1_459' title='bbox 139 3739 221 3797; x_wconf 86' lang='lat' dir='ltr'>sam,</span> <span class='ocrx_word' id='word_1_460' title='bbox 245 3722 329 3801; x_wconf 86' lang='lat' dir='ltr'>quod</span> <span class='ocrx_word' id='word_1_461' title='bbox 351 3742 416 3782; x_wconf 91' lang='lat' dir='ltr'>non</span> <span class='ocrx_word' id='word_1_462' title='bbox 436 3727 598 3801; x_wconf 81' lang='lat' dir='ltr'>hintopcre</span> <span class='ocrx_word' id='word_1_463' title='bbox 620 3722 660 3781; x_wconf 88' lang='lat' dir='ltr'>ad</span> <span class='ocrx_word' id='word_1_464' title='bbox 687 3739 842 3781; x_wconf 86' lang='lat' dir='ltr'>summam</span> <span class='ocrx_word' id='word_1_465' title='bbox 861 3721 915 3781; x_wconf 86' lang='lat' dir='ltr'>llei</span> <span class='ocrx_word' id='word_1_466' title='bbox 964 3723 1016 3782; x_wconf 85' lang='lat' dir='ltr'>secl</span> <span class='ocrx_word' id='word_1_467' title='bbox 1030 3728 1135 3782; x_wconf 86' lang='lat' dir='ltr'>nostra</span> <span class='ocrx_word' id='word_1_468' title='bbox 1150 3741 1241 3782; x_wconf 86' lang='lat' dir='ltr'>causa</span> <span class='ocrx_word' id='word_1_469' title='bbox 1253 3722 1394 3781; x_wconf 83' lang='lat' dir='ltr'>nondum</span> <span class='ocrx_word' id='word_1_470' title='bbox 1401 3721 1491 3781; x_wconf 91' lang='lat' dir='ltr'>illum</span> <span class='ocrx_word' id='word_1_471' title='bbox 1500 3721 1738 3782; x_wconf 84' lang='lat' dir='ltr'>feceredemon-</span> 
     </span>
     <span class='ocr_line' id='line_1_38' title="bbox 141 3811 1738 3893; baseline -0.001 -20"><span class='ocrx_word' id='word_1_472' title='bbox 141 3815 314 3893; x_wconf 89' lang='lat' dir='ltr'>potentiam</span> <span class='ocrx_word' id='word_1_473' title='bbox 331 3813 572 3892; x_wconf 89' lang='lat' dir='ltr'>confugiendum</span> <span class='ocrx_word' id='word_1_474' title='bbox 584 3818 717 3893; x_wconf 88' lang='lat' dir='ltr'>putaret,</span> <span class='ocrx_word' id='word_1_475' title='bbox 734 3830 815 3891; x_wconf 88' lang='lat' dir='ltr'>qnae,</span> <span class='ocrx_word' id='word_1_476' title='bbox 832 3813 916 3891; x_wconf 89' lang='lat' dir='ltr'>quod</span> <span class='ocrx_word' id='word_1_477' title='bbox 964 3819 1049 3889; x_wconf 85' lang='lat' dir='ltr'>strat,</span> <span class='ocrx_word' id='word_1_478' title='bbox 1067 3820 1097 3874; x_wconf 89' lang='lat' dir='ltr'>et</span> <span class='ocrx_word' id='word_1_479' title='bbox 1111 3815 1212 3892; x_wconf 89' lang='lat' dir='ltr'>reipsa</span> <span class='ocrx_word' id='word_1_480' title='bbox 1227 3813 1376 3874; x_wconf 86' lang='lat' dir='ltr'>mercedis</span> <span class='ocrx_word' id='word_1_481' title='bbox 1389 3813 1457 3872; x_wconf 88' lang='lat' dir='ltr'>loeo</span> <span class='ocrx_word' id='word_1_482' title='bbox 1469 3813 1551 3873; x_wconf 88' lang='lat' dir='ltr'>istud</span> <span class='ocrx_word' id='word_1_483' title='bbox 1566 3830 1630 3873; x_wconf 87' lang='lat' dir='ltr'>esse</span> <span class='ocrx_word' id='word_1_484' title='bbox 1644 3811 1738 3890; x_wconf 90' lang='lat' dir='ltr'>largi·</span> 
     </span>
     <span class='ocr_line' id='line_1_39' title="bbox 140 3904 1739 3986; baseline -0.002 -20"><span class='ocrx_word' id='word_1_485' title='bbox 140 3910 257 3967; x_wconf 84' lang='lat' dir='ltr'>natura</span> <span class='ocrx_word' id='word_1_486' title='bbox 267 3908 332 3986; x_wconf 91' lang='lat' dir='ltr'>ipsa</span> <span class='ocrx_word' id='word_1_487' title='bbox 341 3924 406 3965; x_wconf 91' lang='lat' dir='ltr'>non</span> <span class='ocrx_word' id='word_1_488' title='bbox 418 3906 486 3982; x_wconf 85' lang='lat' dir='ltr'>fert,</span> <span class='ocrx_word' id='word_1_489' title='bbox 501 3907 533 3966; x_wconf 91' lang='lat' dir='ltr'>id</span> <span class='ocrx_word' id='word_1_490' title='bbox 542 3906 683 3966; x_wconf 85' lang='lat' dir='ltr'>absolute</span> <span class='ocrx_word' id='word_1_491' title='bbox 697 3905 728 3964; x_wconf 93' lang='lat' dir='ltr'>vi</span> <span class='ocrx_word' id='word_1_492' title='bbox 737 3904 917 3965; x_wconf 88' lang='lat' dir='ltr'>hominibus</span> <span class='ocrx_word' id='word_1_493' title='bbox 965 3911 1073 3966; x_wconf 90' lang='lat' dir='ltr'>turum</span> <span class='ocrx_word' id='word_1_494' title='bbox 1098 3906 1222 3980; x_wconf 82' lang='lat' dir='ltr'>asscrit3</span> <span class='ocrx_word' id='word_1_495' title='bbox 1249 3905 1337 3979; x_wconf 85' lang='lat' dir='ltr'>illud,</span> <span class='ocrx_word' id='word_1_496' title='bbox 1364 3905 1503 3982; x_wconf 86' lang='lat' dir='ltr'>inquam,</span> <span class='ocrx_word' id='word_1_497' title='bbox 1535 3904 1618 3983; x_wconf 89' lang='lat' dir='ltr'>quod</span> <span class='ocrx_word' id='word_1_498' title='bbox 1646 3904 1739 3983; x_wconf 91' lang='lat' dir='ltr'>paulo</span> 
     </span>
     <span class='ocr_line' id='line_1_40' title="bbox 141 3995 1738 4074; baseline -0.002 -15"><span class='ocrx_word' id='word_1_499' title='bbox 141 3998 337 4074; x_wconf 85' lang='lat' dir='ltr'>concederet,</span> <span class='ocrx_word' id='word_1_500' title='bbox 354 4002 390 4057; x_wconf 88' lang='lat' dir='ltr'>ut</span> <span class='ocrx_word' id='word_1_501' title='bbox 409 3997 595 4058; x_wconf 83' lang='lat' dir='ltr'>invisibilem</span> <span class='ocrx_word' id='word_1_502' title='bbox 611 3998 728 4058; x_wconf 89' lang='lat' dir='ltr'>videret</span> <span class='ocrx_word' id='word_1_503' title='bbox 747 3999 856 4057; x_wconf 86' lang='lat' dir='ltr'>Deum.</span> <span class='ocrx_word' id='word_1_504' title='bbox 873 3997 918 4057; x_wconf 86' lang='lat' dir='ltr'>Si·</span> <span class='ocrx_word' id='word_1_505' title='bbox 965 4003 1037 4057; x_wconf 88' lang='lat' dir='ltr'>ante</span> <span class='ocrx_word' id='word_1_506' title='bbox 1065 3997 1194 4073; x_wconf 80' lang='lat' dir='ltr'>dixerat,</span> <span class='ocrx_word' id='word_1_507' title='bbox 1224 3997 1363 4056; x_wconf 88' lang='lat' dir='ltr'>humana</span> <span class='ocrx_word' id='word_1_508' title='bbox 1374 3996 1569 4074; x_wconf 88' lang='lat' dir='ltr'>cogitatione,</span> <span class='ocrx_word' id='word_1_509' title='bbox 1584 4000 1614 4055; x_wconf 88' lang='lat' dir='ltr'>ct</span> <span class='ocrx_word' id='word_1_510' title='bbox 1625 3995 1738 4056; x_wconf 90' lang='lat' dir='ltr'>intelli-</span> 
     </span>
     <span class='ocr_line' id='line_1_41' title="bbox 141 4086 1738 4170; baseline 0.002 -25"><span class='ocrx_word' id='word_1_511' title='bbox 141 4090 271 4170; x_wconf 86' lang='lat' dir='ltr'>qnidem</span> <span class='ocrx_word' id='word_1_512' title='bbox 303 4108 367 4149; x_wconf 89' lang='lat' dir='ltr'>non</span> <span class='ocrx_word' id='word_1_513' title='bbox 397 4089 593 4168; x_wconf 78' lang='lat' dir='ltr'>amplissime</span> <span class='ocrx_word' id='word_1_514' title='bbox 624 4090 782 4168; x_wconf 85' lang='lat' dir='ltr'>potestatis</span> <span class='ocrx_word' id='word_1_515' title='bbox 808 4095 863 4164; x_wconf 89' lang='lat' dir='ltr'>est,</span> <span class='ocrx_word' id='word_1_516' title='bbox 889 4094 919 4149; x_wconf 89' lang='lat' dir='ltr'>et</span> <span class='ocrx_word' id='word_1_517' title='bbox 966 4089 1071 4166; x_wconf 89' lang='lat' dir='ltr'>gentia</span> <span class='ocrx_word' id='word_1_518' title='bbox 1094 4089 1161 4168; x_wconf 91' lang='lat' dir='ltr'>capi</span> <span class='ocrx_word' id='word_1_519' title='bbox 1181 4107 1246 4149; x_wconf 92' lang='lat' dir='ltr'>non</span> <span class='ocrx_word' id='word_1_520' title='bbox 1269 4107 1369 4167; x_wconf 86' lang='lat' dir='ltr'>posse,</span> <span class='ocrx_word' id='word_1_521' title='bbox 1395 4088 1545 4149; x_wconf 90' lang='lat' dir='ltr'>nimirum</span> <span class='ocrx_word' id='word_1_522' title='bbox 1572 4086 1619 4147; x_wconf 90' lang='lat' dir='ltr'>uti</span> <span class='ocrx_word' id='word_1_523' title='bbox 1644 4092 1738 4163; x_wconf 86' lang='lat' dir='ltr'>totus,</span> 
     </span>
     <span class='ocr_line' id='line_1_42' title="bbox 142 4179 1739 4261; baseline -0.002 -18"><span class='ocrx_word' id='word_1_524' title='bbox 142 4181 391 4261; x_wconf 74' lang='lat' dir='ltr'>omnipotentiae,</span> <span class='ocrx_word' id='word_1_525' title='bbox 408 4180 465 4240; x_wconf 88' lang='lat' dir='ltr'>sub</span> <span class='ocrx_word' id='word_1_526' title='bbox 476 4181 622 4259; x_wconf 78' lang='lat' dir='ltr'>imagine,</span> <span class='ocrx_word' id='word_1_527' title='bbox 634 4200 670 4241; x_wconf 90' lang='lat' dir='ltr'>ac</span> <span class='ocrx_word' id='word_1_528' title='bbox 681 4182 782 4259; x_wconf 89' lang='lat' dir='ltr'>figura</span> <span class='ocrx_word' id='word_1_529' title='bbox 795 4181 919 4241; x_wconf 89' lang='lat' dir='ltr'>videndi</span> <span class='ocrx_word' id='word_1_530' title='bbox 967 4187 1102 4261; x_wconf 82' lang='lat' dir='ltr'>quantus</span> <span class='ocrx_word' id='word_1_531' title='bbox 1113 4188 1158 4242; x_wconf 92' lang='lat' dir='ltr'>est</span> <span class='ocrx_word' id='word_1_532' title='bbox 1180 4181 1320 4242; x_wconf 89' lang='lat' dir='ltr'>videatur</span> <span class='ocrx_word' id='word_1_533' title='bbox 1335 4182 1426 4242; x_wconf 87' lang='lat' dir='ltr'>Deus.</span> <span class='ocrx_word' id='word_1_534' title='bbox 1443 4180 1532 4253; x_wconf 86' lang='lat' dir='ltr'>Quod</span> <span class='ocrx_word' id='word_1_535' title='bbox 1542 4179 1647 4241; x_wconf 86' lang='lat' dir='ltr'>habita</span> <span class='ocrx_word' id='word_1_536' title='bbox 1658 4198 1739 4240; x_wconf 84' lang='lat' dir='ltr'>scm-</span> 
     </span>
    </p>
   </div>
   <div class='ocr_carea' id='block_1_5' title="bbox 145 4483 1825 5391">
    <p class='ocr_par' dir='ltr' id='par_1_5' title="bbox 145 4483 1742 5060">
     <span class='ocr_line' id='line_1_43' title="bbox 183 4483 1741 4563; baseline -0.003 -16"><span class='ocrx_word' id='word_1_537' title='bbox 183 4508 205 4547; x_wconf 84' lang='lat' dir='ltr'>a</span> <span class='ocrx_word' id='word_1_538' title='bbox 223 4493 319 4548; x_wconf 74' lang='lat' dir='ltr'>lsmr.</span> <span class='ocrx_word' id='word_1_539' title='bbox 334 4496 412 4547; x_wconf 63' lang='lat' dir='ltr'>Hatr-</span> <span class='ocrx_word' id='word_1_540' title='bbox 430 4505 492 4554; x_wconf 81' lang='grc'>1111,</span> <span class='ocrx_word' id='word_1_541' title='bbox 513 4503 564 4543; x_wconf 86' lang='grc'>1111.</span> <span class='ocrx_word' id='word_1_542' title='bbox 579 4486 606 4542; x_wconf 82' lang='grc'>’1.</span> <span class='ocrx_word' id='word_1_543' title='bbox 626 4486 673 4539; x_wconf 78' lang='lat' dir='ltr'>lta</span> <span class='ocrx_word' id='word_1_544' title='bbox 687 4488 725 4540; x_wconf 81' lang='grc' dir='ltr'>ὅτι</span> <span class='ocrx_word' id='word_1_545' title='bbox 736 4486 803 4559; x_wconf 60' lang='lat' dir='ltr'>pist</span> <span class='ocrx_word' id='word_1_546' title='bbox 818 4485 920 4559; x_wconf 77' lang='grc' dir='ltr'>ἀόρατος</span> <span class='ocrx_word' id='word_1_547' title='bbox 968 4490 1034 4553; x_wconf 74' lang='grc' dir='ltr'>ὅπως</span> <span class='ocrx_word' id='word_1_548' title='bbox 1048 4489 1087 4563; x_wconf 77' lang='grc' dir='ltr'>ἴδῃ</span> <span class='ocrx_word' id='word_1_549' title='bbox 1102 4490 1132 4543; x_wconf 80' lang='grc' dir='ltr'>τὺ</span> <span class='ocrx_word' id='word_1_550' title='bbox 1147 4488 1311 4562; x_wconf 59' lang='lat' dir='ltr'>&amp;cerronesi</span> <span class='ocrx_word' id='word_1_551' title='bbox 1321 4492 1335 4543; x_wconf 78' lang='lat' dir='ltr'>b</span> <span class='ocrx_word' id='word_1_552' title='bbox 1346 4483 1394 4543; x_wconf 80' lang='grc' dir='ltr'>εἶδε</span> <span class='ocrx_word' id='word_1_553' title='bbox 1409 4490 1438 4542; x_wconf 75' lang='grc' dir='ltr'>τὸ</span> <span class='ocrx_word' id='word_1_554' title='bbox 1453 4487 1557 4561; x_wconf 76' lang='grc' dir='ltr'>ἀόρατόν</span> <span class='ocrx_word' id='word_1_555' title='bbox 1572 4505 1608 4554; x_wconf 74' lang='grc' dir='ltr'>τε,</span> <span class='ocrx_word' id='word_1_556' title='bbox 1620 4488 1659 4543; x_wconf 73' lang='grc' dir='ltr'>καὶ</span> <span class='ocrx_word' id='word_1_557' title='bbox 1673 4490 1741 4545; x_wconf 77' lang='grc' dir='ltr'><strong>ἄπει·</strong></span> 
     </span>
     <span class='ocr_line' id='line_1_44' title="bbox 145 4568 1740 4645; baseline -0.003 -16"><span class='ocrx_word' id='word_1_558' title='bbox 145 4575 211 4638; x_wconf 72' lang='grc' dir='ltr'><strong>θεὸς,</strong></span> <span class='ocrx_word' id='word_1_559' title='bbox 224 4575 265 4628; x_wconf 74' lang='grc' dir='ltr'>καὶ</span> <span class='ocrx_word' id='word_1_560' title='bbox 279 4574 451 4641; x_wconf 75' lang='grc' dir='ltr'>ἀκατάληπτος</span> <span class='ocrx_word' id='word_1_561' title='bbox 464 4576 537 4624; x_wconf 79' lang='grc' dir='ltr'><strong>τοῦτο</strong></span> <span class='ocrx_word' id='word_1_562' title='bbox 565 4571 639 4636; x_wconf 79' lang='grc' dir='ltr'><strong>δῆλόν</strong></span> <span class='ocrx_word' id='word_1_563' title='bbox 656 4568 716 4633; x_wconf 80' lang='grc' dir='ltr'><strong>ἔστι,</strong></span> <span class='ocrx_word' id='word_1_564' title='bbox 730 4570 771 4622; x_wconf 78' lang='grc' dir='ltr'>καὶ</span> <span class='ocrx_word' id='word_1_565' title='bbox 793 4570 921 4643; x_wconf 64' lang='lat' dir='ltr'>ispalim·</span> <span class='ocrx_word' id='word_1_566' title='bbox 969 4594 1023 4645; x_wconf 82' lang='grc' dir='ltr'><strong>ρον,</strong></span> <span class='ocrx_word' id='word_1_567' title='bbox 1039 4573 1067 4627; x_wconf 79' lang='grc' dir='ltr'>οὗ</span> <span class='ocrx_word' id='word_1_568' title='bbox 1083 4575 1163 4636; x_wconf 79' lang='grc' dir='ltr'>καθὼς</span> <span class='ocrx_word' id='word_1_569' title='bbox 1171 4573 1229 4644; x_wconf 74' lang='grc' dir='ltr'>ἔσχε</span> <span class='ocrx_word' id='word_1_570' title='bbox 1239 4572 1267 4626; x_wconf 81' lang='grc' dir='ltr'>τὶν</span> <span class='ocrx_word' id='word_1_571' title='bbox 1282 4574 1391 4645; x_wconf 77' lang='grc' dir='ltr'>ἄπειρον,</span> <span class='ocrx_word' id='word_1_572' title='bbox 1412 4571 1469 4625; x_wconf 75' lang='grc' dir='ltr'>ἀλλ’</span> <span class='ocrx_word' id='word_1_573' title='bbox 1482 4573 1516 4633; x_wconf 81' lang='grc' dir='ltr'>ὡς</span> <span class='ocrx_word' id='word_1_574' title='bbox 1525 4571 1631 4639; x_wconf 73' lang='grc' dir='ltr'>ἠδύνατο</span> <span class='ocrx_word' id='word_1_575' title='bbox 1649 4576 1740 4645; x_wconf 76' lang='grc' dir='ltr'><strong>χωρεῖν</strong></span> 
     </span>
     <span class='ocr_line' id='line_1_45' title="bbox 146 4651 1742 4729; baseline -0.009 -16"><span class='ocrx_word' id='word_1_576' title='bbox 146 4678 199 4713; x_wconf 87' lang='grc' dir='ltr'>ται.</span> <span class='ocrx_word' id='word_1_577' title='bbox 215 4657 280 4711; x_wconf 76' lang='grc' dir='ltr'>ἀλλὰ</span> <span class='ocrx_word' id='word_1_578' title='bbox 294 4658 366 4710; x_wconf 80' lang='grc' dir='ltr'><strong>πάλιν</strong></span> <span class='ocrx_word' id='word_1_579' title='bbox 379 4656 481 4716; x_wconf 79' lang='grc' dir='ltr'>δυνατός</span> <span class='ocrx_word' id='word_1_580' title='bbox 495 4651 545 4706; x_wconf 76' lang='grc' dir='ltr'>ἔστι</span> <span class='ocrx_word' id='word_1_581' title='bbox 559 4655 636 4706; x_wconf 83' lang='grc' dir='ltr'><strong>ποιεῖν</strong></span> <span class='ocrx_word' id='word_1_582' title='bbox 650 4654 665 4704; x_wconf 78' lang='grc' dir='ltr'>ὃ</span> <span class='ocrx_word' id='word_1_583' title='bbox 681 4653 802 4723; x_wconf 80' lang='grc' dir='ltr'><strong>βούλεται.</strong></span> <span class='ocrx_word' id='word_1_584' title='bbox 823 4652 851 4705; x_wconf 75' lang='grc' dir='ltr'>οὔ</span> <span class='ocrx_word' id='word_1_585' title='bbox 873 4654 920 4725; x_wconf 76' lang='grc' dir='ltr'>γάρ</span> <span class='ocrx_word' id='word_1_586' title='bbox 968 4658 1063 4729; x_wconf 73' lang='grc' dir='ltr'>ἡφύσις</span> <span class='ocrx_word' id='word_1_587' title='bbox 1076 4657 1270 4729; x_wconf 75' lang='grc' dir='ltr'><strong>ἑνδυναμωθεῖσα</strong></span> <span class='ocrx_word' id='word_1_588' title='bbox 1293 4661 1336 4709; x_wconf 81' lang='grc' dir='ltr'>τοῦ</span> <span class='ocrx_word' id='word_1_589' title='bbox 1351 4655 1474 4718; x_wconf 77' lang='grc' dir='ltr'>ἀδυνάτως</span> <span class='ocrx_word' id='word_1_590' title='bbox 1486 4654 1587 4727; x_wconf 76' lang='grc' dir='ltr'><strong>ἔχοντος</strong></span> <span class='ocrx_word' id='word_1_591' title='bbox 1601 4657 1661 4729; x_wconf 73' lang='grc' dir='ltr'>πρὸς</span> <span class='ocrx_word' id='word_1_592' title='bbox 1673 4655 1742 4710; x_wconf 72' lang='grc' dir='ltr'>ἐπέχ.</span> 
     </span>
     <span class='ocr_line' id='line_1_46' title="bbox 148 4730 1219 4808; baseline -0.003 -14"><span class='ocrx_word' id='word_1_593' title='bbox 148 4762 186 4805; x_wconf 79' lang='grc' dir='ltr'>τις</span> <span class='ocrx_word' id='word_1_594' title='bbox 200 4740 346 4807; x_wconf 77' lang='grc' dir='ltr'>ἀντιτίθησιν</span> <span class='ocrx_word' id='word_1_595' title='bbox 371 4739 445 4791; x_wconf 67' lang='lat' dir='ltr'>critob</span> <span class='ocrx_word' id='word_1_596' title='bbox 468 4742 504 4808; x_wconf 80' lang='grc' dir='ltr'>τῷ</span> <span class='ocrx_word' id='word_1_597' title='bbox 530 4737 676 4806; x_wconf 72' lang='grc' dir='ltr'>βουλήματι.</span> <span class='ocrx_word' id='word_1_598' title='bbox 694 4735 798 4808; x_wconf 77' lang='grc' dir='ltr'>ἀόρατος</span> <span class='ocrx_word' id='word_1_599' title='bbox 812 4730 853 4787; x_wconf 74' lang='grc' dir='ltr'>οὖν</span> <span class='ocrx_word' id='word_1_600' title='bbox 869 4734 920 4789; x_wconf 78' lang='grc' dir='ltr'>ἔστι</span> <span class='ocrx_word' id='word_1_601' title='bbox 970 4760 1038 4795; x_wconf 81' lang='grc' dir='ltr'><strong>τασιν</strong></span> <span class='ocrx_word' id='word_1_602' title='bbox 1054 4746 1096 4796; x_wconf 82' lang='grc' dir='ltr'>τοῦ</span> <span class='ocrx_word' id='word_1_603' title='bbox 1107 4743 1219 4794; x_wconf 80' lang='grc' dir='ltr'><strong>δυνατοῦ.</strong></span> 
     </span>
     <span class='ocr_line' id='line_1_47' title="bbox 146 4816 1740 4893; baseline -0.004 -10"><span class='ocrx_word' id='word_1_604' title='bbox 146 4824 194 4892; x_wconf 71' lang='grc' dir='ltr'>τὴν</span> <span class='ocrx_word' id='word_1_605' title='bbox 213 4822 349 4893; x_wconf 68' lang='grc' dir='ltr'>φύσινκαὶ</span> <span class='ocrx_word' id='word_1_606' title='bbox 371 4816 542 4887; x_wconf 67' lang='grc' dir='ltr'>ἀκατάληπτον</span> <span class='ocrx_word' id='word_1_607' title='bbox 566 4817 610 4884; x_wconf 78' lang='grc' dir='ltr'>τὴν</span> <span class='ocrx_word' id='word_1_608' title='bbox 629 4816 712 4882; x_wconf 70' lang='grc' dir='ltr'><strong>δόξαν,</strong></span> <span class='ocrx_word' id='word_1_609' title='bbox 729 4818 879 4889; x_wconf 72' lang='grc' dir='ltr'><strong>βουλομένου</strong></span> <span class='ocrx_word' id='word_1_610' title='bbox 893 4816 920 4869; x_wconf 81' lang='lat' dir='ltr'>tt</span> <span class='ocrx_word' id='word_1_611' title='bbox 1007 4840 1021 4878; x_wconf 87' lang='lat' dir='ltr'>c</span> <span class='ocrx_word' id='word_1_612' title='bbox 1042 4825 1129 4880; x_wconf 75' lang='lat' dir='ltr'>Gneo.</span> <span class='ocrx_word' id='word_1_613' title='bbox 1147 4824 1210 4881; x_wconf 76' lang='lat' dir='ltr'>Ne.</span> <span class='ocrx_word' id='word_1_614' title='bbox 1236 4824 1311 4878; x_wconf 86' lang='lat' dir='ltr'>Oret.</span> <span class='ocrx_word' id='word_1_615' title='bbox 1334 4838 1428 4877; x_wconf 74' lang='lat' dir='ltr'>mne.</span> <span class='ocrx_word' id='word_1_616' title='bbox 1447 4822 1481 4875; x_wconf 80' lang='grc' dir='ltr'>Τῖ</span> <span class='ocrx_word' id='word_1_617' title='bbox 1502 4821 1533 4890; x_wconf 77' lang='grc' dir='ltr'>μὴ</span> <span class='ocrx_word' id='word_1_618' title='bbox 1557 4822 1652 4891; x_wconf 72' lang='grc' dir='ltr'><strong>ληπτὸν</strong></span> <span class='ocrx_word' id='word_1_619' title='bbox 1668 4818 1740 4876; x_wconf 72' lang='grc' dir='ltr'><strong>εἶναι.</strong></span> 
     </span>
     <span class='ocr_line' id='line_1_48' title="bbox 146 4898 1742 4980; baseline -0.006 -23"><span class='ocrx_word' id='word_1_620' title='bbox 146 4912 186 4978; x_wconf 73' lang='grc' dir='ltr'>τῷ</span> <span class='ocrx_word' id='word_1_621' title='bbox 200 4904 241 4958; x_wconf 75' lang='lat' dir='ltr'>bn’</span> <span class='ocrx_word' id='word_1_622' title='bbox 253 4903 327 4956; x_wconf 74' lang='grc' dir='ltr'><strong>αὖτῠῦ</strong></span> <span class='ocrx_word' id='word_1_623' title='bbox 348 4904 459 4975; x_wconf 66' lang='grc' dir='ltr'>γεγονότι</span> <span class='ocrx_word' id='word_1_624' title='bbox 474 4900 595 4973; x_wconf 72' lang='lat' dir='ltr'>dvbpdmop</span> <span class='ocrx_word' id='word_1_625' title='bbox 609 4898 753 4953; x_wconf 61' lang='lat' dir='ltr'>intimabat</span> <span class='ocrx_word' id='word_1_626' title='bbox 769 4898 838 4952; x_wconf 63' lang='grc' dir='ltr'>Οὗόἒν</span> <span class='ocrx_word' id='word_1_627' title='bbox 855 4899 920 4953; x_wconf 63' lang='grc' dir='ltr'><strong>ἔνων·</strong></span> <span class='ocrx_word' id='word_1_628' title='bbox 970 4906 1105 4980; x_wconf 57' lang='grc' dir='ltr'>ἀνθρωπίνῃ</span> <span class='ocrx_word' id='word_1_629' title='bbox 1116 4906 1212 4977; x_wconf 68' lang='grc' dir='ltr'>διανοίᾳ</span> <span class='ocrx_word' id='word_1_630' title='bbox 1228 4905 1257 4959; x_wconf 65' lang='grc' dir='ltr'>τὸ</span> <span class='ocrx_word' id='word_1_631' title='bbox 1271 4906 1345 4967; x_wconf 61' lang='grc' dir='ltr'>θεῖον,</span> <span class='ocrx_word' id='word_1_632' title='bbox 1364 4903 1424 4977; x_wconf 69' lang='grc' dir='ltr'>μηδὲ</span> <span class='ocrx_word' id='word_1_633' title='bbox 1439 4905 1497 4958; x_wconf 70' lang='grc' dir='ltr'>ὅλον</span> <span class='ocrx_word' id='word_1_634' title='bbox 1512 4907 1569 4958; x_wconf 66' lang='grc' dir='ltr'>ὅσον</span> <span class='ocrx_word' id='word_1_635' title='bbox 1585 4902 1635 4959; x_wconf 67' lang='grc' dir='ltr'>ἐστὶ</span> <span class='ocrx_word' id='word_1_636' title='bbox 1649 4906 1742 4973; x_wconf 48' lang='lat' dir='ltr'>pangas</span> 
     </span>
     <span class='ocr_line' id='line_1_49' title="bbox 147 4985 1395 5060; baseline -0.003 -17"><span class='ocrx_word' id='word_1_637' title='bbox 147 4992 244 5044; x_wconf 70' lang='grc' dir='ltr'>τῑοῦτᾱι</span> <span class='ocrx_word' id='word_1_638' title='bbox 258 4992 294 5058; x_wconf 75' lang='grc' dir='ltr'>τῷ</span> <span class='ocrx_word' id='word_1_639' title='bbox 308 4985 382 5040; x_wconf 67' lang='grc' dir='ltr'><strong>αὺτοῦ</strong></span> <span class='ocrx_word' id='word_1_640' title='bbox 393 4985 538 5057; x_wconf 64' lang='grc' dir='ltr'>βονλήματῑ·</span> <span class='ocrx_word' id='word_1_641' title='bbox 970 4990 1060 5053; x_wconf 66' lang='grc' dir='ltr'>ἵεσθαι·</span> <span class='ocrx_word' id='word_1_642' title='bbox 1071 4990 1195 5043; x_wconf 74' lang='grc' dir='ltr'>καὶτοῦτο</span> <span class='ocrx_word' id='word_1_643' title='bbox 1206 4986 1233 5041; x_wconf 83' lang='grc' dir='ltr'>οὗ</span> <span class='ocrx_word' id='word_1_644' title='bbox 1247 4987 1287 5040; x_wconf 77' lang='grc' dir='ltr'>διὰ</span> <span class='ocrx_word' id='word_1_645' title='bbox 1297 4990 1395 5060; x_wconf 78' lang='grc' dir='ltr'><strong>φθόνον·</strong></span> 
     </span>
    </p>

    <p class='ocr_par' dir='ltr' id='par_1_6' title="bbox 147 5063 1825 5391">
     <span class='ocr_line' id='line_1_50' title="bbox 187 5063 1825 5144; baseline -0.009 -17"><span class='ocrx_word' id='word_1_646' title='bbox 187 5070 309 5127; x_wconf 68' lang='lat' dir='ltr'>bilex:</span> <span class='ocrx_word' id='word_1_647' title='bbox 331 5068 375 5121; x_wconf 70' lang='lat' dir='ltr'>liet</span> <span class='ocrx_word' id='word_1_648' title='bbox 400 5066 516 5120; x_wconf 73' lang='grc' dir='ltr'>ἀδύνατόν</span> <span class='ocrx_word' id='word_1_649' title='bbox 544 5063 608 5118; x_wconf 71' lang='grc' dir='ltr'><strong>ἔστιν</strong></span> <span class='ocrx_word' id='word_1_650' title='bbox 637 5063 696 5118; x_wconf 68' lang='grc' dir='ltr'><strong>ἰδεῖν</strong></span> <span class='ocrx_word' id='word_1_651' title='bbox 721 5066 786 5127; x_wconf 76' lang='grc' dir='ltr'><strong>θεὸν,</strong></span> <span class='ocrx_word' id='word_1_652' title='bbox 815 5064 921 5135; x_wconf 75' lang='grc' dir='ltr'>μάλιστα</span> <span class='ocrx_word' id='word_1_653' title='bbox 1005 5066 1555 5144; x_wconf 53' lang='grc' dir='ltr'>(1Πνῖᾱ,Τυχῖωδὲῖψῇτίπλέονἒῃῖθεν</span> <span class='ocrx_word' id='word_1_654' title='bbox 1571 5067 1661 5124; x_wconf 58' lang='lat' dir='ltr'>llutos</span> <span class='ocrx_word' id='word_1_655' title='bbox 1674 5071 1744 5142; x_wconf 55' lang='grc' dir='ltr'>φιλο.</span> <span class='ocrx_word' id='word_1_656' title='bbox 1822 5080 1825 5087; x_wconf 96' lang='grc'><strong><em>·</em></strong></span> 
     </span>
     <span class='ocr_line' id='line_1_51' title="bbox 148 5146 1743 5227; baseline -0.002 -18"><span class='ocrx_word' id='word_1_657' title='bbox 148 5152 304 5223; x_wconf 71' lang='grc' dir='ltr'><strong>ἀνθρωπίνην</strong></span> <span class='ocrx_word' id='word_1_658' title='bbox 330 5151 410 5223; x_wconf 68' lang='grc' dir='ltr'><strong>φύσιν.</strong></span> <span class='ocrx_word' id='word_1_659' title='bbox 434 5150 474 5202; x_wconf 67' lang='grc' dir='ltr'>καὶ</span> <span class='ocrx_word' id='word_1_660' title='bbox 499 5149 542 5203; x_wconf 74' lang='lat' dir='ltr'>oda</span> <span class='ocrx_word' id='word_1_661' title='bbox 556 5146 704 5221; x_wconf 68' lang='grc' dir='ltr'>ἔγχωρεῖτδ</span> <span class='ocrx_word' id='word_1_662' title='bbox 719 5148 806 5219; x_wconf 75' lang='grc' dir='ltr'><strong>ὁρατὸν</strong></span> <span class='ocrx_word' id='word_1_663' title='bbox 819 5146 877 5218; x_wconf 71' lang='grc' dir='ltr'>ὁρᾷν</span> <span class='ocrx_word' id='word_1_664' title='bbox 893 5146 922 5199; x_wconf 63' lang='grc' dir='ltr'>τὸ</span> <span class='ocrx_word' id='word_1_665' title='bbox 971 5157 1065 5219; x_wconf 66' lang='grc' dir='ltr'>πενίαις,</span> <span class='ocrx_word' id='word_1_666' title='bbox 1081 5156 1121 5208; x_wconf 75' lang='grc' dir='ltr'>καὶ</span> <span class='ocrx_word' id='word_1_667' title='bbox 1132 5156 1247 5227; x_wconf 53' lang='grc' dir='ltr'>λαμπροῦ</span> <span class='ocrx_word' id='word_1_668' title='bbox 1261 5154 1314 5224; x_wconf 69' lang='grc' dir='ltr'>βὲον</span> <span class='ocrx_word' id='word_1_669' title='bbox 1325 5156 1376 5216; x_wconf 74' lang='grc' dir='ltr'>τοῖς</span> <span class='ocrx_word' id='word_1_670' title='bbox 1388 5152 1487 5207; x_wconf 70' lang='grc' dir='ltr'>ἐνταῦθα</span> <span class='ocrx_word' id='word_1_671' title='bbox 1497 5154 1694 5225; x_wconf 71' lang='grc' dir='ltr'>κεκαθαρμένονς,</span> <span class='ocrx_word' id='word_1_672' title='bbox 1702 5155 1743 5208; x_wconf 76' lang='grc' dir='ltr'>καὶ</span> 
     </span>
     <span class='ocr_line' id='line_1_52' title="bbox 147 5230 1438 5312; baseline -0.009 -20"><span class='ocrx_word' id='word_1_673' title='bbox 147 5239 267 5308; x_wconf 68' lang='grc' dir='ltr'>ἀόρατον.</span> <span class='ocrx_word' id='word_1_674' title='bbox 281 5236 338 5288; x_wconf 67' lang='grc' dir='ltr'>ἀλλ’</span> <span class='ocrx_word' id='word_1_675' title='bbox 351 5233 455 5305; x_wconf 62' lang='grc' dir='ltr'>ἀόρᾱῖῠς</span> <span class='ocrx_word' id='word_1_676' title='bbox 469 5232 522 5293; x_wconf 68' lang='grc' dir='ltr'>θεὸς</span> <span class='ocrx_word' id='word_1_677' title='bbox 537 5230 561 5285; x_wconf 58' lang='grc' dir='ltr'>ἐν</span> <span class='ocrx_word' id='word_1_678' title='bbox 576 5230 754 5303; x_wconf 64' lang='grc' dir='ltr'>φιλανθρωπίᾳ,</span> <span class='ocrx_word' id='word_1_679' title='bbox 770 5230 810 5282; x_wconf 57' lang='grc' dir='ltr'>καὶ</span> <span class='ocrx_word' id='word_1_680' title='bbox 822 5230 922 5300; x_wconf 62' lang='grc' dir='ltr'>δυνάμίῑ</span> <span class='ocrx_word' id='word_1_681' title='bbox 972 5239 1152 5312; x_wconf 48' lang='grc' dir='ltr'>μακροθυμῶν,</span> <span class='ocrx_word' id='word_1_682' title='bbox 1168 5237 1226 5309; x_wconf 63' lang='grc' dir='ltr'>πρὸς</span> <span class='ocrx_word' id='word_1_683' title='bbox 1236 5236 1264 5289; x_wconf 68' lang='lat' dir='ltr'>:b</span> <span class='ocrx_word' id='word_1_684' title='bbox 1278 5237 1438 5307; x_wconf 58' lang='grc' dir='ltr'>ποθούμενον,</span> 
     </span>
     <span class='ocr_line' id='line_1_53' title="bbox 149 5313 921 5391; baseline -0.01 -19"><span class='ocrx_word' id='word_1_685' title='bbox 149 5319 282 5391; x_wconf 53' lang='lat' dir='ltr'>tarasiam</span> <span class='ocrx_word' id='word_1_686' title='bbox 300 5317 329 5371; x_wconf 77' lang='lat' dir='ltr'>rb</span> <span class='ocrx_word' id='word_1_687' title='bbox 357 5316 484 5369; x_wconf 73' lang='grc' dir='ltr'><strong>ἀδΰννιτον.</strong></span> <span class='ocrx_word' id='word_1_688' title='bbox 509 5313 689 5385; x_wconf 57' lang='lat' dir='ltr'>aureliosam]</span> <span class='ocrx_word' id='word_1_689' title='bbox 711 5313 921 5384; x_wconf 61' lang='lat' dir='ltr'>{estoibordpec</span> 
     </span>
    </p>
   </div>
   <div class='ocr_carea' id='block_1_6' title="bbox 184 5496 754 5547">
    <p class='ocr_par' dir='ltr' id='par_1_7' title="bbox 184 5496 754 5547">
     <span class='ocr_line' id='line_1_54' title="bbox 184 5496 754 5547; baseline -0.011 -3"><span class='ocrx_word' id='word_1_690' title='bbox 184 5500 193 5544; x_wconf 84' lang='lat' dir='ltr'>t</span> <span class='ocrx_word' id='word_1_691' title='bbox 210 5499 256 5543; x_wconf 85' lang='lat' dir='ltr'>lib.</span> <span class='ocrx_word' id='word_1_692' title='bbox 270 5498 279 5542; x_wconf 92' lang='lat' dir='ltr'>l</span> <span class='ocrx_word' id='word_1_693' title='bbox 293 5498 315 5542; x_wconf 88' lang='lat' dir='ltr'>in</span> <span class='ocrx_word' id='word_1_694' title='bbox 329 5502 378 5544; x_wconf 79' lang='lat' dir='ltr'>tue.</span> <span class='ocrx_word' id='word_1_695' title='bbox 392 5498 434 5541; x_wconf 78' lang='lat' dir='ltr'>eol.</span> <span class='ocrx_word' id='word_1_696' title='bbox 451 5498 481 5541; x_wconf 90' lang='lat' dir='ltr'>lt.</span> <span class='ocrx_word' id='word_1_697' title='bbox 497 5518 524 5531; x_wconf 90' lang='lat'>-</span> <span class='ocrx_word' id='word_1_698' title='bbox 534 5496 548 5538; x_wconf 75' lang='lat' dir='ltr'>‘l</span> <span class='ocrx_word' id='word_1_699' title='bbox 559 5497 632 5541; x_wconf 74' lang='lat' dir='ltr'>notro.</span> <span class='ocrx_word' id='word_1_700' title='bbox 645 5506 708 5547; x_wconf 79' lang='lat' dir='ltr'>xviri,</span> <span class='ocrx_word' id='word_1_701' title='bbox 722 5497 754 5539; x_wconf 82' lang='lat' dir='ltr'>tlt.</span> 
     </span>
    </p>
   </div>
   <div class='ocr_carea' id='block_1_7' title="bbox 0 0 2076 6180">
    <p class='ocr_par' dir='ltr' id='par_1_8' title="bbox 0 0 2076 6180">
     <span class='ocr_line' id='line_1_55' title="bbox 0 0 2076 6180; baseline 0 0"><span class='ocrx_word' id='word_1_702' title='bbox 0 0 2076 6180; x_wconf 95' lang='lat' dir='ltr'> </span> 
     </span>
    </p>
   </div>
  </div>
 </body>
</html>
