3952 6170
1550 6 1650 71 ’ν”ῑζ-η
1669 36 1673 47 “

1542 102 1543 108 ἵ
1579 72 1616 123 ’ἐ
1668 64 1690 97 >⁴

1561 62 1704 220 <eae

850 225 1175 292 rnrnmucoauu
1200 222 1429 285 nocuirun.
1533 189 1689 293 tx)

346 397 496 481 temporis
505 398 632 478 aevique
647 396 745 478 spatio
763 394 889 457 initium
901 393 1023 469 babuit,
1039 398 1070 454 et
1083 392 1118 453 in
1168 385 1534 467 arcetideiacreligionis
1542 385 1703 448 institutus
1711 389 1802 460 esset,
1812 384 1917 448 muru

347 492 457 555 eodem
467 496 563 567 ccmo,
574 489 677 570 quoad
692 494 809 563 manet,
825 492 1017 568 perseverat,
1032 485 1118 565 quod
1167 488 1293 562 stupore
1307 480 1424 542 versari
1436 480 1573 560 potuerit
1592 478 1758 558 opinionis,
1780 478 1873 538 Deum
1891 486 1918 539 ut

346 585 429 645 idem
449 589 480 644 et
497 582 537 644 de
553 582 624 642 loco
638 581 693 642 ubi
708 581 748 641 sit
761 581 822 642 dici
837 579 992 641 convenit.
1006 578 1038 639 Si
1051 578 1119 657 qui-
1166 574 1267 637 inesse
1278 578 1407 654 negaret
1418 571 1565 633 omnibus
1578 571 1684 648 rebus,
1700 576 1732 631 et
1743 570 1785 631 iis
1799 569 1855 630 hoc
1867 588 1919 632 ver-

346 677 419 737 dem
431 695 497 737 non
512 680 613 755 potest
622 692 688 734 non
698 692 763 735 esse
772 673 887 734 alicubi
897 672 923 732 si
933 677 978 732 est
987 670 1115 751 aliquid,
1167 667 1215 728 bis
1227 673 1375 730 testatum
1388 665 1591 745 relinqueret,
1608 664 1642 725 in
1661 663 1878 725 commentario
1888 665 1918 724 ad

346 787 381 829 ac
401 770 426 829 si
445 773 558 830 natura
572 767 765 842 continetur,
793 783 889 845 quam
908 787 923 821 u
942 780 1068 825 causam
1087 768 1118 823 et
1168 759 1326 821 Psalmum
1349 758 1555 820 centesimum
1577 756 1771 818 tricesimum
1795 761 1918 817 oetavm

346 860 536 942 principium
551 859 696 921 movendi
715 864 746 919 ct
765 857 960 937 quiescendi‘
977 877 992 914 a
1010 854 1118 917 definit
1167 853 1206 913 ad
1219 852 1306 913 buno
1315 869 1457 912 versum:
1474 847 1659 912 Intellexisti
1668 849 1919 930 capitationem

346 954 533 1030 Aristoteles,
550 952 633 1032 quod
645 958 816 1031 utrumque
830 950 1073 1012 determinatum
1087 954 1119 1010 et
1167 942 1203 1005 de
1215 943 1309 1026 longe.
1335 965 1350 1001 u
1370 943 1459 1017 Quod
1473 942 1500 1002 si
1512 942 1627 1021 inquit,
1643 941 1740 1001 altero
1764 941 1856 1001 modo
1867 941 1918 1021 pla-

345 1052 470 1126 tempus
483 1040 515 1107 et
528 1046 633 1106 locum
652 1043 794 1123 requirit.
815 1045 855 1105 at
874 1061 948 1104 vero
963 1042 1047 1122 quod
1061 1041 1118 1102 im·
1167 1036 1267 1098 cuerit
1275 1035 1449 1115 intelligere
1462 1032 1498 1095 de
1512 1033 1614 1115 lonpe,
1630 1033 1663 1094 id
1677 1040 1752 1095 este
1769 1033 1855 1105 coelo,
1870 1052 1918 1112 quo

346 1156 490 1200 mensum
504 1144 594 1200 estet
612 1136 783 1212 infinitum,
799 1137 831 1198 id
850 1141 971 1197 certum
985 1154 1021 1196 ac
1040 1134 1116 1196 defi·
1167 1147 1232 1190 non
1243 1134 1317 1190 esta
1329 1129 1421 1188 terris
1434 1126 1585 1189 remotior
1594 1126 1691 1202 locus,
1704 1126 1737 1187 id
1749 1128 1920 1206 quoquem'r

249 1236 257 1261 ³
345 1230 449 1293 nitum
461 1236 612 1292 neuuum
625 1228 720 1289 habet
733 1228 910 1304 amborum,
927 1227 1117 1288 sedomnem
1167 1221 1456 1296 rabilissimumest,
1471 1219 1706 1298 maximumque
1719 1218 1834 1279 dimna
1843 1219 1920 1279 scien

345 1329 377 1385 et
394 1324 454 1385 loci
478 1328 509 1384 et
530 1322 681 1402 temporis
704 1321 946 1383 immensitatem
960 1319 1115 1381 exhaurit.
1165 1314 1218 1375 tia
1229 1314 1457 1375 testimonium.
1477 1312 1556 1372 Nam
1571 1310 1604 1372 id
1618 1328 1742 1390 quoque
1754 1317 1919 1391 prorsusest

345 1415 505 1495 Ejusmodi
515 1432 609 1494 quem
623 1432 697 1474 vera
707 1420 737 1474 et
746 1413 913 1474 christiana
922 1412 996 1473 colit
1008 1411 1117 1491 religio
1166 1406 1347 1470 incredibile
1365 1405 1562 1484 maximeque
1585 1403 1788 1483 stupendum,
1813 1409 1847 1464 ut
1862 1421 1918 1463 cun

346 1509 427 1570 beas
442 1514 498 1583 est,
514 1508 552 1569 de
566 1526 629 1587 quo
649 1506 779 1588 proinde
802 1506 960 1568 venmime
987 1506 1118 1585 Prosper
1167 1499 1249 1560 Deus
1260 1498 1350 1578 quus
1363 1498 1453 1558 statio
1462 1495 1588 1575 longius
1602 1495 1696 1556 distat
1709 1495 1918 1575 atenisquan

344 1602 404 1662 ista
428 1600 540 1663 cecinit
562 1600 748 1661 infinitatem
771 1599 933 1679 utriusque
961 1616 1118 1660 commen-
1166 1597 1254 1653 ortus
1268 1591 1308 1652 ab
1322 1608 1445 1665 occasu,
1460 1589 1506 1649 ibi
1514 1594 1621 1649 tamen
1631 1588 1813 1653 consistens.
1828 1594 1919 1648 utam

345 1693 435 1755 dans:
1166 1685 1256 1745 nium
1274 1683 1441 1763 gentium,
1465 1680 1811 1760 vetustissimorumque
1836 1680 1933 1740 honi·

1166 1795 1256 1853 num,
1272 1782 1309 1836 ut
1322 1775 1366 1836 ait
1383 1773 1573 1849 Aristoteles,
1585 1779 1632 1834 est
1641 1790 1823 1847 consensus,
1837 1773 1919 1834 videa

1166 1868 1319 1949 quidquid
1338 1867 1457 1947 geritur
1470 1866 1547 1927 ooelo
1561 1871 1593 1927 et
1605 1865 1739 1943 [terrisr
1758 1865 1833 1926 Mox
1843 1865 1916 1926 item:

1170 1981 1186 2018 a
1200 1962 1244 2022 Ac
1253 1977 1435 2041 quanquam
1444 1959 1485 2019 sit
1494 1958 1533 2018 ab
1543 1958 1690 2019 omnibus
1698 1957 1915 2031 remotissimus,

1166 2050 1917 2131 sedememmhabetgcelsissimampamdeumr

1166 2136 1272 2207 omnia
1286 2144 1385 2207 cernit
1403 2162 1439 2204 ac
1463 2144 1489 2204 si
1502 2161 1640 2224 presens
1653 2144 1702 2204 sit.
1718 2143 1763 2204 dc
1777 2142 1918 2204 videbatur

1166 2238 1282 2319 pariter
1303 2235 1446 2299 mirabile
1474 2235 1534 2315 ipsi
1555 2235 1728 2315 Prophetae,
1757 2241 1798 2296 ut
1823 2235 1872 2316 qui
1891 2235 1917 2295 in

1165 2331 1285 2392 oriente
1300 2335 1390 2406 emet,
1415 2328 1534 2389 videret
1551 2346 1622 2407 quae
1640 2327 1752 2389 fierent
1766 2328 1802 2388 in
1815 2345 1915 2401 ocean,

1165 2429 1259 2503 atque
1274 2424 1356 2484 Deus
1374 2439 1509 2500 regnans
1527 2420 1561 2481 in
1575 2419 1723 2482 altissima
1735 2421 1868 2501 regione,
1880 2420 1916 2479 vi-

345 2518 386 2580 Ut
398 2517 482 2597 quod
505 2516 687 2595 Fulgentius
705 2521 813 2577 contra
831 2515 1034 2578 Fastidiosum
1052 2517 1112 2579 ait:
1165 2517 1237 2577 deat
1250 2515 1402 2594 subjectas
1414 2520 1523 2574 terras.
1540 2512 1702 2592 »Subjioit
1715 2514 1753 2574 iis
1768 2512 1917 2574 Aristotelis

348 2633 363 2667 a
380 2610 530 2672 Divinitas
542 2610 586 2669 ita
599 2609 639 2669 sit
652 2607 837 2670 naturaliter
847 2609 1011 2685 immensa,
1027 2617 1063 2671 ut
1076 2611 1116 2672 sit
1164 2608 1199 2670 in
1211 2609 1293 2670 libro
1302 2606 1337 2669 de
1350 2606 1462 2668 Mundo
1476 2611 1716 2668 consentaneam
1728 2605 1805 2668 huic
1817 2612 1917 2667 senua
1967 2664 1968 2673 ,

345 2702 734 2781 naturalitcrsempitarna.
751 2722 766 2758 a
1164 2701 1253 2779 darn,
1274 2701 1312 2762 de
1330 2719 1394 2780 qua
1415 2705 1533 2781 postea.
1558 2699 1602 2759 Ac
1626 2698 1754 2759 demum
1784 2697 1916 2759 maclodit

384 2796 423 2855 ΙΙ.
446 2794 595 2856 Praeclare
609 2794 705 2873 igitur
718 2813 754 2853 ae
774 2811 853 2873 peno
868 2792 1032 2855 christiane
1050 2813 1115 2856 non
1163 2793 1352 2874 praesentiam
1366 2790 1462 2868 illum,
1478 2792 1635 2871 quaDeus
1647 2791 1765 2870 ubique
1781 2809 1843 2852 esse
1857 2790 1915 2851 dici-
1967 2800 1968 2837 t

174 3025 319 3177 tgffiffo
343 3076 422 3148 tant,
438 3091 503 3132 non
517 3070 607 3131 illum
616 3070 718 3131 solum
728 3071 827 3132 Deum
844 3069 1117 3152 (maximumscili-
1164 3069 1331 3145 manantis,
1357 3069 1525 3148 omniaque
1548 3067 1717 3147 implentis.
1740 3089 1755 3124 r
1783 3068 1850 3127 Post
1863 3067 1915 3127 bec

279 3165 284 3176 '
344 3169 393 3224 cet
402 3161 555 3244 omnium)
571 3163 786 3224 verumetiam
796 3163 870 3223 deos
881 3180 989 3224 omnes
998 3163 1115 3244 ubique
1164 3180 1290 3225 versum
1298 3162 1389 3223 illum
1403 3159 1561 3240 explicans
1567 3159 1606 3221 Si
1616 3158 1767 3221 arcudio
1778 3157 1912 3222 incatur.

344 3262 511 3335 presentes
533 3273 609 3330 esse,
630 3255 791 3334 ipsamque
814 3256 969 3316 rationem
987 3257 1031 3316 ita
1050 3275 1115 3319 esse
1164 3265 1197 3317 tu
1208 3255 1275 3316 illic
1286 3273 1324 3323 es,
1342 3260 1401 3316 etc.
1417 3253 1476 3314 hoc
1490 3253 1573 3313 inter
1586 3251 1647 3313 alia
1660 3252 1783 3314 scribit:
1802 3253 1862 3314 aUt
1869 3252 1914 3331 igi·

344 3345 582 3408 concluderet.»
600 3347 681 3406 Tum
699 3368 714 3404 u
731 3346 764 3406 id
777 3346 864 3407 omni
878 3347 1025 3408 humanas
1038 3348 1114 3409 insi·
1164 3354 1218 3409 tur
1235 3346 1281 3408 sol
1296 3352 1342 3408 est
1361 3346 1395 3406 in
1413 3345 1491 3406 coelo
1504 3362 1633 3424 corpore
1642 3363 1678 3406 ac
1689 3345 1752 3406 situ
1765 3345 1914 3406 asason

342 3444 412 3499 tum
426 3457 491 3500 esse
508 3444 630 3500 natiuae
648 3437 733 3514 dicit,
759 3444 795 3498 ut
816 3438 911 3500 simul
929 3459 995 3501 esse
1015 3441 1114 3502 Deum
1164 3459 1231 3517 sua,
1246 3446 1346 3501 terras
1359 3444 1466 3500 autem
1487 3436 1660 3498 luminibus
1684 3437 1805 3511 lustrat,
1828 3436 1914 3497 omnia

344 3530 507 3606 existimat,
529 3530 623 3591 etiam
643 3529 760 3610 ubique
780 3547 845 3591 esse
867 3536 971 3592 totum
984 3532 1113 3594 arbitre-
1164 3532 1373 3614 prospiciens3
1397 3531 1492 3591 talem
1519 3548 1645 3591 necesse
1663 3536 1710 3591 est
1727 3548 1785 3591 nos
1801 3529 1913 3608 cogitare
1966 3550 1967 3605 ᾗ

342 3627 422 3683 tur‘·
440 3644 455 3679 ν
1164 3627 1275 3701 Deum
1300 3625 1355 3705 qui
1373 3622 1500 3704 quidem
1524 3623 1656 3684 maeatis
1674 3619 1913 3703 etpraesentiasit
1966 3610 1967 3697 t

382 3714 471 3788 Quod
490 3713 757 3775 etbuioihominis
771 3714 891 3776 dictum
904 3717 1023 3796 pudore
1038 3735 1115 3778 non·
1163 3719 1197 3779 in
1216 3718 1305 3793 coelo,
1326 3716 1453 3798 spiritus
1472 3715 1540 3794 ejus
1560 3721 1592 3776 et
1611 3715 1746 3794 cognitio
1765 3723 1796 3776 et
1807 3713 1912 3775 scientis
1966 3720 1967 3771 i

343 3807 445 3867 nullos
459 3806 581 3867 afficere
591 3811 702 3887 potest,
715 3807 770 3886 qui
785 3807 843 3869 sub
859 3809 1034 3870 christiane
1045 3829 1115 3889 prc-
1164 3827 1388 3891 usquequaque
1411 3808 1576 3889 pertineat.
1606 3829 1622 3865 a
1652 3809 1726 3870 Haec
1739 3806 1911 3887 Eugubinm.

341 3897 481 3960 fossionis
509 3898 636 3961 nomine
669 3904 757 3961 tanto
797 3900 948 3979 abjectius
982 3902 1021 3962 de
1051 3904 1114 3963 Deo
1163 3909 1345 3984 antequem
1367 3901 1481 3982 partim
1504 3900 1647 3980 gentiles,
1666 3901 1780 3981 partim
1795 3896 1911 3961 heretici
1966 3944 1967 3949 η

342 3992 455 4052 sentire
469 3990 537 4052 ausi
551 3997 635 4067 sunt,
658 3997 694 4053 ut
713 3990 763 4053 vel
782 3993 874 4054 certis
893 4012 967 4054 eum
990 3993 1115 4055 sedibus
1164 3995 1274 4056 eodem
1295 3995 1329 4055 in
1343 4011 1448 4055 errore
1462 3992 1602 4069 fuerunt,
1620 4010 1698 4072 quos
1717 4005 1911 4071 omnesquam

341 4082 481 4159 affixum,
505 4083 555 4144 vel
574 4101 639 4144 uon
664 4083 782 4163 ubique
801 4102 866 4146 esse
888 4082 959 4146 nisi'
972 4085 1037 4146 sola
1052 4085 1116 4146 effi·
1163 4093 1272 4167 potero
1285 4083 1466 4148 brevissime
1484 4085 1679 4165 complectar.

342 4175 455 4236 cientia
469 4181 500 4236 et
509 4181 671 4255 potestate,
683 4176 854 4238 crederent.
871 4177 955 4238 luter
969 4196 1047 4257 quos
1057 4196 1113 4237 ne·
1205 4180 1257 4240 111.
1281 4179 1393 4240 Scribit
1401 4178 1543 4239 tustinus
1557 4183 1677 4257 martyr
1690 4177 1725 4238 in
1738 4174 1908 4239 Peroeaetico.
1927 4183 1966 4227 ὑπ’

341 4267 460 4328 minem
470 4268 556 4347 prius
565 4269 874 4329 commemorandum
881 4269 1115 4348 arbitrorquam
1165 4272 1325 4334 Platonem
1342 4293 1358 4329 «
1372 4271 1406 4332 in
1420 4270 1522 4350 primo
1532 4270 1670 4350 supremi
1683 4269 1752 4331 caeli
1765 4267 1911 4348 coquetur
1931 4244 1966 4333 «ri

186 4387 300 4445 mm„
342 4358 552 4438 Augirstinum
576 4360 748 4420 Steuehum
775 4361 999 4439 Eugubinum,
1030 4362 1115 4443 quod
1164 4365 1273 4426 mobili
1287 4363 1362 4427 orbe
1384 4363 1558 4443 principem
1580 4364 1680 4423 Deum
1693 4368 1726 4424 et
1741 4362 1820 4423 ideas
1832 4357 1909 4420 collo
1958 4348 1966 4384 ¹

183 4451 306 4541 siffis
342 4451 502 4511 neminem
512 4450 724 4512 incredibilius
734 4452 878 4531 situsque
886 4472 923 4514 eo
933 4454 1112 4533 desipuisse,
1164 4476 1245 4519 aare.
1261 4454 1459 4518 Aristotelem
1476 4473 1551 4515 vero
1578 4473 1643 4516 non
1666 4455 1750 4517 ideas
1767 4458 1909 4534 postsum·

172 4549 319 4648 qpippoenppe
342 4547 379 4603 ut
388 4558 462 4602 cum
476 4548 507 4602 et
516 4542 687 4603 catholicus
701 4543 905 4623 ettheologiae
920 4545 1049 4607 minime
1063 4564 1116 4607 ru·
1164 4566 1254 4611 mrim
1267 4549 1358 4610 illum
1367 4549 1478 4623 Deum,
1495 4547 1550 4608 sed
1564 4547 1716 4627 quosdam
1728 4542 1911 4623 intelligibiles

306 4634 311 4646 '
342 4633 390 4694 dis
410 4640 441 4694 et
461 4634 496 4695 in
509 4634 657 4696 Romana
676 4636 796 4714 gremio
814 4636 967 4715 Ecclesiae,
987 4639 1046 4699 hoc
1070 4644 1116 4700 est
1163 4642 1208 4703 ibi
1222 4643 1295 4704 deos
1314 4639 1519 4702 constituisse.
1535 4640 1583 4700 Ad
1596 4639 1682 4701 hunc
1696 4639 1818 4701 modum
1830 4634 1910 4696 illiue
1965 4680 1966 4733 q

1965 4738 1966 4791 l

379 4905 401 4947 a
419 4891 626 4948 Aursror.lih.l
643 4889 727 4963 Phys.
742 4907 803 4964 cap.
820 4908 840 4948 1.
864 4889 911 4955 ‘oe
926 4891 999 4963 οὔσης
1010 4897 1054 4962 τῆς
1068 4892 1127 4965 qei-
1164 4896 1219 4968 περὶ
1234 4891 1338 4959 ἐκείνου,
1361 4893 1426 4949 ἀλλὰ
1453 4895 1494 4949 καὶ
1521 4896 1576 4967 περὶ
1603 4896 1702 4950 πάντων
1715 4887 1910 4968 uptam&

343 4992 405 5075 supe
417 4974 495 5049 ἀρχῆς
513 4993 594 5046 τινος,
610 4977 651 5029 καὶ
664 4974 755 5037 αἰτίας·
775 4979 819 5031 τοῦ
839 4977 974 5042 κινεῖσθαι,
996 4977 1037 5030 καὶ
1057 4975 1114 5049 tipa-
1164 4983 1292 5052 πανταχοῦ
1313 4977 1419 5050 πάρεισι·
1449 4980 1490 5032 καὶ
1517 4976 1532 5031 ὅ
1559 4979 1635 5053 λόγος
1662 4979 1688 5034 u
1711 4996 1765 5048 past
1785 4978 1833 5030 δεῖν
1856 4971 1910 5025 aa

343 5074 524 5199 puithnonrs.
538 5145 618 5199 Eoo.
634 5142 661 5198 6.
678 5141 726 5199 lib.
739 5144 772 5215 V,
788 5159 814 5199 c.
830 5159 869 5199 ιν.
879 5141 958 5198 ’Ἔστι
971 5142 1019 5215 γὰρ
1033 5141 1113 5204 ἀξιῶ·
1163 5061 1282 5200 domi
1296 5144 1362 5217 alep
1377 5144 1447 5215 φύσει
1467 5142 1596 5217 ἀνθρώπου
1610 5143 1675 5219 opat
1688 5145 1740 5200 un
1752 5142 1865 5215 ναιῐζνν»
1875 5136 1909 5190 ¹²³

346 5223 418 5293 pua
432 5241 459 5277 τι
471 5222 539 5297 παρὰ
551 5227 611 5280 πᾶσι
625 5227 678 5288 τοῖς
692 5224 786 5280 ἔννοιαν
801 5225 888 5300 ἔχουσι
901 5226 978 5307 bein,
992 5225 1021 5279 οὔ
1038 5227 1113 5298 μόνον
1162 5232 1291 5307 aucupet
1305 5227 1335 5284 τὸ
1349 5225 1411 5284 αὐτὸ
1423 5229 1476 5300 ἅμα
1489 5229 1554 5293 ὅλον,
1565 5222 1637 5284 riser.

345 1916 399 1978 ule
409 1922 517 1977 manet
525 1912 619 1975 simul
628 1918 697 1974 acta
705 1919 816 1974 tenens
825 1917 857 1972 et
865 1912 996 1992 agenda,
1003 1912 1117 1974 futuris

345 2009 489 2083 Ulterior,
504 2012 575 2068 tum
586 2004 751 2086 praeteritis
760 2004 856 2084 prior,
873 2004 1020 2066 omnibus
1033 2023 1117 2066 unus

344 2098 1117 2177 Praesens,etsolussinetemporetemporacondens

345 2195 447 2274 thue
457 2192 516 2254 aevi
525 2192 624 2272 spatia
633 2210 668 2252 ac
678 2207 828 2251 numeros
838 2191 986 2270 praecedit
999 2196 1030 2251 et
1040 2190 1114 2267 exit,

344 2286 394 2346 Sic
408 2284 497 2347 nullo
511 2285 682 2345 immensus
694 2282 858 2344 cohibetur
867 2282 929 2344 fine
939 2282 1113 2345 locorum¹.

375 5434 385 5477 i
397 5433 459 5479 Stat.
469 5432 520 5481 m.
