4030 6204
154 819 262 862 Voluntas

134 871 172 916 1131
183 872 280 915 increato

302 180 362 240 tet

303 343 489 419 franctionem
508 341 710 404 sentientibus
726 348 831 403 antem
850 347 953 403 motus
970 359 1009 403 ex
1022 359 1074 421 ap-

304 437 413 515 petitu,
429 441 460 495 et
475 436 621 515 impulsu.
638 433 732 515 Atqui
750 441 852 496 motus
866 435 968 495 omnis
985 435 1018 494 in
1037 451 1074 494 eo

304 532 360 601 est,
385 527 468 607 quod
495 534 648 589 moretur.
673 528 773 601 Quare
793 526 891 587 libera
909 527 1075 587 voluntatis

304 620 394 695 actio,
410 638 482 680 cum
500 620 540 681 sit
555 620 754 701 intelligentis
769 620 947 682 substantia
964 620 1072 696 motio,

305 712 338 772 in
351 712 418 792 ipsa
430 712 553 775 residet.

347 805 384 865 ll.
407 806 548 867 Alterum
566 805 680 884 dogma
697 810 838 866 veterum
861 809 917 881 est,
937 805 1078 865 volunta·

304 902 369 957 tem
385 897 450 972 Dei,
464 898 527 958 sive
545 898 698 958 actionem
710 898 808 977 ipsam
825 897 921 959 libere
939 897 1073 965 volendi,

306 1008 406 1068 neque
416 995 550 1051 creatam
562 1009 636 1065 esse,
651 1009 753 1070 neque
770 989 910 1051 desinere
924 1008 1074 1069 unquam,

305 1082 444 1160 adeoque
459 1082 582 1143 nullum
599 1083 724 1143 initium
736 1082 861 1143 habere.
878 1083 966 1157 Quod
979 1082 1075 1143 blaxi-

306 1191 375 1233 mus
387 1173 541 1253 imprimis
550 1174 660 1235 eodem
668 1174 722 1235 illo
732 1175 766 1235 in
778 1175 858 1235 libro
872 1176 1074 1235 demonstrat.

307 1265 395 1341 Nam,
410 1284 482 1325 cum
496 1266 534 1326 de
554 1271 661 1348 1133313
679 1266 789 1328 Christi
803 1268 973 1327 secundum
989 1271 1078 1327 natu-

306 1375 375 1417 ram
396 1363 559 1437 utramque
580 1358 725 1437 disputat,
748 1377 842 1438 quam
867 1359 1076 1420 Monothclitae

307 1450 442 1526 unicam,
464 1448 609 1509 Catholici
630 1449 785 1529 duplicem
801 1451 987 1525 statuebant,
1008 1451 1076 1513 illo-

307 1559 378 1601 rum
397 1547 608 1603 commentum
634 1542 786 1602 Maximus
809 1542 933 1618 refellit,
956 1561 1019 1622 quo
1040 1561 1078 1603 ex

249 1693 254 1703 ,
307 1633 427 1693 duabus
442 1652 539 1693 unam
553 1635 786 1713 compositione,
804 1654 839 1695 33
851 1643 932 1714 σχέσει
947 1634 1014 1694 11311
1031 1636 1077 1696 di-

307 1725 416 1786 cebant
429 1747 435 1785 :
448 1731 608 1805 oppugnat
617 1745 691 1787 vero
700 1727 936 1806 haepreesertim
945 1727 1077 1802 ratione,

307 1818 390 1896 quod
405 1819 577 1897 eujusmodi
589 1820 627 1879 sit
638 1819 701 1893 illa,
717 1819 839 1880 definiri
851 1820 968 1898 nequit.
989 1840 1001 1877 ι
1018 1821 1079 1880 Α31

308 1911 402 1985 enim,
425 1912 537 1990 inqiut,
558 1918 703 1987 creatam,
732 1916 786 1972 331
809 1912 976 1973 increatam
999 1912 1079 1973 banc

308 2004 479 2063 3333333313
498 2004 618 2080 11133113;
637 2004 784 2083 quoniam
801 2004 878 2064 nihil
894 2005 1022 2065 omnino
1034 2005 1081 2064 iu·

308 2100 355 2155 ter
369 2101 513 2171 creatam,
528 2101 559 2156 et
569 2097 738 2157 increatam
755 2096 892 2157 medium
907 2097 1077 2159 intercedit.

308 2188 352 2247 Ae
367 2188 393 2246 si
412 2188 537 2266 quidem
557 2194 692 2248 creatam
708 2189 806 2268 ipsam
826 2189 973 2265 dixeritis,
987 2191 1080 2252 etiam

308 2285 454 2355 creatam,
471 2285 501 2339 et
514 2281 612 2341 solam
625 2286 768 2341 naturam
780 2280 926 2341 indicabit
941 2302 948 2342 :
962 2281 1010 2342 sin
1024 2301 1079 2343 au-

308 2372 924 2443 temincreatam,solamitemincreatam
935 2374 1078 2453 signabit.

309 2462 436 2542 Oportet
460 2464 544 2524 enim
582 2465 701 2525 3313113
726 2465 854 2526 omnino
875 2472 1082 2528 consentanea

309 2572 374 2614 esse
398 2555 560 2618 naturalia.
582 2556 714 2629 Quinem
732 2574 806 2617 vero
827 2556 894 2617 fieri
914 2563 1024 2636 potest,
1046 2564 1083 2619 31

309 2652 431 2724 ereata,
442 2647 604 2708 etinitium
614 2647 756 2709 habentis
765 2653 896 2724 naturas,
908 2649 1043 2710 increata
1052 2655 1083 2711 et

309 2738 390 2798 initii
403 2757 522 2819 expers,
537 2744 568 2799 et
581 2739 713 2816 infinita,
728 2746 759 2800 et
770 2740 912 2816 creatrix,
928 2746 959 2801 et
975 2761 1083 2803 rerum

309 2831 517 2891 conservatrix
536 2831 574 2891 sit
594 2831 757 2892 331131ν31
772 2833 927 2909 increatae,
948 2839 978 2893 et
994 2834 1082 2895 initio

809 175 1134 239 THEOLOGICORUM
1159 176 1377 239 DOGMATUM

1122 347 1268 419 creatam,
1290 342 1459 403 increatam
1480 342 1625 418 alteram
1648 361 1688 404 ne
1706 342 1733 403 si
1749 361 1808 404 una
1823 350 1879 405 tan

1122 434 1284 493 tummodo
1305 434 1354 511 sit,
1377 452 1478 514 neque
1500 441 1614 513 ereata,
1636 453 1737 515 neque
1761 436 1879 497 increata

1123 526 1183 586 dici
1196 526 1301 606 possit,
1318 544 1390 587 cum
1405 532 1512 590 tamen
1524 528 1607 588 inter
1618 528 1712 589 ambo
1723 529 1783 589 ista
1793 546 1882 611 neque

1123 618 1202 679 actio
1213 617 1286 693 ulla,
1297 637 1398 698 neque
1410 624 1522 680 331333
1531 620 1690 699 interjecta
1701 619 1776 681 3111.

1164 710 1356 788 Augustinus
1369 711 1444 772 item
1455 711 1490 771 in
1507 712 1587 773 libro
1607 710 1822 791 Couseasionam
1832 733 1882 774 un-

1125 800 1254 877 decimo,
1270 802 1367 881 capite
1375 820 1404 863 x.
1417 804 1522 878 «Quid
1534 803 1675 879 faciebat,
1683 804 1883 883 inquit,Dens,

1125 898 1292 973 antequam
1306 894 1419 956 faceret
1434 896 1548 957 coelum
1566 901 1597 956 31
1610 896 1747 957 terrem?
1767 897 1800 958 Si
1812 902 1886 959 enim

1125 986 1263 1062 vacabat,
1276 988 1433 1067 inquiunt,
1447 993 1479 1049 et
1493 1007 1558 1049 non
1570 989 1756 1068 operabatur
1768 989 1884 1068 aliquid,

1125 1096 1181 1138 cur
1194 1097 1260 1139 non
1272 1080 1315 1139 sic
1328 1098 1461 1160 semper,
1481 1085 1512 1142 31
1525 1081 1678 1160 deinceps,
1694 1083 1885 1161 quemadmc

1126 1170 1201 1230 dum
1214 1176 1297 1231 retro
1311 1190 1433 1252 semper
1447 1173 1575 1233 cessavit
1586 1173 1626 1233 ab
1639 1173 1755 1252 opere?
1768 1174 1801 1233 Si
1812 1175 1885 1235 311113

1126 1261 1207 1322 ullus
1220 1268 1323 1323 motus
1340 1264 1375 1324 in
1392 1266 1454 1325 Deo
1467 1284 1567 1326 novus
1580 1265 1691 1341 extitit,
1709 1269 1741 1325 et
1756 1266 1886 1327 voluntas

1126 1372 1217 1430 nova,
1228 1360 1264 1415 31
1273 1356 1420 1418 conderet
1431 1363 1615 1433 creaturam,
1628 1375 1725 1437 quam
1736 1377 1885 1438 nunqnam

1126 1451 1197 1507 ante
1209 1446 1397 1522 condiderat,
1407 1449 1563 1528 quomado
1569 1449 1636 1527 jam
1644 1467 1720 1510 vera
1730 1452 1882 1521 artemius

1126 1538 1180 1598 ubi
1205 1541 1303 1599 oritur
1325 1540 1479 1616 voluntas,
1506 1559 1577 1620 quai
1593 1560 1658 1602 non
1682 1547 1749 1602 crat
1762 1541 1778 1603 1
1792 1543 1884 1622 Neque

1127 1632 1211 1690 enim
1223 1630 1366 1692 voluntas
1380 1633 1434 1693 Dei
1446 1639 1588 1694 creatura
1598 1639 1655 1709 331,
1667 1633 1720 1694 sed
1729 1640 1803 1694 ante
1812 1652 1884 1695 erca-

1127 1729 1245 1798 113333
1262 1725 1335 1802 quia
1348 1743 1412 1784 333
1431 1732 1587 1786 crearetur
1601 1726 1728 1804 aliquid,
1742 1727 1801 1786 nisi
1815 1746 1886 1788 crea-

1127 1815 1203 1874 toris
1220 1815 1363 1876 voluntas
1380 1818 1578 1896 praecederet.
1599 1839 1615 1873 1
1638 1818 1676 1878 Ε1
1693 1818 1827 1895 sequenti
1841 1838 1883 1879 ca·

1128 1907 1190 1987 pite
1217 1928 1224 1968 :
1249 1929 1264 1965 ιι
1286 1909 1415 1983 Quodsi
1431 1915 1574 1970 exortum
1591 1915 1637 1969 est
1655 1909 1771 1988 aliquid
1791 1913 1820 1970 in
1839 1911 1885 1970 1131

1129 1998 1308 2076 substantia,
1324 2000 1408 2079 quod
1421 2001 1507 2080 prius
1516 2020 1581 2062 non
1592 2008 1669 2077 erat,
1678 2020 1742 2062 non
1751 2002 1886 2063 verenter

1129 2091 1240 2153 dieitur
1254 2097 1369 2153 aeterna
1380 2092 1433 2152 illa
1446 2093 1626 2154 substantia.
1640 2115 1657 2151 3

1168 2185 1309 2245 Tertium
1318 2185 1357 2245 ad
1366 2185 1398 2245 id
1407 2186 1491 2264 qnod
1501 2186 1682 2265 quaerimus,
1693 2186 1888 2247 necessarium
1928 2229 1930 2232 -
1950 2209 1982 2240 „f

1129 2282 1175 2337 est
1192 2278 1390 2357 principium,
1410 2278 1488 2339 nihil
1504 2279 1538 2338 in
1559 2281 1633 2354 1133,
1648 2278 1813 2357 divinaque
1828 2280 1888 2340 snb
1934 2333 1948 2348 ,

1129 2370 1242 2429 stantia
1262 2369 1452 2447 mutationis,
1468 2389 1504 2431 ac
1523 2371 1668 2431 novitatis
1681 2371 1781 2431 inesse
1799 2390 1888 2451 posse,
1915 2366 1968 2400 ”··’

1129 2479 1231 2540 neque
1244 2461 1435 2541 qualitatem,
1450 2480 1551 2542 neque
1563 2464 1716 2524 actionem
1729 2469 1761 2524 et
1769 2470 1888 2544 1113331»,

1130 2571 1231 2633 neque
1249 2571 1316 2614 rem
1330 2553 1427 2614 ullam
1443 2554 1576 2635 deniqne
1592 2577 1599 2616 :
1618 2556 1704 2636 quod
1715 2556 1750 2615 in
1767 2557 1891 2635 3333113

1130 2646 1216 2707 ribus
1234 2647 1394 2726 capitibus,
1411 2653 1442 2706 31
1452 2646 1531 2708 libro
1549 2648 1696 2725 secundo,
1710 2666 1783 2709 eum
1797 2648 1890 2709 dallei

1131 2737 1324 2817 simplicitate
1338 2739 1548 2815 disseruimus,
1564 2740 1609 2800 ita
1620 2746 1666 2801 est
1677 2740 1851 2820 probatum,
1861 2745 1891 2800 ut

1132 2830 1210 2890 nibil
1222 2830 1261 2890 ad
1272 2848 1309 2890 ee
1319 2830 1378 2891 hoe
1390 2830 1456 2891 loeo
1468 2832 1754 2910 33133333113311131.

310 2924 451 2997 carentis,
464 2928 619 2999 31331331
633 2924 672 2983 ab
686 2924 774 2984 initio
785 2930 895 3004 coepta,
909 2929 939 2984 et
952 2924 1015 2987 linc
1026 2927 1082 2987 ali-

310 3034 372 3095 quo
383 3016 560 3091 terminata,
576 3020 608 3077 et
621 3034 691 3094 qum
708 3016 818 3076 ababa
829 3022 951 3093 natura,
967 3036 1007 3078 ne
1021 3018 1082 3079 dis-

310 3106 387 3167 solvi
405 3111 498 3187 queat
518 3113 748 3167 conservatum.
771 3129 786 3165 ν
809 3108 845 3168 Et
861 3108 978 3187 aliquot
991 3110 1085 3171 inter-

1172 2922 1323 2995 Quartum
1335 2922 1463 3002 perinde
1474 2924 1585 2984 iisdem
1598 2926 1632 2984 in
1642 2924 1719 2985 locis
1731 2925 1890 2985 3331331331
1908 2935 1927 2978 n

1132 3018 1189 3090 est,
1201 3014 1320 3075 nullam
1334 3017 1456 3094 penitus
1464 3015 1498 3075 in
1509 3016 1563 3076 Dei
1572 3016 1744 3077 substantia
1752 3017 1889 3096 campod-

1132 3105 1250 3167 tionem
1263 3125 1352 3186 posse
1369 3107 1448 3182 fieri,
1462 3109 1526 3168 sive
1540 3116 1659 3186 313131,
1674 3114 1770 3189 atque
1784 3128 1821 3169 ex
1830 3126 1889 3188 par·
1913 3117 1919 3136 ³
1934 3113 1979 3128 ⁰

310 3199 426 3278 positis,
446 3221 461 3255 ιι
479 3199 632 3259 audonem
644 3199 768 3260 creandi
786 3200 1026 3261 substantialiter
1041 3203 1085 3263 ait
1121 3198 1215 3285 ¹tibus
1221 3198 1406 3277 quibusdam
1412 3198 1619 3278 substantivis,
1630 3201 1695 3262 sire
1701 3219 1741 3261 ex
1749 3201 1890 3263 accidente

311 3291 409 3351 inesse
418 3292 577 3370 De03quce
586 3297 692 3352 autem
701 3293 873 3354 seeundum
882 3291 1084 3354 substantiam
1133 3295 1164 3351 et
1177 3289 1358 3351 substantia.

312 3381 428 3457 insunt,
442 3383 555 3442 3313131
564 3401 628 3443 333
639 3382 784 3463 posset.»
799 3385 848 3445 Sic
859 3389 930 3445 ante
941 3384 1026 3446 bunc
1037 3385 1083 3445 lo·
1174 3384 1225 3445 lv.
1240 3384 1279 3444 lis
1290 3390 1422 3463 quattrm
1431 3401 1470 3444 ex
1480 3383 1637 3463 principiis
1646 3384 1889 3446 necessarioillnd

312 3493 384 3534 eum
394 3474 559 3534 volimtatis
570 3475 725 3536 actionem
736 3476 865 3537 minime
879 3495 950 3537 cum
963 3477 999 3537 iis
1009 3478 1086 3539 desi·
1134 3476 1276 3551 nectitur,
1296 3476 1381 3556 quod
1400 3476 1592 3555 Augustinus
1616 3476 1715 3555 capite
1737 3477 1791 3538 1113
1809 3477 1890 3537 unde

312 3584 399 3642 nere,
417 3585 493 3646 quae
516 3566 555 3627 ab
575 3567 642 3646 ipsa
666 3566 746 3627 fiunt
767 3568 814 3628 his
837 3568 939 3629 verbis
954 3568 1082 3631 docuit:
1134 3569 1214 3629 cimo
1226 3567 1298 3629 libri
1311 3566 1530 3649 Consentaneum
1541 3568 1710 3645 undecimi,
1724 3568 1889 3630 3333311113

316 3679 332 3716 a
346 3659 408 3718 Nec
422 3659 517 3733 cuim,
531 3658 556 3717 si
575 3677 611 3718 ea
628 3677 793 3738 ponemus,
808 3678 878 3738 quae
894 3679 913 3720 3
930 3661 992 3721 Deo
1007 3660 1086 3722 13313
1134 3660 1289 3741 principio
1299 3660 1469 3721 concludit:
1486 3661 1559 3722 «Ad
1570 3660 1669 3740 ipsam
1678 3678 1754 3740 ergo
1766 3662 1821 3722 1131
1830 3660 1888 3721 sub

313 3755 397 3827 sunt,
415 3739 486 3830 quae'
502 3755 576 3811 sunt
596 3769 644 3825 ca,
661 3769 731 3830 (333
745 3753 809 3831 1333
822 3751 931 3827 voluit,
946 3752 1084 3830 interire,
1134 3753 1279 3813 stantiam
1295 3752 1428 3832 pertinet
1438 3753 1582 3813 volumtas
1595 3752 1672 3830 ejus.
1688 3776 1704 3810 1
1722 3754 1761 3814 Et
1776 3752 1889 3833 (13111133

313 3860 385 3905 3313
408 3842 445 3902 iis
471 3843 564 3903 etiam
586 3842 793 3904 substantialis
813 3844 909 3923 ipsius
930 3843 1083 3922 voluntas,
1135 3844 1361 3905 Alexandrinus
1377 3844 1410 3903 in
1425 3844 1548 3924 dialogo
1567 3845 1677 3923 quinto
1694 3843 1730 3906 de
1747 3844 1888 3918 Translate,

314 3954 384 4016 quae
396 3940 467 3996 ante
481 3935 534 3995 illa
547 3935 699 4013 cogitatur
713 3941 744 3996 et
757 3941 802 3997 est
813 3954 924 3997 eorum
936 3935 1083 4016 effectrix,
1135 3938 1211 3998 dum
1225 3938 1490 3997 Eunomianorum
1504 3942 1647 4015 argutam
1661 3937 1889 3999 calumniame

314 4028 407 4089 simul
417 4027 613 4088 1313111111.»
1133 4029 1211 4090 131111
1232 4028 1396 4104 aientium,
1423 4029 1535 4089 Filium
1554 4047 1620 4089 non
1648 4046 1714 4090 esse
1738 4029 1889 4107 imaginem

356 4119 1086 4184 111.1133133313131331333333113133333333
1135 4127 1272 4203 paternae
1286 4120 1475 4195 substantiae,
1486 4120 1889 4197 sedvolunlatis,nihilbanc

315 4213 424 4273 iisdem
442 4217 534 4291 atque
552 4212 604 4272 ille
622 4211 724 4272 verbis
746 4217 854 4273 contra
871 4213 1087 4276 Monctbelitas
1135 4214 1175 4276 ab
1189 4214 1242 4274 illa
1259 4213 1382 4274 differre
1400 4213 1568 4274 contendit.
1590 4214 1728 4293 algitur,
1745 4215 1887 4292 qnoniam,

316 4303 469 4365 concludit
480 4304 557 4364 duas
567 4305 600 4363 in
612 4304 730 4364 Christo
740 4309 859 4384 ἐνεργείας
869 4322 944 4381 esse,
958 4305 1086 4367 alteram
1135 4306 1245 4385 inquit,
1261 4305 1392 4385 simplex
1405 4311 1449 4366 est
1462 4305 1616 4379 divinitas,
1631 4310 1663 4365 et
1677 4305 1763 4367 omni
1780 4322 1889 4383 compo

354 4528 375 4567 a
393 4512 497 4568 Μ11111.
516 4510 573 4565 ’Ἔτι
585 4511 900 4579 τεῆκτιοτλν,ἢᾶκτιστον
908 4512 988 4583 λέγειν
995 4511 1086 4581 tauma
1172 4513 1190 4568 b
1208 4512 1277 4568 ibid.
1297 4510 1327 4566 El
1338 4511 1588 4583 obmutescendum
1607 4516 1643 4583 τῷ
1660 4509 1887 4584 δεῷῆδημιοσργαὴ

318 4595 544 4667 ἀναγκαισθήσεσθε·
571 4593 652 4661 ἐπειδὴ
672 4595 746 4666 μέσον
767 4597 883 4661 κτιστῆς,
906 4596 947 4663 qut
972 4594 1087 4649 ἀπτίστου
1137 4595 1253 4668 ἐνέργεια,
1267 4594 1297 4649 τὰ
1310 4594 1337 4648 δὲ
1348 4594 1473 4656 odorabas
1484 4596 1618 4666 προσόντα,
1628 4597 1670 4647 uod
1679 4595 1830 4666 ἀνσφσίρετσ,
1840 4600 1888 4648 etc.

318 4678 419 4751 οὐδεμία
435 4676 538 4749 ὓπάρχει
557 4676 586 4730 τδ
603 4676 717 4730 σύνολον.
736 4676 776 4729 aad
796 4675 817 4729 εἰ
836 4675 879 4749 μὲν
898 4678 995 4746 caterba
1011 4676 1086 4745 αὐτὴν
1172 4694 1187 4734 3
1205 4678 1275 4734 ibid.
1294 4677 1356 4732 Οὔτε
1366 4678 1424 4750 γὰρ,
1440 4676 1625 4749 εἰδποδώμεδα,
1637 4676 1670 4730 τὰ
1680 4676 1706 4730 ἔνι
1718 4682 1760 4731 τοῦ
1772 4676 1887 4746 13313111-

318 4764 416 4834 plotas,
429 4759 538 4826 κειστὴν,
550 4759 591 4812 καὶ
602 4761 678 4831 μόνην
690 4760 796 4825 δηλώσει
808 4759 887 4830 φύσιν.
900 4759 921 4812 31
928 4759 954 4812 δὲ
961 4760 1086 4826 azimos,
1138 4780 1198 4833 μονα
1215 4759 1305 4830 θελητὰ
1329 4760 1403 4814 αὐτοῦ
1424 4761 1484 4813 ὄντα
1506 4760 1679 4831 ἀπογενέσθαι,
1702 4760 1794 4820 τούτοις
1810 4759 1846 4811 acl
1863 4758 1886 4810 :l

319 4842 486 4899 denominat
501 4842 577 4912 μόνην
594 4842 766 4914 papatui-eppira
788 4842 868 4913 φύσιν.
881 4842 980 4916 Δεῖγὰρ
991 4844 1088 4905 πάντως
1136 4844 1354 4915 προεπινοοόμενον
1375 4841 1454 4896 αὐτῶν
1473 4840 1588 4904 οὐσιῶδες
1604 4840 1695 4907 αὐτοῦ,
1719 4843 1758 4894 καὶ
1778 4839 1884 4908 ποιητικὸν

318 4926 463 4996 κατάλληλα
486 4927 539 4987 ταῖς
559 4925 643 4995 φύσεσι
662 4925 694 4978 τὰ
717 4925 805 4996 φυσικὰ
828 4919 899 4978 εἶναι·
924 4926 965 4979 καὶ
985 4932 1038 4988 πῶς
1058 4929 1086 4979 ἂν
1136 4927 1231 4999 θέλημα
1241 4927 1471 4998 σοναπογενήσεται.

319 5010 420 5063 δονατδν
438 5012 482 5075 τῆς
494 5007 593 5075 ντιοτὴς
606 5007 709 5079 fictae,
722 5009 763 5061 καὶ
774 5007 895 5080 ἠργμένης
903 5008 1016 5062 deuictos
1027 5004 1088 5062 εἶναι
1173 5008 1194 5064 cl
1213 5008 1455 5066 1113133113111.
1474 5006 1511 5063 de
1524 5005 1604 5079 Fine,
1620 5022 1681 5078 cap.
1697 5023 1742 5063 xv.
1761 5006 1840 5078 Elpia
1852 5006 1886 5057 mi

320 5092 363 5160 τὴν
378 5091 498 5163 ἐνέργειαν
509 5091 617 5163 drappos
636 5109 672 5154 τε,
690 5090 730 5143 καὶ
749 5092 859 5163 ἄπειρον,
875 5092 915 5144 καὶ
930 5091 1086 5164 δημιουργὸν,
1137 5094 1256 5146 δεσπότου
1265 5092 1369 5164 Χριστοῦ
1376 5092 1416 5145 καὶ
1426 5089 1564 5163 {rippam
1573 5089 1658 5157 κτισιὴ
1667 5090 1742 5151 ἔσται,
1754 5090 1770 5157 i,
1782 5088 1885 5147 13311111

320 5173 1088 5247 1331313311,ἢτῆςάκτῐστουκαὶάνάρχουκτιστὴν,καὶ
1139 5176 1213 5247 μέσον
1236 5174 1282 5248 γὰρ
1308 5176 1401 5229 τούτων
1427 5174 1472 5228 obn
1498 5174 1562 5227 ἔστιν
1591 5172 1714 5245 ἐνέργεια,
1743 5172 1823 5242 ὥσπερ
1841 5166 1885 5220 citt

320 5257 454 5331 ἠργμένην,
481 5257 522 5308 καὶ
550 5257 745 5328 πεπερασμένην,
772 5257 869 5328 131113
889 5256 1088 5330 ἓτέραςπρδςτδ
1137 5258 1215 5330 φύσις,
1235 5265 1293 5312 etc.

323 5339 454 5393 ἀδιάλυτον
469 5333 532 5390 εἶναι
551 5339 732 5409 σννεχομένην;
