4096 6190
334 292 395 353 654
836 276 1162 346 THEOLOGICORUM
1189 278 1406 342 UOGMATUM

334 458 516 536 arbitriique
533 454 690 515 nostrin»)
708 453 784 526 Qus
802 451 862 511 nisi
880 447 1041 511 commode
1058 447 1105 507 in·
1152 446 1264 525 cuique
1278 446 1417 520 modum,
1433 452 1566 525 tempus,
1578 463 1614 506 ec
1622 444 1776 505 rationem
1787 444 1922 522 prescri-

334 550 524 629 telligsntur,
540 546 676 628 proiecto
692 543 863 606 suntialsa·
881 542 941 603 Sed
954 539 1104 601 nimirum
1151 549 1249 611 beret.
1275 551 1373 623 Quem
1405 549 1533 628 quidem
1564 566 1739 610 sermonem
1765 554 1921 628 postremo

334 640 561 720 providentium
575 657 611 700 eo
631 656 723 699 sensu
743 639 949 698 Dsmsscenus
962 637 1101 712 usurpat,
1152 641 1209 703 hee
1222 642 1431 722 pulcherrima
1450 641 1615 720 Augustini
1629 641 1779 705 sententis
1796 640 1921 702 conclu-

334 737 371 792 ut
383 734 422 793 sit
435 732 689 794 nbsclutnrernm
700 730 876 790 futurarum
890 725 1053 799 ordinatio,
1069 740 1105 783 ec
1152 734 1249 795 daim
1270 734 1455 809 «voluntis,
1478 732 1591 813 inquit²
1610 734 1666 794 Dei
1688 739 1735 794 est
1755 733 1868 813 prima,
1892 736 1923 793 et

334 824 502 904 dispositio,
518 842 580 904 qus
591 823 665 902 quid
677 821 805 883 Omnino
816 819 889 881 velli
900 818 979 893 fieri,
995 816 1106 877 discer-
1152 844 1276 887 summa
1289 843 1381 887 causa
1392 825 1534 886 omnium
1559 826 1764 906 corporalium
1778 825 1922 905 spiritua-

334 917 382 976 nit
406 918 504 993 Deus3
529 932 587 978 nee
611 913 778 976 voluntatis
808 917 921 972 nostre
952 910 1104 970 rationem
1152 918 1292 997 numque
1303 918 1488 980 motionum,
1502 917 1586 978 Nihil
1598 918 1683 979 enim
1696 917 1733 978 fit
1750 916 1921 989 visibiliter,

335 1007 437 1085 hebet,
454 1013 489 1068 ut
504 1013 579 1069 sunt
594 1024 641 1084 es,
661 1023 731 1086 quse
751 1024 808 1065 nos
827 1003 964 1075 fosete,
979 1007 1010 1061 et
1032 1014 1105 1060 essu
1153 1015 1185 1071 et
1200 1010 1394 1087 sensibiliter,
1410 1010 1494 1090 quod
1516 1010 1634 1071 nonde
1654 1008 1811 1085 invisibili,
1826 1015 1860 1071 et
1877 1010 1923 1070 in·

334 1105 408 1160 nete
432 1100 596 1162 credimus.
628 1099 673 1159 Ac
696 1103 820 1157 tantum
847 1094 942 1162 abest,
967 1099 1004 1153 nt
1034 1106 1104 1171 que
1152 1102 1304 1182 teuigibiii
1331 1102 1445 1163 summi
1476 1102 1672 1183 imperatoris
1700 1102 1772 1163 aula
1797 1107 1853 1162 aut
1869 1102 1922 1180 ju-

334 1190 439 1252 liberis
458 1208 497 1254 ex
517 1191 615 1253 censis
636 1190 789 1263 oriuntur,
811 1185 1012 1267 providentius
1034 1185 1105 1244 sule
1152 1193 1277 1271 bestiis,
1300 1199 1355 1256 aut
1380 1194 1588 1274 permittam,
1614 1194 1785 1255 secundum
1818 1194 1923 1254 innisi

330 1281 412 1362 jectu
424 1300 490 1345 non
508 1285 581 1360 sint,
603 1288 639 1343 ut
654 1282 814 1343 Nemesius
831 1284 934 1358 neget,
959 1295 1021 1337 ces
1033 1295 1105 1355 ques
1152 1284 1249 1346 bilem
1259 1286 1411 1365 justitiam
1422 1286 1623 1366 premiorum
1641 1292 1734 1366 alque
1745 1304 1919 1366 poensmm,

334 1375 527 1455 prOVltlenilfl
542 1380 705 1454 geruntur,
730 1371 901 1434 necessitati
922 1368 1100 1430 subessel’.)
1152 1377 1340 1457 gratim-um,
1365 1383 1396 1439 et
1418 1378 1671 1455 retributionum,
1689 1379 1726 1439 in
1747 1378 1807 1439 ista
1828 1380 1922 1439 totius

334 1466 628 1546 Elelegentissimus
636 1467 789 1544 interpres
799 1462 972 1555 Aristotelis¹
979 1463 1105 1523 Ammo·
1152 1474 1301 1531 cresturae
1324 1470 1513 1552 amplissime
1537 1471 1682 1551 quadam,
1710 1471 1922 1551 immenseque

334 1557 405 1619 nius
421 1558 455 1618 in
471 1558 587 1619 librum
609 1556 645 1618 de
661 1553 919 1636 Intepretctione,
943 1554 1105 1614 «ordinari
1153 1559 1343 1641 republica&
1354 1584 1370 1620 »

334 1649 496 1725 attactis,
521 1667 591 1730 quse
612 1648 824 1727 contingentia
843 1651 928 1721 sunt,
948 1650 1105 1706 eteorum

265 1730 271 1741 '
335 1743 451 1805 exitum
464 1741 667 1803 determinate
680 1739 851 1819 cognoscit
863 1758 878 1795 ι
891 1737 981 1811 Quod
995 1743 1026 1797 et
1035 1737 1106 1797 Hie-

334 1836 432 1896 rocles
454 1834 487 1894 in
509 1833 590 1893 libro
614 1832 650 1893 de
669 1828 865 1893 Providentes
882 1828 1019 1889 tradidit.
1047 1828 1105 1902 Qui
1395 1817 1599 1900 CAPUT
1634 1819 1688 1903 V.

339 1926 460 1987 «brutis
473 1925 516 1985 sit
526 1924 668 1985 sufficere
678 1922 856 2003 generalem
865 1918 1102 2001 providentium,

334 2012 1106 2097 sctotfimpensemspeeieiNosver0,nisisingil-

334 2109 433 2179 latim
462 2124 498 2169 se
519 2124 576 2188 per
602 2107 708 2168 omnis
737 2104 929 2185 providentis
953 2104 1102 2183 regimur,
1154 2107 1198 2170 De
1224 2108 1405 2191 cresceretis
1427 2107 1549 2191 οίιοιιον,
1575 2109 1679 2192 quates
1703 2108 1805 2174 τίν’νίιια
1822 2112 1922 2193 proni-

335 2202 412 2264 edec
433 2205 470 2261 ut
485 2199 573 2276 nihil,
595 2199 679 2277 quod
702 2199 742 2259 sd
763 2214 821 2258 nos
846 2196 990 2277 pertinet,
1020 2202 1106 2257 extre
1193 2199 1294 2261 dentis
1310 2201 1480 2282 oppcqneri
1497 2200 1587 2271 scien
1600 2219 1667 2283 qne
1679 2203 1778 2264 οινιιία
1790 2201 1832 2265 ccl
1844 2212 1923 2266 ectu

335 2294 489 2354 rationem
497 2291 700 2372 providentioe
711 2291 760 2363 sit,
771 2306 970 2369 nequaquem
980 2306 1106 2349 eonsen-
1192 2291 1312 2354 reducta
1334 2292 1432 2373 capita
1454 2290 1619 2354 diluuntur.
1653 2292 1751 2355 Veluti
1770 2294 1849 2377 quod
1878 2297 1923 2357 ια’-

335 2392 460 2447 uncam
477 2384 567 2445 nohis
584 2399 692 2444 curem
711 2380 963 2461 mseqnimur‘is
987 2381 1105 2442 Verum
1192 2384 1286 2444 mium
1300 2384 1463 2465 mentiosus
1482 2393 1552 2445 esset
1571 2385 1649 2447 Deus
1663 2407 1675 2448 .·
1688 2385 1767 2468 quod
1783 2385 1879 2449 multu
1892 2388 1923 2448 ιἰι

335 2481 436 2557 potest
449 2474 597 2537 Hieroclis
614 2493 651 2536 es
666 2490 755 2535 mens
769 2490 844 2541 esse,
861 2489 956 2553 qnam
967 2477 998 2532 et
1013 2490 1104 2552 supe·
1193 2474 1301 2536 mundo
1333 2474 1416 2535 νιαίο
1444 2475 1512 2536 sint.
1539 2474 1643 2557 Opinio
1671 2477 1815 2546 Accedit·
1844 2478 1923 2541 ιοοίο
2043 2528 2044 2541 .

335 2569 401 2628 rins
423 2566 622 2647 exposuimus
644 2572 702 2626 :ut
724 2583 770 2632 es.
796 2583 866 2644 quse
889 2580 928 2625 ex
947 2564 1107 2625 voluntate
1194 2566 1281 2627 τινοιν
1300 2566 1385 2647 culpa
1408 2567 1538 2628 οονοννίο
1557 2586 1618 2629 non
1637 2587 1695 2629 esse
1707 2589 1727 2630 α
1741 2568 1826 2630 Deo:
1837 2589 1872 2630 ec
1889 2589 1923 2631 ne

336 2663 441 2719 nostre
463 2658 609 2738 pendent,
632 2658 666 2718 in
689 2656 780 2717 nohis
806 2674 871 2716 esse
898 2656 997 2736 posits
1019 2655 1104 2716 velit.
1194 2659 1309 2719 cosmas
1322 2656 1440 2739 quidem
1449 2658 1658 2741 maliccpoees.
1677 2659 1922 2722 Cerersmcle

337 2750 623 2812 Providentisevero
638 2749 751 2810 divine
764 2748 803 2808 sit
813 2764 940 2823 munus,
951 2746 1008 2807 hec
1022 2748 1108 2809 velut
1196 2768 1253 2810 esre
1269 2749 1362 2818 velit,-
1373 2758 1401 2810 et
1416 2749 1492 2831 quid
1501 2750 1640 2813 utilitatis
1654 2748 1820 2833 consciunt,
1837 2752 1923 2813 etima

337 2844 496 2904 occasione
519 2843 607 2918 dete,
632 2840 708 2921 quid
728 2840 871 2919 deinceps
900 2838 975 2900 velit
998 2840 1108 2900 consti·
1196 2841 1265 2911 illa,
1289 2841 1391 2923 quitus
1413 2841 1488 2903 moli
1506 2841 1586 2923 fiunt
1606 2842 1746 2904 homines.
1772 2843 1849 2905 item
1872 2863 1924 2906 cur

337 2941 449 2996 tuere:
465 2934 559 2995 veluti
584 2951 702 3013 poenes,
728 2937 783 2992 sut
800 2932 929 3011 premis
948 2937 1108 3011 certosque
1196 2934 1281 2995 malet
1293 2933 1371 3003 bene,
1389 2933 1470 2995 bonis
1483 2933 1559 2996 ινοίο
1572 2934 1721 2996 interdum
1735 2936 1858 2997 πνοαῖσι.

338 3044 445 3089 rerum
471 3026 571 3087 exitus
600 3024 740 3086 delinire.
768 3023 842 3096 Quee
868 3023 1107 3100 Platonicorum,

339 3119 532 3198 sliornmque
543 3116 645 3178 iiritin
657 3115 742 3176 istsli
753 3115 967 3176 constituenda
979 3116 1108 3177 necessi·
1199 3116 1222 3175 Ι.
1244 3116 1292 3176 Ad
1312 3115 1484 3176 institutam
1502 3114 1541 3175 de
1558 3116 1613 3177 Dei
1631 3116 1825 3196 providentie
1842 3117 1925 3178 clen-
1987 3138 2031 3201 cn

339 3216 403 3272 tete
415 3211 584 3284 sententis3
600 3209 646 3269 uti
663 3226 757 3287 snpra
769 3206 981 3268 meminimus.
997 3208 1111 3269 Aufer·
1158 3209 1293 3269 dendem
1311 3207 1551 3286 disputationem
1564 3215 1757 3287 postremum
1776 3210 1855 3272 illnd
1875 3229 1926 3271 su·
1948 3176 2044 3329 'Q

340 3303 428 3364 tussis
441 3301 481 3362 sd
494 3319 567 3362 enm
578 3300 708 3361 modum
720 3298 945 3378 providentiam
958 3300 1111 3380 explicere
1159 3305 1271 3380 perest,
1284 3305 1320 3360 ut
1337 3317 1407 3378 quse
1424 3299 1569 3360 sdrersus
1582 3318 1652 3361 eam
1666 3309 1877 3381 opponuntur,
1893 3304 1929 3362 in
1988 3301 2044 3375 δῆν

341 3394 440 3455 voluit
463 3393 598 3454 Josnnes
624 3393 846 3467 Demsseenus,
870 3396 906 3452 nt
925 3410 995 3471 qnae
1022 3391 1112 3453 liberi
1159 3391 1218 3453 hoe
1244 3397 1337 3471 ceput
1364 3390 1573 3467 conferemus3
1599 3410 1657 3452 nec
1678 3397 1787 3453 temen
1811 3395 1926 3469 omnis,
1973 3366 2040 3409 'sp

342 3484 556 3560 suntsrhitrii,
572 3484 658 3544 nulls
671 3483 862 3558 necessitate,
874 3489 928 3544 eut
939 3483 1113 3545 definientis
1161 3485 1244 3563 quod
1267 3483 1424 3544 infinitum
1446 3485 1495 3558 sit,
1521 3482 1575 3543 sed
1592 3502 1692 3563 penca
1714 3503 1754 3545 ex
1771 3486 1928 3559 omnibns,

342 3576 545 3657 providentis
560 3575 818 3652 legeteneenmr3
836 3575 900 3648 sed,
919 3575 957 3635 iis
972 3581 1114 3655 spontes
1161 3577 1210 3637 vel
1227 3593 1349 3637 summe
1362 3574 1464 3655 potius
1486 3577 1629 3651 omnium
1652 3577 1761 3657 cupite,
1792 3584 1930 3639 «ntun-
2043 3606 2044 3645 i

343 3668 434 3730 nobis
445 3666 562 3748 positis,
577 3666 644 3744 jum
657 3666 742 3744 qnod
761 3683 854 3726 suum
873 3671 928 3734 est,
943 3667 1025 3727 Dens
1042 3685 1112 3729 exe·
1162 3670 1234 3730 dem
1249 3668 1426 3746 alienando,
1448 3667 1532 3745 qnod
1550 3668 1593 3728 eit
1610 3669 1750 3747 Boetius,
1772 3670 1931 3731 stultin'sm

345 3765 468 3839 quatur.
484 3759 602 3819 Verum
616 3763 783 3835 utcumque
802 3758 861 3817 ists
878 3757 1033 3833 dicuntur,
1049 3778 1115 3820 non
1163 3760 1448 3840 megnslstrsntem
1467 3758 1515 3818 sni
1530 3759 1696 3839 pudest¹.r
1710 3762 1839 3823 Prorsus
1849 3764 1931 3823 enim

346 3857 392 3912 est
418 3850 560 3923 dubium,
586 3849 663 3928 quin
682 3867 802 3924 eorum,
823 3866 892 3929 quse
913 3849 952 3909 ab
974 3850 1116 3912 libertate
1163 3852 1285 3927 stultus,
1299 3856 1329 3912 et
1341 3850 1481 3932 insipiens
1500 3856 1546 3911 est
1558 3870 1622 3912 nou
1636 3852 1741 3912 minus
1754 3854 1810 3934 qni
1830 3854 1930 3933 prosi·

346 3948 452 4004 nostre
465 3943 613 4022 pendent,
630 3942 774 4020 quedem
791 3946 917 4002 auctore
942 3960 978 4003 se
993 3942 1116 4005 volente
1164 3943 1301 4005 dentiam
1314 3960 1379 4003 non
1397 3959 1473 4015 esse,
1493 3960 1589 4021 quem
1606 3944 1661 4022 qui
1684 3962 1745 4004 con
1765 3963 1824 4005 esse
1841 3943 1932 4005 Deum

347 4037 421 4110 Deo,
451 4034 511 4095 elis
532 4034 741 4115 permittente,
765 4033 871 4093 omnis
890 4034 1070 4112 praesciente
1086 4042 1118 4097 et
1165 4034 1237 4096 dr‘eit
1248 4036 1279 4095 ic
1291 4031 1447 4094 cordetuo.
1468 4033 1569 4107 «Quid
1581 4040 1686 4096 nutem
1697 4041 1763 4096 tam
1775 4036 1931 4109 stolidum,

345 4127 510 4188 ordinante
526 4127 717 4204 contingant.
735 4126 781 4184 Ex
800 4143 863 4203 quo
881 4131 912 4185 et
924 4126 1117 4205 singulorum
1166 4128 1209 4188 eit
1231 4126 1427 4202 Ambrosius,
1456 4143 1551 4205 quem
1582 4132 1702 4207 putere,
1730 4129 1814 4207 quod
1838 4131 1935 4190 Detun
2043 4120 2044 4123 '

347 4236 455 4279 rernm
484 4216 676 4298 providentie
702 4215 938 4295 comprohatum
960 4219 1034 4297 quie
1053 4237 1118 4280 non
1167 4219 1337 4300 quidquem
1352 4222 1523 4297 praetereet,
1542 4236 1614 4279 cum
1636 4219 1700 4295 sol,
1722 4219 1778 4299 qni
1797 4222 1935 4282 minister

349 4314 474 4390 possent
486 4308 634 4383 ordinari,
652 4313 684 4368 et
696 4308 736 4368 sd
754 4308 900 4368 eumdem
915 4308 1033 4370 exitum
1046 4330 1118 4371 con·
1166 4311 1294 4373 luminis
1310 4315 1366 4385 est,
1385 4308 1457 4390 (sed)
1474 4310 1566 4370 etiem
1579 4311 1683 4371 abdite
1696 4314 1936 4391 penetret,etin
2043 4306 2044 4331 ¹

349 4402 466 4481 spirare
483 4406 530 4461 tot
549 4419 609 4475 res,
629 4406 778 4478 tanquam
799 4401 892 4460 verice
919 4419 954 4461 sc
973 4401 1115 4480 dissonae,
1167 4403 1370 4464 fundamenta
1382 4402 1502 4480 donum,
1519 4402 1569 4463 vel
1588 4409 1706 4464 secrete
1723 4404 1880 4466 οοιιοίιινίιι
1891 4405 1937 4464 vis

350 4494 410 4554 nisi
422 4509 545 4556 summe
557 4492 618 4554 illis
630 4495 775 4573 preesset
791 4491 950 4572 sepientis,
967 4512 1037 4573 quse
1050 4495 1120 4556 uni-
1168 4495 1279 4559 celcris
1300 4494 1367 4573 ejus
1389 4492 1606 4573 irrumpst³tn
1624 4495 1721 4575 Magis
1732 4497 1810 4559 sdco
1830 4496 1937 4558 dulles

388 4774 410 4816 a
428 4758 544 4816 simu.
565 4752 613 4811 lib.
633 4752 658 4810 ll
685 4752 723 4810 ds
735 4752 815 4810 etde.
834 4755 871 4808 Τὰ
887 4752 936 4828 γὰρ
963 4754 1001 4828 ἐφ’
1018 4756 1078 4830 ἡμῖν
1091 4756 1120 4811 οδ
1204 4757 1226 4814 d
1244 4759 1406 4814 Hmnocnss.
1430 4754 1498 4809 'itt’
1513 4753 1591 4810 ἔκιῖνα
1605 4754 1649 4830 μίν
1662 4760 1700 4830 τῷ
1715 4757 1772 4813 κατ’
1786 4753 1852 4822 titos
1863 4763 1938 4824 σώζε-

352 4849 397 4915 τῆς
409 4841 526 4916 προνοίας
540 4837 616 4893 ἐστίν.
626 4836 693 4890 ἀλλὰ
704 4842 747 4892 τοῦ
757 4836 875 4910 ἡμετέρου
887 4837 1053 4901 cinisculus.
1170 4841 1225 4895 σθαι
1243 4839 1287 4908 τὴν
1303 4839 1422 4911 ἀρκοῦσαν
1446 4839 1497 4912 ἔχει
1524 4842 1652 4912 πρόνοιαν.
1677 4841 1747 4914 ἡμεῖς
1761 4840 1788 4895 δί
1802 4841 1824 4897 ti
1838 4844 1871 4916 pi,
1885 4845 1939 4898 καθ’

391 4928 408 4984 ὁ
426 4925 697 4991 Neues.eep.xn1v.
717 4921 773 4973 Τῶν
795 4919 822 4973 δὲ
844 4921 906 4974 κατὰ
919 4924 1036 4993 πρόνοιαν
1052 4922 1121 4977 οίιδθν
1170 4924 1216 4977 ἕνα
1230 4924 1332 4977 ἕκαστον
1344 4924 1572 4996 προνοηθησόμσθα,
1591 4924 1656 4978 dors
1672 4925 1747 4996 μηδὲν
1765 4924 1939 4998 ιίλογίστωτον

353 5007 498 5065 ὑποπίπτειν
513 5004 616 5077 ἀνάγκῃ,
632 5003 709 5056 πάλαι
723 5002 850 5055 δέδεικται.
1172 5000 1274 5078 electri
1289 5005 1394 5077 προνοίᾳ
1406 5010 1457 5060 τῶν
1471 5005 1525 5060 καθ’
1542 5006 1617 5079 ἡμᾶς,
1633 5006 1702 5061 oisc)
1717 5011 1761 5076 τῆς
1774 5010 1940 5083 spuerem

392 5107 407 5147 o
424 5091 533 5145 iustos.
553 5084 601 5139 Καί
619 5085 787 5139 διατάττεσθαι
807 5084 854 5137 ses
869 5091 918 5139 τῶν
933 5087 994 5141 θεῶν
1010 5086 1043 5141 τθ
1058 5086 1123 5142 lvn-
1172 5089 1304 5162 τωξόμεθα
1315 5086 1471 5161 κηδεμονίας.

357 5176 452 5247 χίμινα
475 5169 570 5242 ῥητέον.
582 5167 624 5222 ναὶ
636 5167 777 5239 ὡρισμένως
799 5168 958 5238 γινώσκεσθαι
976 5168 1056 5225 ιιθτῶν
1079 5169 1123 5237 τὴν

357 5255 464 5311 inicus.

386 5442 397 5487 t
411 5440 436 5485 lo
446 5441 509 5487 dent·
520 5436 593 5492 irosp.
605 5441 663 5481 sent.
676 5446 738 5481 ιιιιι.
747 5455 776 5469 -
785 5434 800 5478 θ
810 5433 860 5480 Lib.
869 5434 900 5481 ill
909 5435 936 5482 ds
946 5438 1032 5484 domei·
1045 5448 1110 5494 prosc
1121 5450 1161 5484 ιιι.
1171 5460 1198 5474 -
1211 5440 1226 5484 t
1239 5438 1287 5485 tn.
1300 5438 1309 5483 l
1325 5439 1385 5495 otto.
1395 5452 1415 5486 ο.
1428 5450 1472 5485 ινιτ
