4096 6190
390 270 442 330 DE
462 269 535 331 DEO
556 270 699 343 DEIQUE
719 265 1064 345 PROPRIE'I'ATIBUS,
1086 271 1158 332 LIII.
1181 271 1265 350 VIII,
1288 272 1372 334 GAP.
1395 273 1446 334 IV.
1650 274 1710 334 653

122 433 239 494 teonde
257 432 313 493 Dei
326 434 452 495 scientia
466 433 597 514 loquens
610 435 653 495 ait
670 435 773 515 ipsum
792 452 890 495 scon·
940 432 1014 496 bere
1036 436 1194 512 subnum3
1221 437 1275 498 sed
1309 437 1462 517 supremis
1492 438 1653 513 duntaxat,
1680 444 1711 499 et

118 523 225 584 fertim
248 525 367 601 omnia,
393 533 424 587 et
450 526 572 605 singula
598 544 662 587 una
689 526 892 606 applicatione
941 528 1114 589 ccelestibus
1122 529 1313 605 incombere,
1324 547 1459 608 quorum
1468 535 1556 591 motu
1565 529 1712 591 inferiora

120 616 278 693 contueri,
310 636 375 678 non
412 623 519 679 tamen
551 619 694 680 rmiversa
730 618 892 698 principali
940 625 1135 699 vegetantur.
1155 621 1242 694 Quod
1257 621 1329 682 libri
1344 620 1379 682 de
1398 621 1510 682 Mundo
1523 622 1564 683 od
1577 620 1712 682 Alexarc-

120 707 295 769 moabitas.
307 730 322 766 ιν
345 709 399 784 Αο,
423 728 496 771 oum
513 710 678 773 hominum
696 730 796 786 causa,
815 729 892 790 prae·
940 708 1140 774 dmcmauetor
1153 712 1332 791 hujusmodi
1343 713 1708 774 similitudinedeclarat¹.

119 800 228 860 sertim
253 801 421 863 electorum
444 802 566 863 condita
587 821 652 864 esse
679 808 798 864 constet
819 802 890 862 mri-
941 802 1021 863 Nam
1035 804 1134 864 Deum
1145 803 1178 863 in
1189 821 1312 864 summo
1326 804 1394 865 coeli
1405 804 1518 865 vertice
1528 804 1712 865 collocatum

120 909 225 967 versa3
238 891 309 971 jure
323 894 362 953 ad
375 894 449 953 istos
463 895 609 974 primario
624 894 778 975 pertinere
791 895 893 975 provi-
941 894 1057 963 asserit,
1071 895 1198 975 cujusvi
1207 896 1331 971 coelum,
1341 902 1371 957 et
1380 896 1437 971 sol,
1447 901 1477 957 et
1486 897 1561 957 luna
1570 897 1711 976 prordme

121 982 261 1045 dentiam
278 985 432 1047 affirmare
452 986 525 1047 licet
538 1006 545 1047 z
557 1006 593 1047 ac
612 988 747 1048 secundo
764 987 844 1063 loco,
860 987 892 1047 id
941 993 1141 1063 moveantur;
1161 988 1245 1049 unde
1259 993 1379 1063 coetera,
1401 1006 1472 1066 quse
1488 989 1626 1049 indidem
1639 994 1713 1069 apta

121 1080 170 1136 est
190 1075 305 1137 homm
324 1077 424 1156 gratia
444 1079 484 1139 ad
506 1084 615 1140 caetera
637 1097 831 1159 permanare.
857 1079 892 1139 ld
941 1083 1024 1153 sunt,
1040 1097 1096 1157 per
1109 1079 1270 1158 interjecta
1283 1079 1337 1140 illa
1360 1098 1488 1159 corpora
1501 1081 1661 1159 trajectum
1677 1081 1711 1142 in

122 1167 431 1248 enimSc1iptmisac
457 1176 634 1232 sanctorum
644 1173 770 1232 Petrum
779 1171 891 1233 doctri-
941 1186 973 1229 sc
998 1188 1097 1231 causoc
1130 1172 1297 1251 superioris
1320 1171 1516 1233 efficientiam
1545 1173 1710 1253 accipiunt.

122 1278 173 1320 nae
187 1267 429 1323 consentaneum
446 1269 506 1338 cst;
523 1282 588 1323 non
607 1264 650 1324 ita
671 1270 788 1341 tamen,
805 1270 840 1325 ut
853 1282 892 1325 ox
945 1262 1039 1322 «Non
1061 1280 1148 1324 sectus
1170 1269 1263 1341 atque
1283 1263 1327 1323 illi
1354 1264 1581 1326 machInatores
1599 1265 1710 1343 solent,

120 1351 281 1428 accidenti,
296 1371 397 1433 neque
415 1354 539 1434 proprie
552 1355 633 1415 Deus
645 1355 771 1416 illorum
784 1374 892 1417 cruam
941 1353 995 1431 qui
1026 1355 1233 1416 instrumento
1251 1375 1315 1416 uno
1338 1356 1527 1417 demittendo
1549 1357 1664 1418 multos
1682 1364 1714 1420 et

119 1448 220 1521 gerat,
235 1449 270 1504 ut
281 1444 435 1506 Aristoteli
461 1447 640 1526 caeterisque
650 1446 752 1508 visum
766 1454 822 1523 est,
838 1450 892 1528 qui
941 1445 1042 1506 varios
1052 1447 1178 1508 effeetus
1192 1450 1297 1516 edunt,
1309 1455 1364 1510 aut
1373 1454 1410 1508 ut
1423 1449 1468 1509 illi
1476 1449 1713 1529 prestigiatores

120 1536 307 1597 universalia
329 1538 478 1598 duntaxat
500 1539 539 1598 ab
563 1539 617 1600 illo
639 1540 739 1600 curari
759 1542 893 1603 credide-
940 1536 1168 1618 saclunt,·quos
1188 1541 1409 1619 Neurospastas
1432 1540 1471 1602 oh
1494 1540 1526 1600 id
1544 1542 1711 1620 appellant,

120 1634 206 1688 runt.
223 1630 266 1689 lie
280 1647 342 1709 quo
362 1630 432 1690 ride
445 1630 656 1692 Alexandrum
673 1633 892 1711 Aphrodisien-
941 1629 1078 1707 quicum
1093 1631 1349 1711 funiculumipsi,
1364 1637 1418 1693 aut
1435 1650 1566 1693 nervum
1579 1633 1714 1696 adduxe

120 1738 188 1780 sem
208 1720 241 1781 in
262 1722 397 1783 secundo
419 1722 497 1783 libro
514 1722 710 1797 Qooestroaum
724 1731 753 1783 et
775 1744 893 1807 respon-
940 1727 1024 1795 runt,
1046 1722 1119 1783 cieri
1138 1724 1298 1791 cervicem,
1322 1728 1354 1784 et
1378 1742 1508 1786 menum
1530 1724 1618 1803 quasi
1645 1727 1712 1786 ani-

120 1810 248 1881 ciorum,
265 1815 425 1893 capitem
442 1819 473 1875 ct
486 1815 680 1875 lactantium
697 1816 777 1877 libro
791 1816 826 1878 de
837 1817 891 1878 Iro
940 1814 1054 1873 mantis
1080 1813 1254 1891 simulacri,
1279 1815 1509 1895 humerumque
1531 1815 1655 1892 itidem,
1683 1823 1715 1878 et

122 1903 188 1974 Dei,
206 1924 272 1985 cap.
289 1922 349 1983 xm,
362 1907 624 1985 quemadmodum
644 1908 779 1969 hominis
793 1911 892 1988 gratia
941 1904 1067 1967 oculum
1082 1905 1211 1982 iaciunt,
1224 1907 1383 1968 interdum
1396 1914 1426 1969 et
1442 1908 1711 1985 omniamembra,

121 2014 140 2056 a
153 1997 217 2057 Deo
231 2002 341 2059 cuncta
352 2005 508 2059 curentur.
520 1999 602 2060 Facit
610 2006 716 2062 autem
724 2001 787 2077 illa,
797 2020 891 2080 quom
940 1996 1033 2076 idque
1047 1998 1183 2076 quadam
1202 2017 1274 2059 oum
1287 2004 1459 2076 venustate,
1478 2005 1570 2079 atque
1589 2002 1714 2081 acquali-

121 2089 215 2169 paulo
229 2096 301 2151 ante
316 2091 565 2169 commemoravi,
581 2092 746 2155 hominum
757 2094 892 2156 imbecil-
940 2093 1002 2151 tate
1012 2095 1125 2150 motus.
1139 2091 1206 2151 lloc
1218 2090 1312 2169 igitur
1324 2091 1418 2152 modo
1432 2096 1545 2152 natura
1557 2092 1662 2154 diviua
1673 2094 1713 2154 ab

120 2180 191 2241 litas
204 2182 314 2259 multo,
330 2201 424 2263 quam
438 2191 631 2262 coeterorum,
646 2186 755 2265 major,
770 2193 892 2266 utquo-
941 2199 1022 2256 tum,
1048 2182 1218 2262 eodemque
1245 2183 1377 2262 simplici
1401 2190 1490 2244 motu
1523 2184 1624 2263 primo
1649 2185 1713 2247 vim

121 2273 194 2333 dam
216 2276 300 2336 velut
320 2295 358 2336 ex
372 2276 471 2337 officio
489 2276 615 2356 justitiae
629 2278 818 2358 praecipuam
831 2280 891 2341 Illis
940 2291 1029 2334 suam
1046 2273 1187 2335 immittit
1207 2275 1241 2335 in
1255 2293 1301 2352 ea,
1322 2294 1393 2354 quac
1412 2282 1485 2335 sunt
1502 2277 1604 2355 primo
1618 2278 1714 2338 conti-

120 2384 228 2427 cmum
251 2386 307 2447 pro
326 2387 382 2429 sua
397 2369 534 2435 bonitate
558 2370 638 2430 Deus
654 2371 821 2450 impertiat.
847 2373 893 2434 Ita
940 2365 1057 2441 nentia,
1078 2365 1117 2425 ab
1137 2364 1258 2445 illisque
1279 2366 1409 2427 subinde
1430 2367 1465 2427 ill
1485 2385 1531 2435 ea,
1557 2386 1627 2448 (111oe
1648 2369 1714 2430 1011·

120 2458 206 2518 enim
230 2459 319 2520 docet
345 2460 526 2522 Ambrosius
554 2461 602 2522 Iris
624 2461 756 2522 verbis:
786 2465 892 2537 «Quia
940 2457 1122 2536 gius,otque
1131 2458 1384 2537 longiusabsunt,
1395 2459 1498 2538 quoad
1507 2461 1714 2539 permeavcrit

116 2549 220 2628 justus
232 2557 287 2627 est,
301 2558 336 2612 ut
350 2571 427 2633 opus
445 2571 597 2614 manuum
612 2572 740 2615 suarum
755 2561 888 2635 tueatur,
941 2567 997 2628 per
1021 2548 1219 2611 universal.»
1252 2551 1337 2627 Quae,
1361 2568 1541 2630 quanquam
1564 2551 1640 2613 falso
1674 2553 1713 2614 ad

120 2662 157 2703 ac
174 2650 294 2718 serret3
316 2650 352 2705 ut
373 2663 451 2724 quos
470 2646 571 2706 nudos
593 2645 731 2707 indotata
757 2649 891 2726 quadam
941 2640 996 2701 Dei
1018 2641 1226 2718 efficientiam,
1256 2647 1287 2701 et
1312 2642 1538 2722 providentiam
1566 2644 1714 2707 translata

121 2741 241 2796 nouare
251 2742 332 2798 sorte
344 2737 378 2798 in
388 2738 467 2798 hanc
479 2737 606 2817 projecit
617 2738 755 2818 corporis
763 2739 892 2800 infirmi·
940 2738 1024 2809 sunt,
1035 2739 1140 2794 tamen
1151 2735 1194 2810 id,
1204 2734 1288 2813 quod
1297 2734 1360 2795 dixi
1371 2753 1474 2814 supra,
1487 2735 1711 2805 demonstrant,

120 2832 229 2904 tatem,
240 2828 345 2908 vigore
354 2830 461 2898 anoni,
480 2836 510 2890 et
521 2830 738 2891 misericordie
748 2832 891 2893 suaedote
940 2824 1022 2884 iniis
1044 2843 1114 2903 que
1127 2825 1361 2886 naturalibuset
1374 2825 1553 2885 necessariis
1566 2828 1714 2889 causissd

121 2938 273 3000 pauperes
285 2921 396 2982 restire
410 2919 608 3000 dignetur¹.»
940 2916 1096 2995 agendum
1119 2915 1333 2995 impelluntur,
1355 2934 1421 2976 non
1439 2921 1559 2976 tantam
1591 2936 1627 2976 ac
1648 2923 1714 2979 tam

162 3012 269 3072 XVIII.
296 3013 344 3073 Ad
362 3018 546 3089 extremum,
567 3032 623 3075 cur
641 3012 674 3073 iu
692 3012 819 3075 homine
836 3033 891 3094 gu-
940 3025 1092 3087 sagacem,
1104 3012 1135 3068 et
1145 3007 1185 3067 ad
1194 3008 1316 3086 singula
1327 3008 1536 3087 pertinentem
1546 3008 1713 3071 desiderari

121 3103 281 3165 bornando
295 3106 498 3185 praecipuum,
513 3111 548 3167 ut
565 3106 609 3166 ita
622 3106 764 3182 discrim,
778 3106 890 3168 divinoe
940 3118 1060 3176 cluam,
1083 3105 1114 3159 ct
1133 3098 1336 3173 industriam
1362 3099 1416 3159 sed
1437 3099 1470 3159 in
1491 3099 1609 3178 primis,
1630 3101 1713 3162 unde

122 3197 322 3275 providentiae
345 3198 504 3277 negotium
524 3202 673 3272 versetru,
689 3198 778 3259 reddi
790 3204 821 3258 et
833 3198 892 3259 ista
941 3191 1213 3272 pendentreliqua,
1228 3190 1713 3271 posseconsisterc.dth11manae

121 3288 202 3349 ratio
221 3294 330 3368 potest,
347 3290 430 3368 quod
450 3294 570 3357 caetera,
588 3308 659 3368 quac
675 3289 889 3368 intelligentia,
940 3302 1000 3359 res,
1016 3283 1290 3363 quaeavoluntatis
1299 3282 1425 3343 arbitrio
1437 3283 1546 3351 libero,
1563 3290 1714 3364 tanquam

121 3399 158 3441 ae
168 3380 309 3442 libertate
321 3387 437 3457 carcat,
453 3381 641 3456 necessarie,
656 3386 687 3441 et
707 3381 816 3442 eodem
827 3383 892 3444 fere
941 3394 1032 3438 causa
1044 3374 1282 3456 proficiscuntur
1310 3374 1428 3435 lubrica
1443 3382 1474 3435 et
1489 3376 1635 3453 versatili,
1656 3397 1714 3439 nec

121 3473 215 3534 modo
236 3491 357 3554 semper
379 3473 540 3552 agentibus
560 3472 658 3533 causis
673 3478 819 3552 aguntur,
835 3492 892 3535 nec
941 3469 974 3530 in
988 3487 1052 3528 uno
1070 3468 1173 3547 aliquo
1189 3465 1302 3543 defixa,
1317 3466 1446 3533 incerte,
1463 3473 1547 3545 sunt,
1568 3475 1600 3530 et
1614 3475 1714 3530 muta·

120 3565 156 3624 in
170 3582 284 3644 magna
296 3566 441 3627 varietate
457 3566 556 3646 posita
570 3569 653 3639 sunt,
668 3564 799 3643 ideoque
811 3569 891 3626 trac-
941 3562 1018 3622 biles
1035 3561 1125 3640 ipsae;
1149 3560 1289 3638 adeoque
1307 3577 1389 3621 oorae
1408 3559 1489 3639 plus,
1513 3579 1549 3621 ac
1570 3561 1715 3622 sollicitu-

120 3662 188 3718 tatu
197 3664 270 3719 sunt
279 3658 478 3719 facilioratac
486 3657 541 3736 qui
550 3656 711 3737 priucipio,
724 3661 755 3716 et
767 3655 890 3735 origIni,
942 3653 1023 3713 dinis
1047 3652 1226 3731 requirunt,
1251 3656 1288 3712 ut
1321 3652 1361 3711 ad
1388 3651 1530 3713 ordinem
1556 3653 1714 3733 finemque

121 3748 206 3809 unde
239 3747 292 3808 illa
309 3752 430 3807 motum
451 3753 482 3806 et
499 3744 735 3825 impressionem
755 3745 890 3824 capiunt,
942 3763 1115 3823 congruum
1139 3748 1226 3804 tante
1261 3749 1388 3822 tamque
1415 3743 1636 3806 inextricabilis
1663 3765 1715 3807 va·

121 3839 187 3900 vim
205 3843 237 3899 et
257 3840 457 3918 agitationem
480 3836 635 3911 indiderit,
658 3835 777 3915 reliqua
805 3837 894 3897 dein-
942 3836 1034 3897 rictas
1046 3837 1208 3916 dirigatur.

120 3949 194 4011 ceps
206 3931 292 3992 reIut
309 3936 416 3993 catena
428 3930 563 4008 quadam
577 3926 663 3988 stoici
676 3928 730 3987 fati
742 3946 891 4005 connexa,
983 3928 1062 3988 XIX.
1085 3929 1269 4005 Quanquam
1291 3946 1337 4003 es,
1359 3945 1429 4006 quse
1449 3927 1484 3988 in
1504 3927 1645 3989 libertate
1658 3947 1714 3989 νο-

121 4023 258 4104 primam
274 4023 360 4083 illam
380 4021 599 4100 impulsionem
619 4025 801 4098 sequuntur.
819 4021 893 4093 Quae
943 4020 1070 4081 luntatis
1089 4019 1237 4080 humane
1257 4019 1356 4098 posita
1376 4023 1459 4095 sunt,
1477 4040 1496 4080 o
1514 4020 1715 4100 providentiae

122 4133 216 4177 causa
233 4114 430 4195 philosophos
447 4117 566 4173 veteres
588 4111 726 4187 adduxit,
744 4116 789 4187 ut,
810 4112 894 4191 quod
944 4111 1106 4191 complexu
1114 4113 1251 4171 Ioannes
1260 4112 1465 4172 Damascenus
1478 4111 1601 4191 excipit.
1618 4134 1633 4170 ι
1641 4113 1716 4185 Qua

121 4213 215 4270 antea
227 4208 302 4278 dixi,
314 4208 413 4267 Deum
425 4208 574 4285 negarent
584 4202 712 4283 singulis
721 4203 894 4283 quibusque
943 4202 1027 4264 enim
1041 4204 1074 4263 in
1088 4202 1178 4263 nohis
1191 4202 1265 4281 ipsis
1278 4203 1337 4263 sita
1352 4208 1434 4276 sunt,
1457 4203 1570 4282 inquit,
1593 4204 1633 4264 ed
1647 4221 1717 4283 pre

122 4299 217 4360 rebus
244 4298 440 4361 moderandis
460 4302 491 4356 ct
507 4295 650 4375 regendIs
668 4295 824 4356 intentum
841 4295 894 4356 ha·
943 4294 1112 4357 videntiam
1126 4313 1192 4356 uon
1205 4295 1376 4373 pertinent3
1395 4295 1449 4355 sed
1466 4294 1615 4356 libertatis
1629 4300 1713 4364 sunt,

161 4603 183 4644 a
201 4587 286 4643 Ctesi.
311 4586 346 4643 III
372 4584 480 4641 Strom.
505 4580 609 4654 ’θθρόως
629 4598 656 4634 τε
674 4577 720 4651 γὰρ
742 4578 831 4643 πάντα,
854 4577 895 4632 καὶ
943 4578 1007 4642 σθαι,
1022 4576 1063 4630 καὶ
1090 4579 1162 4651 χεῖρα
1186 4579 1229 4632 τοῦ
1257 4578 1334 4643 Isiou,
1358 4577 1400 4631 καὶ
1417 4570 1498 4650 ὦμον,
1514 4575 1555 4631 ποθ
1578 4575 1715 4651 sperma

124 4673 227 4725 ἕκαστον
243 4667 267 4722 ἐν
291 4670 356 4742 ,spa
379 4670 423 4741 μιᾷ
440 4667 566 4738 προσὸολῇ
581 4663 737 4735 προσθλθπει.
767 4661 796 4716 οὗ
815 4662 895 4715 πάντα
944 4658 1092 4714 iussitire
1105 4659 1231 4713 πάντατὰ
1255 4660 1315 4732 μέρη
1331 4661 1393 4732 μετά
1406 4678 1471 4722 τινος
1487 4658 1624 4733 ιθροθμθοις.
1639 4661 1717 4723 οὕτως

126 4755 172 4826 μέν
187 4772 225 4807 τοι
231 4752 295 4806 κατὰ
308 4750 351 4818 vla
361 4752 545 4823 προηγουμένην
554 4746 681 4820 θπέρεισιν.
943 4738 1129 4809 obvertitur
1143 4742 1210 4814 ρθσις
1220 4743 1268 4797 ἀπό
1282 4760 1347 4805 τινος
1358 4742 1438 4811 ἁπλῆς
1457 4746 1574 4811 κινήσεως
1589 4747 1632 4799 τοῦ
1649 4745 1717 4817 πρώ-

163 4837 290 4893 bllets'r.
327 4833 422 4906 Ὥσπερ
446 4833 530 4905 ἀμέλει
547 4833 637 4903 δρῶσιν
666 4827 690 4882 ol
715 4829 894 4900 μεγαλώτιροι,
944 4846 998 4890 του,
1011 4825 1055 4893 τὴν
1065 4825 1166 4897 δύναμιν
1182 4824 1215 4887 εἷς
1229 4825 1260 4879 τὰ
1273 4825 1360 4898 ξυνεχῆ
1383 4827 1476 4881 δίδωσι·
1498 4826 1540 4880 καὶ
1563 4825 1606 4880 ἀπ’
1619 4825 1716 4880 ἐκείνων

125 4918 168 4973 διὰ
197 4921 253 4991 μιᾶς
275 4917 380 4990 θργάνον
407 4916 559 4989 οχασιηρθσς
583 4912 693 4977 πολλὰς,
719 4911 760 4965 ποθ
783 4910 896 4971 ποικίλας
945 4910 1018 4964 πάλιν
1046 4907 1079 4970 εἰς
1102 4907 1134 4961 τθι
1157 4906 1311 4980 πορῤώτεροι,
1341 4909 1426 4981 μέχρις
1453 4912 1482 4962 ἂν
1503 4908 1545 4963 διὰ
1568 4913 1612 4963 τοῦ
1627 4910 1718 4971 παντὸς

126 5001 249 5074 ἐνεργείας
262 4999 446 5060 ἀποτελοῦντες.
462 4997 553 5069 ὁμοίως
575 4995 603 5049 δὲ
623 4995 665 5049 καὶ
681 4994 706 5049 οἱ
719 4993 897 5066 νενροσπάοτοιι
946 4990 1063 5064 διεξέλθῃ.

126 5084 187 5157 μίαν
202 5083 315 5156 μήρινθον
337 5080 528 5153 ἐπισπασάμενοι
547 5082 646 5134 ποιοῦσι
664 5078 705 5130 καὶ
719 5074 811 5149 crigite
824 5076 897 5128 κινεῖ-

155 5246 164 5293 I
179 5247 256 5293 Ambr.
268 5245 532 5294 insusurratione.
544 5245 565 5288 δ’.
576 5263 604 5275 -
614 5243 628 5287 2
638 5243 690 5298 Cap.
707 5253 736 5284 tr.

248 5401 325 5463 Tou.
349 5401 372 5462 t.
