3942 6168
174 3569 318 3668 lterqlfiqrilti

341 349 400 406 tto
848 342 1174 405 THEOLOGIGORUM
1195 343 1424 405 baudarum.

341 514 467 588 propter
481 507 615 571 alterum
627 507 718 583 vivit,
738 506 805 587 ipsa
823 525 887 568 osse
902 506 966 568 rita
978 525 1044 568 non
1058 526 1113 587 po·
1163 508 1304 569 similiter
1312 511 1547 588 argumentatur
1565 506 1676 568 Filium
1698 525 1764 569 esse
1775 507 1906 572 vitamiti-
1955 474 1956 569 i

340 606 410 661 test.
436 600 521 661 Sicut
544 619 645 680 neque
668 599 752 679 quod
770 599 809 659 ab
831 600 891 660 alio
914 599 1028 677 calefit,
1051 600 1116 679 ipse
1164 602 1237 662 dem
1246 607 1281 662 at
1295 602 1428 675 Patrem,
1437 601 1491 679 qui
1500 601 1636 661 vitamin
1649 601 1908 680 semetipsobaberc
1956 644 1957 699 γ

341 693 434 753 calor.
447 692 585 754 Christus
593 711 668 754 vero
678 698 709 753 et
724 693 805 753 Deus
819 696 924 753 noster
937 691 1031 753 dixit:
1047 691 1116 773 Epo
1165 711 1237 754 cum
1251 693 1373 767 dicitur,
1390 711 1455 753 non
1468 692 1560 753 debet
1572 692 1636 753 ulle
1655 692 1745 773 ineo
1760 692 1907 771 [insicum-
1956 702 1957 769 ί

340 802 404 842 scm
421 783 548 853 vitm.»
1165 785 1329 864 positiove]
1341 782 1590 864 duphdms⁶.Ac
1603 783 1682 845 libro
1691 783 1907 846 itidcmxxtm
1956 774 1957 861 l

381 877 425 936 De
439 888 501 983 ιριο
511 877 639 938 Joannis
647 876 716 938 loco
725 875 930 937 memoranda
938 881 1012 936 sunt
1021 876 1117 956 Chry-
1166 879 1311 939 eumdem
1326 877 1438 938 Filium
1452 875 1573 937 nullam
1585 876 1700 937 habere
1725 884 1824 950 διπλόην
1842 877 1909 939 idest
1956 864 1957 929 ἶ

341 973 468 1028 sostomr
489 969 584 1029 verba
616 970 650 1029 in
678 968 903 1032 Commentariis
930 966 971 1027 od
993 967 1117 1028 locarit
1165 968 1367 1050 duplicitatem
1381 987 1482 1049 neque
1505 970 1712 1048 compositum
1736 985 1801 1028 esse
1818 968 1908 1035 scribit,
1956 974 1957 1027 1

341 1058 560 1141 annpcliam:
579 1081 594 1117 ιι
607 1061 685 1122 Cum
708 1078 799 1135 vero,
824 1058 941 1138 inquit,
966 1060 1114 1137 audieris,
1165 1068 1197 1122 et
1214 1060 1287 1122 alibi
1308 1080 1401 1141 saepe.
1424 1062 1491 1135 Qua
1512 1078 1587 1122 voce
1605 1069 1708 1138 διπλόης
1721 1059 1817 1119 utitur
1837 1061 1910 1120 etiem
1956 1080 1957 1087 ¹

342 1150 374 1210 in
389 1151 456 1231 ipso
470 1153 534 1213 vita
547 1158 627 1230 erat,
645 1171 717 1213 cave
728 1152 933 1232 compositum
942 1153 1114 1231 suspiceris.
1166 1153 1340 1233 Dionysius.
1358 1155 1524 1234 Propterea
1538 1153 1649 1214 Filium
1659 1172 1726 1214 non
1739 1169 1802 1213 esse
1813 1152 1909 1232 sapien·

342 1244 421 1304 Nam
436 1251 543 1324 postea
556 1245 650 1306 ctiam
664 1246 703 1306 de
713 1244 853 1305 Patresic
863 1244 1000 1324 loquitar
1010 1265 1017 1304 ι
1029 1243 1117 1306 Sicut
1164 1249 1229 1306 tem
1246 1246 1289 1307 sic
1305 1251 1341 1306 ut
1359 1246 1503 1324 quaedam
1526 1245 1555 1306 ei
1568 1246 1653 1306 velut
1665 1245 1910 1327 habittrsetqueli-

342 1335 437 1398 Pater
459 1336 546 1398 babet
568 1338 662 1399 vitam
688 1338 721 1399 im
743 1337 911 1418 sermtipso,
934 1338 976 1398 stc
994 1336 1075 1398 dedit
1087 1346 1117 1399 et
1166 1339 1235 1398 tatis
1253 1339 1384 1399 accessio
1410 1337 1490 1398 faeta
1505 1337 1555 1414 sit,
1573 1338 1909 1417 sedipsammetessesa-

342 1426 423 1490 Filio
436 1430 528 1491 vitam
540 1428 657 1491 trabem.
676 1451 691 1487 ν
709 1429 770 1490 Sed
785 1429 1047 1508 quemadmodum
1064 1431 1117 1490 Pa·
1165 1430 1314 1510 pientiam
1324 1435 1355 1491 et
1363 1430 1524 1491 veritatem
1532 1430 1799 1509 passimadversus
1807 1430 1911 1491 Adanos

342 1525 423 1581 trem
447 1541 512 1582 non
535 1522 604 1583 ideo
628 1522 773 1602 componi
799 1522 928 1598 dixeris,
950 1523 994 1583 sic
1016 1541 1116 1603 neque
1165 1523 1283 1602 antiqui
1299 1523 1404 1583 Patres
1425 1528 1577 1597 asserunt,
1598 1527 1633 1582 ut
1652 1522 1834 1583 Athanasius
1849 1540 1909 1601 pre-

343 1612 466 1673 Filium.
492 1613 651 1693 Siquidem
672 1613 745 1674 alibi
768 1614 860 1674 dixit:
883 1613 953 1674 Lus
965 1621 1008 1675 ert
1021 1614 1113 1685 Dens,
1165 1615 1271 1675 sertim
1289 1614 1323 1674 in
1344 1613 1488 1675 Oratione
1512 1621 1614 1674 contro
1638 1613 1769 1675 Arianos
1790 1614 1910 1675 semaia

343 1704 452 1765 etalibi
461 1704 551 1766 lucem
560 1704 679 1767 trobitct
688 1705 920 1767 inaccessibilem.
930 1707 1003 1768 Haec
1012 1713 1117 1769 autem
1165 1706 1247 1766 Tum
1257 1707 1291 1767 in
1303 1706 1383 1767 calce
1397 1705 1468 1766 libri
1480 1713 1583 1767 emera
1599 1704 1715 1769 (ἳππων
1729 1706 1837 1766 Filiam
1846 1724 1912 1767 ean·

343 1796 539 1858 omniadicta
552 1804 625 1858 sunt
639 1817 703 1858 non
717 1804 753 1859 ut
769 1798 1024 1878 compositionem
1038 1800 1118 1879 cogi-
1165 1799 1237 1859 dem
1256 1817 1321 1859 non
1342 1797 1491 1859 concretis
1514 1797 1693 1858 nominibus
1709 1802 1859 1878 potentem
1872 1804 1912 1858 ant

342 1892 459 1966 temus,
475 1890 529 1951 sed
545 1895 580 1951 ut
593 1890 742 1970 pardatim
757 1891 926 1952 evehamur
939 1891 979 1951 ad
993 1891 1118 1970 dogma·
1165 1891 1337 1970 sapientem
1345 1895 1400 1951 aut
1412 1907 1523 1950 verum
1539 1889 1685 1969 appellat,
1709 1890 1764 1951 sed
1782 1889 1912 1951 abstrarfis

342 1984 412 2041 tum
424 1980 657 2044 sublimitatem.
674 1982 828 2055 Quoniam
845 1983 930 2044 enim
952 2001 1018 2043 non
1030 1983 1117 2045 heile
1165 2001 1274 2043 carum
1292 1982 1477 2062 qualitatum
1492 1981 1533 2042 ab
1545 1981 1658 2060 quibus
1679 1982 1740 2043 ista
1764 1988 1833 2043 sunt
1852 1982 1913 2043 flexa
1958 1970 1959 2047 i

343 2073 497 2153 quispiam
520 2093 537 2135 e
559 2075 654 2153 vulgo
681 2075 853 2154 perciperet
880 2075 1009 2154 quinam
1035 2075 1118 2137 illius
1165 2074 1353 2136 vocabatur:
1373 2074 1558 2149 «Potentia,
1587 2073 1700 2153 inquit,
1726 2078 1772 2134 est
1789 2073 1874 2135 Patris
1891 2080 1914 2135 ct

343 2165 510 2227 subsistens
523 2167 587 2227 vita
599 2168 653 2243 sit,
678 2167 764 2246 prius
784 2167 862 2227 illud
875 2168 958 2247 quod
972 2172 1038 2227 erat
1060 2169 1118 2229 hu·
1165 2166 1355 2246 sapientiaet
1363 2165 1452 2240 ratio,
1463 2183 1530 2226 non
1538 2165 1582 2227 sic
1591 2171 1627 2226 at
1640 2166 1913 2246 perficipationeista

344 2257 448 2318 milius
462 2258 553 2334 dixit,
570 2260 680 2320 deinde
695 2259 779 2319 adid
795 2260 879 2338 quod
897 2259 1059 2320 sublimius
1072 2266 1118 2321 est
1165 2259 1205 2318 sit
1223 2263 1277 2319 aut
1300 2258 1369 2319 hoec
1382 2257 1506 2318 aliunde
1528 2258 1589 2337 ipsi
1615 2257 1767 2333 accidant,
1795 2258 1915 2337 quemad·

339 2349 407 2428 jam
431 2351 567 2410 eruditos
590 2350 724 2411 adducit.
745 2351 864 2430 Quippe
886 2351 969 2411 idem
994 2351 1045 2412 illc
1064 2353 1118 2432 qui
1165 2352 1295 2412 modum
1308 2350 1345 2410 iis
1358 2350 1462 2411 evenit
1474 2349 1528 2428 qui
1541 2348 1636 2429 ipsius
1650 2349 1812 2429 participes
1823 2356 1915 2410 santet

343 2441 432 2516 dixit,
441 2442 590 2521 quoniam
599 2442 684 2503 dedit
692 2442 758 2521 ipse
768 2442 864 2502 vitam
873 2442 998 2518 habere,
1010 2461 1118 2506 rursus
1165 2461 1222 2522 per
1234 2444 1338 2523 ipsum
1351 2442 1535 2503 imbuuntur
1548 2442 1745 2521 sapientiaac
1760 2447 1915 2522 potentssct
1959 2478 1960 2515 η

344 2532 434 2593 dicit:
451 2532 519 2613 Ερο
532 2533 686 2602 samnito,
700 2538 732 2593 et
745 2533 887 2613 Εροεαπι
901 2532 1019 2594 tuce.»
1165 2535 1331 2596 rationales
1353 2534 1467 2613 inipso
1485 2533 1576 2594 fiunt.
1593 2535 1654 2595 Sed
1673 2539 1719 2594 est
1748 2534 1812 2614 ipsa
1830 2553 1876 2614 per
1891 2551 1914 2593 se
1959 2526 1960 2591 ί

384 2625 549 2704 Gregorius
567 2627 643 2686 item
662 2627 819 2706 Nysscnus
838 2625 871 2686 in
884 2626 1023 2687 oratione
1038 2635 1116 2689 eote·
1165 2627 1326 2706 sapientia,
1355 2626 1422 2705 ipsa
1444 2626 1534 2702 ratio,
1563 2626 1631 2705 ipsa
1652 2626 1792 2705 potentia
1815 2625 1916 2705 propria

343 2715 475 2778 ctetica:
492 2739 508 2775 a
523 2718 714 2778 Gumautcm
735 2717 867 2797 simplex
882 2717 976 2778 Verbi
992 2724 1115 2796 nahae,
1166 2718 1273 2794 Patris,
1286 2717 1428 2798 ipsalux,
1439 2718 1506 2797 ipsa
1522 2718 1645 2791 veritas,
1662 2716 1855 2796 ipsaJ'ustitia,
1865 2717 1915 2794 ipsa

344 2809 390 2869 uti
401 2828 458 2888 par
470 2815 526 2885 est,
542 2828 607 2871 esso
628 2810 781 2887 credatur,
798 2827 854 2871 nec
870 2810 967 2871 ullam
987 2811 1115 2891 duplici·
1165 2810 1274 2871 virtus.
1289 2831 1305 2868 ν
1322 2810 1367 2870 lta
1379 2809 1464 2888 quod
1482 2809 1634 2889 scriptum
1643 2814 1700 2885 est,
1717 2808 1837 2869 Patren
1849 2807 1915 2868 Filio

344 2904 441 2962 tatem
464 2902 513 2963 vel
535 2902 792 2981 compositionem
806 2902 839 2962 in
862 2903 961 2982 seipsa
975 2903 1118 2965 domons-
1165 2900 1275 2963 dedisse
1288 2901 1394 2977 vitam,
1410 2901 1449 2962 de
1461 2901 1601 2962 humana
1618 2901 1686 2980 ejus
1708 2908 1819 2962 natura
1839 2901 1914 2961 inter·

342 2997 414 3068 tret,
441 3011 534 3054 nemo
545 2994 679 3074 amplius
693 2994 728 3054 in
743 2994 806 3054 vita
818 3011 857 3055 ex
868 2995 940 3055 vitae
952 2995 1116 3075 participa·
1166 2995 1437 3073 pretandumesse
1464 2998 1568 3054 censet
1594 2993 1678 3055 idem
1702 2991 1916 3054 Athanasiusin

342 3085 427 3146 tione
454 3087 625 3148 consideret
652 3086 801 3147 Verbum.
829 3087 900 3147 Non
922 3087 1007 3148 enim
1030 3092 1117 3149 extra
1165 3085 1244 3148 libro
1257 3085 1293 3147 de
1305 3084 1443 3147 Adventu
1455 3084 1514 3146 Dei
1530 3084 1564 3145 in
1579 3083 1704 3159 carne',
1726 3085 1799 3165 qaia
1815 3084 1869 3145 cito
1881 3082 1914 3142 oi·

344 3177 598 3257 compositionem
622 3177 681 3239 erit
704 3179 772 3240 haec
798 3178 915 3258 opinio,
939 3179 966 3239 si
984 3179 1118 3240 alterum
1167 3185 1228 3239 tam
1241 3198 1299 3239 αοιι
1311 3178 1432 3259 occepit.
1455 3177 1544 3251 Quod
1558 3182 1589 3237 et
1602 3177 1669 3238 aliis
1682 3178 1797 3256 passim
1810 3177 1840 3237 in
1859 3174 1917 3235 loris

343 3269 442 3330 inesse
452 3270 540 3331 alteri
554 3271 684 3331 dicaam.
704 3271 764 3332 Sed
785 3289 907 3332 neccsse
929 3277 975 3332 est
987 3271 1117 3332 omnino
1166 3271 1304 3349 ejusdem
1316 3270 1486 3345 Athanasii,
1503 3275 1572 3330 tum
1591 3270 1787 3348 reliquorum
1800 3274 1915 3330 veteram

343 3360 537 3439 simplicitate
547 3363 723 3438 constituta,
735 3362 835 3442 ipsam
854 3363 951 3423 vitam
965 3381 1029 3424 esse
1044 3365 1118 3424 Ver·
1166 3364 1305 3442 adeoque
1318 3362 1555 3423 christianorum
1567 3363 1710 3422 omnium
1736 3380 1797 3422 usn
1818 3359 1915 3421 tritissi-

344 3451 421 3513 bum
430 3472 576 3529 asserere,
588 3472 653 3514 non
664 3453 737 3514 vitm
751 3453 1021 3533 participationem
1031 3465 1054 3515 ⁶.
1077 3476 1093 3513 ν
1165 3454 1281 3517 simum
1295 3460 1351 3531 est,
1366 3455 1412 3515 ati
1423 3455 1536 3515 veritas
1549 3459 1580 3515 et
1593 3454 1745 3534 sapientia
1759 3459 1791 3515 et
1799 3453 1857 3512 vita
1866 3452 1917 3531 ipsa

385 3546 450 3606 ΧΗ.
473 3547 605 3625 cyrillus
635 3564 758 3625 quoque
783 3546 870 3607 Alex.
895 3548 928 3606 in
958 3546 1114 3616 Τόωοανο,
1166 3552 1198 3607 et
1217 3547 1249 3607 id
1267 3565 1366 3626 genus
1381 3547 1441 3607 alia
1457 3547 1599 3608 credatur
1619 3565 1655 3607 ac
1672 3546 1852 3626 praedicetur
1867 3559 1916 3603 ωιι

380 3784 401 3823 α
419 3764 496 3822 Idem
515 3764 582 3821 ibid.
602 3766 655 3819 Πᾶν
666 3765 713 3838 γθρ
730 3765 759 3819 τθ
778 3764 811 3819 δι’
830 3766 912 3839 ἕτερον
923 3769 992 3831 ζῶν,
1005 3765 1117 3833 absolui
1167 3768 1209 3834 τῆς
1220 3766 1353 3838 τοῦλόγου
1376 3767 1470 3838 ρόσεως
1481 3764 1545 3818 αατόι
1567 3765 1597 3819 rb
1614 3764 1678 3826 εθιδς
1690 3757 1755 3817 εἶναι
1778 3758 1930 3831 memmei·-

345 3845 407 3905 είναι
418 3849 446 3903 οὗ
460 3850 570 3903 δόναται·
584 3850 617 3912 όις
629 3849 685 3903 οὐδὲ
697 3850 726 3903 τθ
737 3848 783 3921 θρ’
796 3849 879 3922 έτέρου
898 3850 1029 3923 θερμανθὲν
1048 3848 1120 3903 αὖτο-
1167 3868 1219 3918 νης,
1231 3850 1273 3901 παλ
1285 3848 1400 3920 οὐδεμίαν
1412 3849 1525 3917 διπλόην,
1538 3849 1579 3901 sal
1598 3846 1706 3901 σιἰνθεσιν
1726 3844 1751 3899 έν
1764 3845 1835 3919 ἑαυτῇ
1845 3848 1917 3897 &ata-

343 3935 462 4007 θερμότης
475 3926 547 3986 εἶναι·
561 3933 575 3986 ό
587 3932 614 3986 δὲ
624 3933 737 4006 γριστδς,
749 3932 791 3985 καί
802 3933 856 3996 θεός
866 3932 939 4006 ἡμῶν
951 3932 1055 4006 εἴρηκεν·
1070 3931 1120 4005 έγόι
1167 3933 1251 4000 οόσης,
1260 3931 1341 3985 obtin
1353 3932 1381 3985 ἄν
1394 3951 1430 3995 τις
1440 3930 1504 3985 κατὰ
1517 3932 1647 4004 μετουσίαν
1659 3933 1725 3998 ζωῆς
1737 3927 1761 3982 ἐν
1773 3932 1823 4002 ζωῇ
1832 3925 1916 3997 mir

343 4015 494 4089 εἰμιίηζωή.
767 4084 771 4089 ὓ
1167 4015 1308 4087 τὸνλόγον·
1322 4012 1351 4068 οὖ
1369 4014 1417 4086 γόιρ
1439 4017 1468 4067 ἂν
1493 4012 1561 4076 ἐκτός
1585 4013 1623 4082 εἴη
1646 4013 1779 4074 συνθέσεως
1800 4011 1816 4079 θ
1838 4008 1918 4070 mim

380 4100 397 4154 θ
417 4100 518 4155 Ctrars.
532 4099 608 4154 hom.
624 4099 650 4154 5.
671 4101 704 4154 im
714 4102 800 4154 Joam.
821 4097 899 4153 Ὅταν
911 4098 938 4153 δὲ
957 4098 1063 4171 ἀιιοόσης
1081 4099 1119 4152 ότι
1167 4096 1297 4169 ίνπόληψις,
1310 4097 1339 4150 τό
1352 4098 1435 4168 ἕτερον
1453 4095 1477 4150 ἑν
1498 4095 1574 4169 ἑτέρῳ
1592 4098 1673 4169 λέγειν
1686 4090 1759 4149 εἶναι·
1774 4093 1835 4147 ἀλλὰ
1845 4091 1917 4159 irim

344 4180 368 4234 έν
382 4180 458 4254 αιίτῷ,
472 4181 524 4249 ζωὴ
535 4186 575 4249 ῆν,
591 4181 624 4254 μὴ
636 4181 748 4236 σύνθετον
761 4182 895 4255 θπολάόῃς·
910 4182 950 4234 καί
963 4178 1013 4255 γὰρ’
1024 4183 1118 4254 προῖὼν
1168 4184 1245 4245 πᾶσα,
1257 4184 1301 4248 τῆς
1312 4179 1452 4247 ἁπλότητος
1464 4179 1667 4252 όμολογουμίνης
1683 4177 1810 4246 αθτοζωὴν
1822 4171 1876 4230 εἶναι
1885 4172 1918 4225 ιθ*

342 4266 383 4317 καί
395 4265 449 4337 περὶ
461 4269 504 4318 τοῦ
516 4266 608 4335 πατρός
626 4283 714 4335 φησιν,
735 4265 845 4337 ὥσπερό
861 4264 942 4337 πατὴρ
954 4264 1005 4338 ἔχει
1016 4263 1082 4332 ζωὴν
1095 4262 1119 4318 έν
1168 4263 1248 4338 λόγον
1261 4262 1364 4328 οἴεσθαι,
1377 4261 1407 4315 οὗ
1419 4265 1485 4330 ζωῆς
1497 4263 1639 4335 μετουσίαν.

343 4345 434 4420 ἑαυτῷ,
447 4345 523 4410 οθτως
536 4346 611 4399 ἔδωκε
629 4345 670 4399 καί
683 4352 720 4419 τῷ
737 4346 860 4420 υίῷζωθν
873 4346 948 4420 ἔχειν·
963 4347 1120 4420 ἀλλ’ίόοπερ
1205 4347 1226 4403 d
1245 4349 1338 4403 Ctntt.
1352 4345 1398 4401 lib.
1410 4346 1482 4403 xlv.
1498 4344 1638 4402 Τθεοαιιν.
1647 4343 1678 4398 Εί
1688 4345 1736 4418 γὰρ
1748 4338 1918 4418 ἔχεινένέωτῷ

343 4430 386 4484 τόν
399 4430 493 4502 πατέρα
503 4428 548 4482 οὖα
559 4431 587 4481 ἂν
597 4427 674 4491 είποις
683 4427 724 4482 διὰ
736 4434 809 4484 τοῦτο
821 4431 971 4503 συγκεῖσθαι·
981 4428 1046 4484 οθτω
1058 4430 1120 4501 μηδὲ
1168 4429 1266 4502 λέγεται
1277 4428 1343 4497 ζωὴν
1356 4428 1370 4481 ό
1382 4428 1473 4500 πατὴρ,
1488 4427 1571 4501 ἕτερόν
1584 4429 1608 4483 τί
1619 4426 1683 4482 ἔστιν
1697 4427 1771 4489 αότδς
1781 4424 1844 4498 παρό
1854 4416 1918 4489 sitit

344 4511 387 4566 τόν
399 4513 461 4566 υίόν·
475 4511 573 4585 καὶγὰρ
597 4512 638 4564 καί
661 4511 774 4586 ἀλλαχοῦ
797 4514 879 4584 φησίν·
894 4514 931 4566 ότι
950 4519 1003 4584 φῶς
1021 4511 1085 4566 ἔστιν
1105 4510 1119 4564 ό
1169 4511 1237 4585 αὐτῷ
1248 4512 1324 4579 ζωὴν·
1339 4510 1361 4564 εί
1376 4511 1403 4565 δὲ
1413 4516 1488 4565 τοῦτο
1500 4511 1590 4580 διπλόη
1607 4530 1643 4573 τις
1654 4512 1754 4583 ὥσπερ,
1767 4511 1806 4563 ul
1816 4506 1917 4563 staec,

343 4595 406 4658 θεός·
420 4596 462 4647 καί
473 4594 595 4667 ἀλλαχοῦ·
614 4597 652 4648 ότι
675 4601 727 4666 φῶς
751 4594 815 4649 οίαεῖ
824 4596 967 4667 ἀπρόσιτον·
992 4600 1071 4649 ταῦτα
1093 4594 1120 4648 δέ
1168 4597 1224 4667 περὶ
1235 4593 1309 4649 αιίτθν
1321 4596 1475 4663 νοηθήσεται·
1484 4600 1538 4656 πῶς
1549 4587 1592 4647 obv
1605 4593 1698 4656 ἁπλοῦς
1710 4595 1750 4646 καί
1762 4593 1864 4649 σόνθεῐῡς
1872 4581 1919 4639 ”1⁸

343 4677 425 4730 πάντα
436 4675 540 4748 εἴρηται,
553 4676 603 4749 οίιχ
618 4677 662 4729 ἵνα
673 4678 782 4732 σόνθεσιν
800 4678 975 4750 ίιιτολάόωμεν·
997 4676 1059 4730 ἀλλ’
1077 4678 1121 4731 ἵνα
1169 4677 1253 4731 οὗσίαν
1266 4677 1280 4731 ό
1291 4679 1360 4748 θεός,
1374 4676 1482 4735 videet
1496 4677 1543 4733 lib.
1560 4677 1581 4732 l.
1599 4680 1632 4732 itt
1645 4680 1732 4733 toan.
1747 4694 1773 4748 p.
1788 4674 1830 4732 3⁹.
1842 4678 1867 4728 θί
1880 4664 1917 4722 lib·

343 4758 407 4813 κατὰ
419 4759 504 4831 μιαρόν
531 4757 672 4832 ἔναγιθῶμεν
696 4762 758 4833 πρὸς
780 4761 809 4815 τό
829 4768 878 4815 τῶν
894 4761 1026 4833 δογμάτων
1049 4760 1117 4832 όψος·
1171 4761 1246 4833 lX.p
1269 4759 1332 4817 tlt.

344 4840 426 4910 ἐπειδὴ
438 4841 487 4914 γὰρ
500 4840 545 4894 οὖα
556 4843 584 4894 dr
598 4840 705 4905 εόαόλως
721 4841 807 4912 ένόησέ
818 4863 854 4906 τις
872 4850 921 4898 τῶν
934 4844 1120 4907 πολλῶν,τῶς
1204 4845 1343 4900 edrard.
1371 4860 1397 4914 p.
1424 4843 1468 4899 ³6.
1494 4842 1602 4915 Δόναμίς
1626 4840 1677 4896 έστι
1698 4845 1744 4896 τοῦ
1768 4838 1868 4911 πατρὸς,
1888 4832 1919 4883 ²¹³

345 4925 410 4981 ἔστιν
423 4923 499 4978 αθτοῦ
520 4922 683 4987 ἔνυπόστατος
701 4925 717 4993 ἦ
735 4926 805 4994 ζωὴ,
828 4929 947 4999 πρότερον
973 4925 1016 4998 μὲν
1041 4924 1120 4980 έκεῖνο
1169 4927 1258 4998 σοφία,
1281 4926 1323 4979 καί
1344 4926 1434 4998 λόγος,
1459 4924 1487 4980 οὗ
1512 4926 1575 4980 κατὰ
1599 4925 1707 4999 μετοχὴν
1720 4929 1797 4980 wira
1805 4924 1855 4984 ὢν,
1876 4912 1920 4968 viii

343 5004 398 5064 εἴτε
417 5009 447 5063 rb
466 5009 649 5081 ταπεινότερον·
675 5007 759 5062 ἔπειτα
778 5009 804 5063 a
822 5010 993 5070 παιδευθέντας
1011 5009 1072 5082 πρὸς
1090 5009 1120 5063 τθ
1169 5008 1255 5071 ἔξωθεν
1279 5007 1454 5081 ἐπιγινομένων
1479 5008 1573 5063 τούτων
1599 5007 1682 5081 αὐτῷ,
1706 5007 1769 5062 κατὰ
1790 5007 1842 5064 soit
1858 4997 1920 5053 “3²⁰3

343 5092 496 5166 θόηλότερον
521 5092 584 5164 ἄγει·
603 5091 617 5144 ό
633 5089 680 5163 γὰρ
694 5090 783 5156 εἰπὼν,
801 5092 839 5145 ότι
851 5092 941 5146 ἔδωκεν
967 5091 1035 5164 αὐτῷ
1054 5091 1119 5159 ζωὴν
1171 5093 1328 5165 μετέχοντας,
1345 5093 1385 5144 καί
1398 5092 1574 5164 σοφιζομένους
1591 5093 1628 5143 δι’
1644 5090 1787 5155 atamen
1807 5082 1919 5141 menits.

343 5175 421 5249 ἔχειν,
431 5169 503 5238 οὗτος
513 5176 587 5230 πάλιν
599 5175 682 5247 φησίν·
693 5173 742 5247 ἐγώ
754 5175 804 5248 εἰμι
817 5174 833 5243 ἡ
845 5177 908 5244 ζωή·
921 5177 962 5228 καί
974 5176 1057 5229 πάλιν·
1071 5173 1121 5246 ἐγώ
1169 5176 1210 5228 καί
1221 5176 1336 5248 λογικοὶνς
1349 5173 1373 5228 έν
1387 5174 1455 5247 αθτῷ
1468 5175 1622 5247 γινομένους,
1636 5173 1700 5227 ἀλλ’
1712 5170 1849 5242 «itemst,
1860 5164 1920 5217 Μ’

347 5257 514 5330 είμιτθφῶς.
1169 5260 1258 5330 λόγος,
1283 5257 1446 5331 αθτοδόναμις
1468 5256 1518 5311 itta
1541 5261 1584 5311 τοῦ
1599 5258 1692 5329 πατρός
1715 5255 1785 5311 leur·
1804 5251 1919 5319 ὠτοφῦς·

381 5356 396 5397 c
417 5341 507 5398 Gneo.
526 5342 613 5417 ¹Nyss.
634 5358 695 5415 cap.
716 5358 735 5399 1.
757 5348 826 5399 orat.
842 5340 963 5399 catech·
988 5339 1122 5409 Ἃπλῆςδὲ
1172 5340 1345 5411 αδτοαληθεια,
1358 5341 1573 5410 «testamentis,
1585 5338 1732 5413 αὗτοαριτη.

371 5532 381 5577 t
395 5534 459 5580 maa.
472 5532 498 5577 V.
509 5531 603 5579 timi
614 5533 702 5580 Gitatur
713 5547 726 5580 a
737 5534 816 5592 crpor.
827 5534 875 5579 dcc.
887 5533 909 5579 θ.
921 5544 971 5590 cop.
986 5544 1025 5577 ιιι.
