4134 6182
298 450 338 510 ts
729 448 767 507 ΙΝ
790 446 887 506 thUS
907 442 1236 505 THEOLOGICORUM
1257 440 1487 505 DOGMATUM.

300 600 384 680 prod
399 596 529 658 Basilius
549 596 588 657 de
604 613 668 663 uua
690 595 773 656 illius
795 594 966 673 objectione
988 595 1076 659 dixe-
1129 612 1281 673 magnum
1293 592 1366 653 fidei
1383 596 1487 653 nostro
1505 592 1687 670 mysterium
1697 587 1722 652 t,
1735 613 1751 649 r
1766 592 1804 653 Et
1816 591 1911 661 inse<

299 699 358 753 rat.
375 693 525 753 Ceterum
543 690 654 751 iisdem
676 688 710 750 in
728 689 828 750 verbis
850 690 971 750 videtcu
990 689 1077 749 Basi-
1131 687 1239 768 wenti
1259 687 1397 748 oratione
1419 685 1559 766 deplorat
1582 707 1597 743 c
1623 684 1711 749 illam
1731 683 1910 765 disputmi

300 786 361 846 lius
380 785 523 846 intutum
545 783 712 860 abdicasse,
737 801 773 843 ac
789 784 930 862 rejecisse
954 783 993 845 ab
1008 783 1081 844 fidei
1135 783 1173 843 de
1215 783 1278 842 Deo
1318 780 1480 855 rationem,
1517 799 1587 860 quar
1619 779 1793 842 invaluerat
1820 782 1910 841 etate

300 879 528 958 theologiaeque
549 878 700 941 consortio
717 878 893 949 uniuersam
912 877 1081 938 Arhtotelis
1135 881 1202 952 sua,
1237 895 1307 956 qua
1340 874 1472 956 simplici
1505 880 1535 935 et
1566 876 1702 954 ingenue
1730 872 1910 935 amatione

301 972 544 1053 philosophiam,
571 978 722 1051 tanquam
749 972 866 1032 Christo
887 970 1020 1032 invisam
1051 977 1082 1033 et
1134 971 1258 1048 rejecto,
1283 975 1455 1031 tortuosum
1478 974 1509 1030 et
1534 968 1708 1035 involutum
1734 984 1831 1046 ςοοιιο
1860 966 1911 1029 in·

299 1067 475 1140 inimicam,
511 1070 603 1144 atque
644 1065 684 1125 ab
717 1065 804 1125 hoste
838 1065 922 1125 illius
956 1066 1081 1127 diabolo
1134 1064 1226 1139 uerit,
1243 1064 1320 1125 adeo
1338 1068 1374 1123 ut
1393 1068 1594 1143 cognoscatur
1612 1061 1704 1123 arbor
1717 1079 1734 1121 e
1747 1057 1909 1131 huetibus,

301 1158 480 1241 prolectam.
515 1159 615 1232 Quam
657 1158 878 1219 nomrullorum
904 1159 1080 1239 opinionem
1134 1159 1193 1218 hoc
1207 1165 1252 1219 est
1270 1165 1336 1219 ater
1355 1157 1407 1223 illc
1422 1176 1457 1218 ac
1477 1157 1656 1218 tenebrosus
1670 1155 1792 1235 spiritus
1805 1153 1913 1230 hujus·

298 1253 412 1316 refellit
427 1252 568 1314 Clemens
584 1252 810 1315 Alexandrinus
830 1253 863 1312 in
877 1252 977 1333 primo
991 1251 1081 1314 Stro-
1135 1251 1220 1312 modi
1241 1252 1424 1330 dogmatum
1437 1250 1558 1315 afflator
1576 1268 1615 1310 ex
1627 1249 1686 1310 ista
1698 1245 1912 1327 disputationis

299 1356 425 1422 mareon,
440 1353 475 1407 ut
495 1346 570 1407 alibi
598 1345 829 1419 meminimust,
867 1346 927 1407 Sed
954 1346 994 1406 ab
1021 1347 1080 1408 hu·
1134 1344 1508 1425 caligine·.oQuinetiam
1530 1344 1563 1405 in
1583 1342 1712 1403 οοννοίαο
1734 1338 1858 1402 iambico
1876 1336 1912 1401 de

178 1466 181 1473 ’
298 1442 436 1519 jusmodi
454 1440 625 1521 suspicione
640 1440 790 1502 Basiliam
803 1438 898 1520 paulo
912 1445 981 1520 post
1005 1458 1081 1519 pur·
1140 1437 1208 1501 Vite
1233 1458 1287 1500 τοο
1320 1437 1476 1518 eleganter
1505 1438 1633 1517 laqueos
1667 1436 1738 1497 illos
1770 1452 1806 1495 ac
1832 1438 1912 1493 etro-

301 1535 455 1614 gabimus.
975 1552 978 1559 ·
1135 1533 1213 1613 phas
1226 1532 1400 1594 dialecticas
1414 1530 1567 1607 describit,
1585 1530 1753 1609 irridetque
1772 1525 1913 1591 versibus

341 1631 394 1690 Vl.
412 1631 528 1693 Rursus
541 1629 625 1690 idern
635 1629 767 1693 Basilius
783 1628 980 1690 artificiosam
993 1628 1081 1699 illam
1134 1627 1199 1687 istis
1215 1645 1222 1687 :

302 1722 479 1802 disputandi
493 1721 650 1783 solertiam
665 1723 697 1783 in
709 1723 848 1784 divinam
866 1723 1014 1784 invasisse
1035 1740 1082 1782 sa-

302 1816 451 1895 pientiam
471 1814 610 1894 queritur
624 1814 686 1873 ⁸fi⁰
698 1817 732 1875 in
751 1816 830 1891 ¹⁰⁰⁰>
847 1834 919 1876 cum
940 1816 1081 1876 hmines
1197 1841 1322 1902 Ιλῶσσαί
1330 1867 1359 1902 τε
1370 1840 1477 1923 λάθροι,
1489 1838 1535 1900 καί
1549 1835 1724 1920 τολιίστροροι
1736 1834 1844 1907 τλοκαί,

303 1909 346 1968 ait
370 1930 385 1966 α
409 1907 627 2016 'technologice
655 1908 755 1986 magis
786 1927 882 1988 qutun
911 1907 1081 1987 theologice
1198 1943 1246 2014 ,ΕΞ
1260 1937 1791 2027 &HM—‚fflogv&mmmmm

303 2003 341 2062 de
355 2003 466 2063 drvrrns
474 2001 566 2061 rebus
578 2000 726 2062 disserere
735 2008 778 2081 ⁰‚r
790 2003 848 2063 hoc
863 2007 908 2062 est
919 2002 1020 2062 adeas
1033 2020 1081 2060 res

304 2094 500 2174 explicandas
519 2095 756 2174 argumentandi
770 2095 936 2157 calliditate
950 2095 1006 2155 niti
1024 2112 1080 2174 po·
1199 2045 1324 2171 :limis
1337 2048 1466 2169 ἀράᾶνηῧ
1478 2044 1562 2128 caepi
1578 2041 1747 2168 ewifflpm

303 2189 375 2263 tius,
391 2205 486 2267 quarn
509 2188 618 2263 solida,
633 2194 663 2249 et
675 2189 820 2268 theologo
835 2188 930 2266 digna
949 2189 1078 2248 ratione.
1205 2152 1243 2217 si
1255 2175 1340 2273 '‘q-⁰5²²
1353 2147 1508 2270 mgwfm
1529 2151 1645 2265 iffi⁰pff²f
1654 2148 1749 2267 ίεξωῆ

306 2283 395 2356 Quod
418 2284 512 2344 etiem
525 2283 617 2363 longe
639 2288 730 2342 autea
743 2282 915 2343 cavendum
934 2299 998 2343 esse
1013 2298 1081 2341 mo·
1201 2256 1321 2335 ‘Piim
1334 2250 1373 2328 ’i
1388 2254 1487 2312 ²⁰⁰²&
1501 2252 1527 2319 ἐν
1540 2249 1656 2330 πείραις
1667 2248 1765 2326 im

305 2384 416 2438 nuerat
440 2377 605 2457 Gregorius
632 2377 882 2455 Thaumaturgus
897 2376 931 2436 irr
952 2374 1032 2439 libro
1045 2372 1079 2435 de
1195 2354 1274 2421 ssit’
1287 2352 1443 2432 ίμπῑσίίῐῑΰ
1455 2347 1792 2438 ίῐφίῖθῑῑντθλςβρίχθυί·

304 2468 628 2550 Ιοοονιιοήοοοοιγίιίοι
644 2471 713 2529 «Ne
723 2467 1079 2548 evangelicamScriptn-

305 2565 512 2644 ram,iniquit‚
522 2562 849 2642 curioseinquiramus,
859 2562 963 2637 aridis,
973 2568 1082 2623 etenu·
1199 2571 1422 2649 «Linguaque,
1430 2567 1572 2639 audaces,
1583 2571 1613 2625 et
1622 2562 1914 2644 multiplicestertus

304 2658 410 2719 cleatis
418 2656 606 2719 dictionibus
616 2656 811 2732 inherentes,
830 2675 865 2716 ac
883 2675 922 2716 ne
937 2656 1083 2736 quaestio-
1198 2676 1340 2752 perquos
1354 2670 1533 2751 simplicitas
1543 2669 1620 2748 perit
1633 2666 1721 2743 fidei,⁴

305 2770 360 2812 nes
374 2750 611 2826 inextricabiles,
627 2750 858 2830 verborumque
876 2752 1083 2812 contentiones
1197 2775 1339 2855 Telaeque
1354 2792 1485 2849 amnem,
1501 2769 1675 2832 imbecillus
1687 2789 1809 2832 came„

304 2844 501 2919 seminemus,
519 2862 554 2904 ae
568 2842 697 2923 planum
715 2848 746 2902 et
768 2842 901 2920 facilem,
925 2844 1085 2904 eumdem·

305 2957 366 3017 que
373 2938 577 2998 rectissimum
590 2936 662 3001 fidei
672 2942 849 3011 sermonem
857 2955 1012 3016 asperum,
1022 2955 1085 2998 sce·

305 3031 634 3111 hrumqnereddamus
648 3036 669 3091 t.
685 3049 701 3087 ο
719 3030 807 3103 Quod
826 3030 866 3091 ed
888 3030 1084 3105 scholasticae

306 3125 385 3201 lites,
413 3132 443 3186 ct
466 3125 686 3206 disputationes
706 3124 838 3184 libenter
859 3123 905 3184 illi
923 3125 1082 3199 traxerint,

308 3219 404 3298 quise
425 3219 636 3279 offenditanta
648 3216 775 3276 illerum
797 3216 963 3278 subtilitate
989 3218 1083 3297 profi·

306 3318 420 3386 tentur,
440 3310 553 3389 quibus
578 3309 705 3388 quidem
719 3309 849 3370 subinde
873 3311 1009 3373 satisfiet.
1028 3314 1083 3373 Se·
1178 3310 1343 3392 Gregorius
1355 3311 1431 3371 item
1440 3310 1596 3388 Nysscnus
1609 3307 1854 3389 hequeufissime
1866 3329 1914 3371 so-

307 3404 592 3484 quitur-Gregorius
602 3403 826 3478 Nazianzenus,
841 3404 895 3482 qui
912 3426 928 3462 ιι
954 3405 988 3465 in
1025 3406 1083 3466 Ec·
1138 3406 1301 3487 phisticam
1313 3403 1402 3464 illam
1411 3404 1556 3464 astutiam
1569 3403 1721 3464 Eunomia
1734 3405 1911 3484 exprobret,

307 3499 432 3558 clesiam
445 3497 601 3576 irrepsisse
616 3495 700 3556 dolet
720 3496 875 3574 captiones
892 3498 1082 3577 sophisticas,
1139 3506 1169 3561 et
1182 3517 1201 3560 a
1215 3517 1247 3559 se
1260 3497 1377 3577 negligi
1398 3496 1602 3574 damnarique
1627 3497 1744 3558 asserit.
1766 3499 1806 3559 Ut
1825 3498 1914 3560 initio

308 3607 483 3670 acpravum
493 3588 657 3649 artificium
665 3587 852 3648 Aristotelea
863 3589 947 3664 artis,
957 3591 1085 3669 ethujus
1138 3592 1210 3659 libri
1233 3591 1389 3652 secrmdi:
1427 3612 1443 3649 u
1471 3591 1617 3669 Ingenue,
1652 3609 1688 3651 ac
1712 3592 1777 3651 sine
1799 3591 1915 3653 urbere

308 3683 428 3762 generis
443 3683 515 3757 alia,
529 3681 614 3742 velut
638 3682 837 3760 AEgyptiacas
856 3683 1084 3764 quasdampla·
1137 3686 1281 3761 fatemur,
1291 3685 1402 3764 inquit,
1413 3702 1469 3745 nos
1482 3702 1584 3763 neque
1593 3684 1763 3745 orationem
1775 3684 1916 3764 aliquam

307 3784 392 3856 gast.
406 3776 505 3849 »Quae
519 3775 602 3835 illius
616 3773 809 3853 qrrerimonia
822 3775 968 3852 crebrior,
982 3796 1018 3838 ac
1031 3796 1085 3839 ve·
1138 3779 1290 3840 rhetorico
1314 3778 1505 3847 elaboratam
1534 3776 1662 3838 artificio
1690 3778 1729 3838 ad
1757 3784 1916 3841 certamen

308 3871 535 3932 hamentiorest
556 3869 638 3930 iniis
661 3868 862 3946 orationihus,
879 3888 956 3950 quas
977 3877 1085 3933 eontm
1139 3889 1344 3951 comparasse,
1355 3888 1456 3950 neque
1464 3869 1629 3931 dialectica
1641 3869 1815 3933 subtilitatis
1825 3889 1917 3952 argu·

308 3965 515 4025 Eunomianos
542 3962 669 4043 scripsit.
686 3980 820 4041 quorum
846 3969 956 4044 arguta
975 3963 1085 4043 loqua-
1137 3965 1215 4025 tiam
1229 3964 1431 4025 adauxilium
1446 3968 1554 4023 contra
1576 3962 1766 4024 advemanos
1787 3969 1916 4044 preten-

308 4060 397 4119 citate
424 4074 588 4118 «eorem
619 4055 785 4125 adductam
817 4056 877 4131 ait,
913 4062 949 4116 ut
972 4074 1085 4138 prope·
1139 4059 1222 4133 dere,
1239 4076 1308 4137 quae
1322 4056 1526 4118 etveritatem
1539 4055 1573 4116 in
1592 4055 1745 4117 mendacii
1769 4057 1917 4137 crispicio-

309 4153 438 4215 modum
450 4152 563 4231 exigua
576 4150 720 4231 quaedam
729 4150 858 4211 articula
866 4150 1007 4211 uideatur
1019 4169 1085 4213 esse
1138 4168 1211 4213 nem
1225 4151 1308 4231 apud
1321 4148 1479 4230 imperitos
1491 4147 1625 4210 traducit
1632 4141 1644 4191 ί
1644 4192 1651 4210 .
1667 4169 1681 4204 u
1698 4149 1759 4211 Nee
1771 4148 1916 4215 dissimili

1198 2878 1360 2954 Quaelevia
1373 2876 1506 2957 illigant,
1522 2873 1658 2935 robustis
1674 2874 1765 2949 risus,
1793 2874 1907 2953 imbus,

1199 2982 1403 3059 Rumpantur,
1416 2984 1470 3039 aut
1483 2977 1641 3037 solvantur
1661 2976 1771 3039 validis
1794 2993 1911 3039 sermo-

1205 3085 1242 3149 Et
1253 3082 1307 3175 qui
1320 3081 1503 3158 inciderunt,
1517 3077 1664 3161 effugiant
1674 3078 1801 3167 laqueos
1815 3086 1839 3141 2.
1852 3101 1867 3139 ο

345 4364 467 4433 eliasu.
488 4379 504 4417 ο
524 4362 649 4417 bamesc.
678 4361 780 4417 citatus
806 4361 837 4416 iu
861 4362 958 4431 Ερίομ.
976 4362 1017 4418 tit.
1038 4365 1084 4430 tt,
1175 4366 1296 4422 dldcm.
1310 4371 1380 4421 orat.
1395 4368 1439 4422 33.
1465 4366 1511 4419 liat
1522 4363 1648 4419 κινδυνεύει
1661 4363 1799 4437 τιγνίδριον
1812 4357 1874 4417 river
1886 4365 1916 4419 rt

310 4464 344 4501 ct
362 4447 443 4519 epist.
469 4448 514 4501 48.
539 4445 717 4527 Τεχνολογοῦσι
741 4445 843 4512 λοιπον,
864 4445 919 4519 οίιγλ
931 4447 1085 4519 ίεολογοΰσιν
1140 4451 1202 4523 μίγα
1214 4451 1285 4523 ἡμῶν
1301 4451 1441 4522 μυστήριον.

187 4578 192 4583 .
308 4531 331 4585 oi
351 4532 482 4605 ἄνθρωποι.
1175 4534 1293 4601 tidem,
1309 4541 1378 4588 orat.
1392 4535 1436 4589 34.
1453 4532 1520 4587 Κατὰ
1536 4532 1579 4586 τὸν
1606 4536 1647 4585 νῦν
1661 4534 1825 4605 κοιραιηκότα
1837 4534 1915 4591 τίκτον

345 4617 361 4670 b
374 4618 459 4670 Geta.
468 4614 586 4670 Thetim.
600 4616 676 4687 apud
698 4617 824 4673 Damaso.
835 4616 904 4675 ibid.
914 4632 948 4671 tx
960 4617 1011 4673 lib.
1025 4618 1085 4690 [lapi
1139 4623 1187 4672 τῶν
1201 4618 1294 4691 λόγων·
1308 4618 1336 4679 ὃς
1348 4617 1377 4671 τὸ
1389 4618 1511 4689 γενναῖον,
1523 4618 1563 4669 καὶ
1572 4616 1665 4670 ἁπλοῦν
1678 4617 1806 4689 ἀτιμάσας,
1820 4617 1916 4673 itero·

309 4699 512 4773 σαρκώσειος,καλ
526 4700 630 4761 πίστεως
651 4700 693 4767 Μὴ
707 4702 919 4774 aspergat-'pete
932 4701 975 4755 rbi
990 4701 1086 4775 ιῦαγγε·
1139 4703 1204 4767 λίον,
1219 4702 1258 4754 καί
1271 4700 1405 4774 γριροιιδίς
1418 4700 1583 4773 ἐπεισήγαγεν·
1600 4702 1633 4763 ὣς
1653 4699 1680 4754 br
1698 4707 1748 4755 τῶν
1768 4707 1867 4774 καρπῶν
1885 4704 1917 4758 τὸ

308 4786 376 4839 iuba
398 4785 473 4855 λόγον
499 4783 578 4847 λέξεσι
598 4784 744 4858 πιμιξήροις,
761 4776 1084 4861 καίάπεμάντονςζητνίοιις,
1139 4788 1236 4859 δένδρον
1248 4783 1523 4858 γινώσκεσθαι,λίγωὸλ
1534 4785 1564 4839 τὸ
1577 4784 1686 4858 bap-fotu
1699 4786 1842 4842 τὰτοιαῦτα
1853 4788 1914 4860 δόγ

308 4871 347 4922 καί
361 4868 514 4941 λογομαχίας
528 4869 677 4941 πείροντες,
697 4869 737 4921 καί
751 4870 793 4924 τὸν
804 4871 882 4934 λεῖον,
900 4871 940 4923 καὶ
959 4870 1085 4924 abdicarer
1140 4890 1205 4943 ματα
1217 4872 1314 4936 σκότος,
1330 4869 1356 4923 ἐκ
1368 4875 1411 4924 τοῦ
1424 4871 1501 4941 ζορον
1514 4874 1564 4927 τῶν
1584 4870 1733 4943 λιγομένων.

309 4957 351 5021 τῆς
362 4952 466 5014 πίστεως
490 4951 566 5029 λόγον
579 4953 746 5025 τραχύνοντος.
844 4976 852 4989 ·
1173 4955 1329 5023 ῙΝ181.1111.
1339 4954 1577 5010 [1.εοηίι’.Ε11110111.
1590 4960 1660 5010 tom.
1669 4955 1704 5010 ll.
1732 4953 1918 5030 Ὁμολογοΰμτν

345 5051 358 5089 ο
372 5035 439 5092 ΝΑτ.
452 5040 522 5090 orei.
537 5037 581 5090 26.
598 5035 643 5089 let
653 5035 695 5089 oia
707 5028 761 5089 aibr
773 5037 854 5109 λόγων
870 5038 984 5110 στροφὰς,
1006 5038 1085 5111 ῥήσεις
1139 5038 1186 5111 γὰρ
1199 5038 1393 5111 ἂνιπαιαχιίντως
1404 5039 1476 5110 ἡμεῖς
1490 5042 1551 5112 μήτι
1572 5039 1626 5094 τινὰ
1640 5041 1716 5113 λόγον
1728 5041 1768 5094 διὰ
1788 5041 1918 5115 ῥητορικῆς

308 5139 335 5191 τε
349 5124 442 5190 σοφῶν,
455 5119 494 5172 καί
509 5118 650 5192 αίνίγματα,
669 5126 735 5186 ele„
750 5122 822 5188 ἢτῶν
836 5123 1008 5193 Αριστοτέλους
1026 5142 1084 5195 τεχ-
1139 5124 1295 5195 τεθηγμένον,
1310 5122 1348 5177 tet
1363 5125 1419 5187 τοίνς
1435 5124 1530 5197 ἀγῶνας
1543 5127 1741 5198 ταρισκτνάσται,
1757 5128 1818 5198 μήτε
1839 5129 1918 5181 δεινό-

308 5209 357 5257 νῶν
366 5203 410 5272 τὴν
419 5204 671 5276 autocephalia&
681 5206 814 5269 Πλάτωνος
828 5207 974 5278 εὐγλωττίας
988 5208 1018 5263 τὰ
1026 5228 1085 5279 γοη-
1138 5227 1201 5276 ιητα
1227 5208 1376 5275 διαλεκτικῆς
1397 5208 1522 5281 ἀγχινοίας
1549 5208 1583 5273 τίς
1609 5210 1750 5283 συμμαχίαν
1772 5210 1833 5264 κατὰ
1864 5217 1917 5267 τῶν

308 5289 425 5362 tripete,
440 5287 464 5341 οί
477 5294 556 5350 κακῶς
568 5287 602 5351 τίς
610 5289 655 5357 τὴν
677 5289 835 5359 Ἐνκκλησίαν
857 5292 928 5365 ἡμῶν
942 5290 1085 5364 εἰσίφμηοαν
1139 5291 1345 5364 ἂντιτιταγμίνονν
1360 5294 1578 5365 repromittebat}
1600 5295 1640 5349 καί
1653 5293 1698 5363 τὴν
1717 5294 1831 5362 &liturae
1853 5297 1917 5349 πολ·

308 5374 391 5444 ὥσπερ
404 5369 557 5444 αἰγυπτιακαί
571 5392 632 5435 τινες
642 5373 765 5446 μάστιγες,
1139 5376 1207 5439 tea
1220 5374 1373 5439 τίςίτίνοιαν
1380 5378 1479 5448 irridete
1486 5376 1525 5432 tat
1533 5383 1583 5433 τῶν
1590 5377 1697 5451 ἀπείρων
1703 5378 1912 5450 ἇντιμιίίστησιν.

336 5576 345 5619 t
360 5572 418 5615 Vide
429 5572 467 5614 ltb.
480 5572 558 5623 lll,de
573 5571 630 5627 Opil.
644 5587 666 5620 c.
692 5584 709 5627 1,
728 5576 751 5616 iu
765 5574 869 5617 ᾶοοίοοι.
888 5574 964 5617 111.-
976 5571 991 5617 2
1007 5572 1151 5623 idumeum.
1162 5575 1189 5616 ds
1203 5572 1306 5624 litatus.
