4096 6190
333 450 394 509 628
843 442 1168 505 THEOLOGICOIIUM
1196 443 1413 505 DOGMAI'UM

334 630 394 674 uua
407 610 430 672 ¹.
446 611 583 672 Ioannes
595 611 670 670 item
689 611 906 685 Damascenus,
928 616 997 670 tum
1008 608 1110 689 prori-
1159 609 1345 688 cujusdam,
1387 615 1418 669 et
1457 608 1602 688 mahgna
1626 609 1751 689 penitus
1783 616 1927 685 naturae,

335 706 460 766 dentem
471 720 536 764 esse
549 701 865 782 Deum,tumoptime
879 701 911 761 id
919 700 1018 763 lacere
1032 700 1111 762 indi·
1159 702 1299 777 meliora,
1325 721 1398 763 cum
1418 702 1524 782 possit,
1546 720 1612 762 non
1636 702 1747 763 lacere
1779 703 1927 776 Quoniam

335 798 408 860 dem
415 798 617 859 demonstrat.
635 816 650 852 o
664 795 786 855 Etenim
799 795 882 856 solus
892 795 984 868 Ileus,
996 794 1108 874 Inquit,
1158 800 1264 856 autem
1282 801 1450 874 utrumque
1467 794 1582 855 horum
1595 813 1614 854 a
1627 796 1691 856 Deo
1714 801 1761 857 cst
1785 796 1926 871 ahenum,

336 896 449 952 neutra
466 889 567 950 honus
582 892 627 949 est
645 893 677 949 et
695 887 827 966 sapiens.
847 888 944 966 Igitur
958 892 1111 966 quatenus
1160 906 1261 967 neque
1283 887 1375 948 ambo
1390 905 1485 967 penas
1500 886 1603 966 ipsum
1619 893 1722 963 erunt,
1747 906 1807 949 nec
1819 889 1927 951 horum

336 987 382 1044 est
395 982 496 1043 bonus
522 980 674 1061 providet.
689 978 748 1052 Qui
761 979 846 1040 enim
870 998 934 1040 non
957 979 1107 1060 providet,
1159 979 1356 1040 alterutrum.
1394 981 1541 1058 Superest
1565 980 1672 1058 igiliu,
1701 985 1792 1041 utet
1817 983 1926 1060 possit,

336 1092 401 1135 non
413 1080 458 1134 est
480 1072 593 1134 bonus.
623 1072 702 1132 Nam
716 1076 747 1131 et
769 1070 922 1139 homines,
949 1076 980 1132 et
1005 1071 1110 1132 bestiae
1160 1076 1191 1131 et
1203 1071 1277 1131 velit
1294 1073 1376 1133 [leus
1397 1070 1491 1131 rebus
1506 1071 1620 1132 nostris
1637 1072 1824 1151 prospicere.
1848 1073 1926 1145 Quod

336 1166 536 1246 propriorum
576 1163 697 1224 fetuum
734 1162 960 1242 providentiam
995 1163 1111 1223 habent
1160 1163 1185 1222 si
1204 1163 1282 1238 vult,
1298 1168 1471 1243 potestque,
1494 1163 1692 1243 perspicuum
1713 1170 1770 1241 eat,
1791 1164 1830 1223 iis
1847 1165 1927 1226 illum

336 1257 471 1319 naturali
496 1256 632 1336 quodam
654 1255 821 1329 iustInctu;
844 1255 939 1334 etqui
960 1272 1025 1315 non
1037 1273 1110 1334 pro·
1160 1254 1357 1333 provideret
1374 1276 1389 1311 υ

337 1349 431 1425 videt,
442 1349 610 1429 vituperari
617 1348 705 1408 solet.
717 1346 1112 1427 Quatenusautemsapiens
1199 1335 1342 1407 111.an
1366 1364 1439 1406 vero
1464 1346 1554 1421 ratio,
1570 1365 1641 1425 quac
1665 1365 1703 1408 ex
1724 1348 1781 1409 Dei
1798 1348 1927 1411 bonitate
1955 1374 2003 1417 r..

337 1448 394 1517 est,
408 1442 523 1520 optime
535 1440 627 1501 rebus
637 1439 848 1519 prospicit⁰.n
1161 1438 1389 1517 providentiam
1403 1438 1469 1518 ejus
1497 1444 1528 1498 et
1548 1457 1654 1499 curam
1671 1440 1813 1516 adstulit,
1829 1460 1848 1500 a
1868 1442 1926 1501 Pla-
1945 1427 1981 1506 ⁰⁸.
1994 1441 2023 1516 'fif'

379 1532 418 1592 II.
433 1533 477 1593 Ac
488 1538 569 1593 recte
579 1549 705 1611 prorsus
714 1531 899 1591 Ammonius
912 1532 1112 1591 iucommen-
1160 1533 1234 1589 tone
1248 1530 1360 1608 saepius
1373 1530 1547 1591 adhibetur.
1562 1531 1645 1592 Utin
1659 1531 1779 1592 decImo
1799 1532 1880 1593 libro
1897 1531 1927 1593 de
1976 1543 2022 1614 ¹⁰¹*

337 1624 417 1685 tario
430 1624 469 1683 ad
482 1624 599 1684 librum
614 1622 785 1683 Aristotelis
798 1620 834 1681 de
847 1621 1108 1703 humectatione,
1161 1620 1298 1701 Legibus,
1316 1623 1433 1695 «Deos,
1449 1622 1520 1701 quiin
1538 1623 1573 1682 in
1587 1624 1674 1683 omni
1685 1624 1800 1684 virtute
1811 1623 1927 1704 perlecti
1970 1615 1971 1618 ¹
2020 1615 2021 1618 ¹

338 1720 408 1776 tum
418 1715 523 1776 omnia
537 1715 613 1779 scire
635 1715 735 1774 Deum
756 1715 874 1789 asserit,
898 1732 956 1774 neo
969 1715 1112 1792 Ignorare
1160 1717 1244 1788 sunt,
1286 1713 1429 1773 omnium
1447 1712 1584 1791 curam,
1608 1716 1662 1790 alt,
1693 1722 1846 1795 unquam
1864 1717 1927 1796 Ipsis

339 1807 501 1887 quippiam
524 1812 702 1868 nostrarum
720 1824 838 1882 rerum,
862 1812 942 1883 tum,
968 1811 1004 1866 ut
1015 1807 1109 1883 norit,
1161 1803 1296 1863 maxime
1329 1811 1553 1883 congruentem
1580 1806 1765 1885 suseIpereI.
1793 1830 1810 1864 ο
1838 1809 1874 1868 Ει
1899 1810 1927 1868 in

339 1899 408 1959 fieri
420 1917 485 1959 non
497 1916 596 1978 posse,
612 1903 648 1958 ut
662 1916 713 1957 eas
731 1898 877 1976 negligat,
896 1917 931 1957 ao
951 1916 1015 1958 non
1038 1916 1112 1958 cura
1165 1894 1286 1971 Timoeo,
1307 1918 1323 1953 ιι
1346 1898 1461 1973 Bonus,
1484 1897 1596 1977 inquit,
1620 1904 1696 1958 erat.
1721 1900 1809 1959 Bono
1832 1906 1927 1961 autam

340 2009 406 2065 sua,
422 1996 454 2050 et
466 1990 660 2070 providentia
669 1989 824 2068 dignetur.
841 1988 875 2048 Id
885 1989 969 2049 enim
983 1989 1113 2049 bonitati
1163 1987 1249 2047 nulla
1257 2007 1397 2066 unquam
1408 1989 1441 2049 in
1453 1990 1558 2069 aliqua
1570 2007 1605 2050 re
1614 1990 1753 2070 subrepit
1761 1992 1875 2052 Inuidia
1884 2002 1924 2051 ’.ο

341 2080 424 2141 illius
448 2086 494 2140 est
515 2086 770 2156 consentaneum,
795 2084 831 2139 ut
846 2081 953 2159 prosit,
975 2097 1112 2141 commo-
1162 2080 1295 2155 Etenim,
1311 2086 1348 2141 ut
1360 2080 1497 2142 adhunc
1523 2082 1628 2143 Iocum
1652 2083 1779 2143 Proolus
1798 2085 1924 2156 adnotat,

342 2174 454 2252 detque
481 2191 576 2252 quam
589 2177 690 2253 potest
702 2172 855 2252 plurimis.
884 2172 986 2232 Potest
1008 2178 1113 2232 autem
1167 2193 1182 2227 o
1197 2171 1322 2232 Invidiae
1335 2179 1391 2248 est,
1406 2191 1477 2233 cnm
1499 2175 1595 2252 possis
1613 2173 1807 2250 benefacere,
1822 2194 1883 2236 non
1901 2176 1927 2236 id

341 2265 497 2325 omnibus.
519 2266 617 2326 Nemo
653 2268 768 2338 autem,
802 2265 852 2324 vel
879 2264 905 2323 si
933 2264 1115 2343 magIstrum
1162 2280 1265 2341 agere,
1281 2264 1927 2344 sedbonumapudsecohibore.Estautam

342 2357 440 2418 solam
460 2362 615 2433 naturum,
631 2375 667 2417 ac
680 2358 835 2417 rationem
848 2356 1003 2424 adhibeat,
1027 2356 1115 2416 dubi-
1164 2361 1195 2415 et
1215 2356 1330 2416 invidia
1354 2358 1420 2436 ipsa
1439 2357 1594 2417 bonorum
1616 2357 1743 2437 inopia:
1765 2360 1926 2439 cnjusmooi

342 2449 429 2526 tabit,
465 2449 541 2528 quin
564 2449 760 2510 venmimum
785 2449 835 2524 sit,
864 2448 948 2528 quod
975 2449 1115 2509 Clemens
1165 2466 1250 2508 nune
1277 2448 1479 2529 philosophus
1513 2467 1663 2529 usurpare
1698 2451 1778 2511 mihi
1804 2452 1924 2521 ι’ἰθειιιι,

343 2542 570 2604 Alexandrinus
593 2542 722 2621 scripsit,
743 2563 757 2599 ιι
772 2541 804 2601 id
816 2558 881 2602 esse
894 2541 1015 2617 melius,
1032 2542 1115 2620 quod
1165 2557 1237 2600 cum
1251 2557 1321 2600 eam
1332 2559 1351 2600 a
1363 2541 1469 2601 diune
1482 2547 1594 2602 naurra
1616 2543 1725 2621 procul
1744 2543 1923 2623 ablegatl.»

343 2635 652 2714 exanImIproposito
661 2634 827 2695 utilitatem
835 2634 1116 2712 alfertaliis‚qnam
1167 2631 1316 2692 Praeclare
1343 2633 1374 2691 id
1398 2633 1524 2711 quddam
1545 2634 1679 2707 Proclus,
1711 2636 1768 2715 qui
1789 2636 1925 2697 mudum
1984 2630 1990 2647 '

343 2727 427 2807 quod
455 2726 533 2787 nulli
553 2726 650 2805 prosit
660 2724 682 2786 l.
703 2748 718 2783 u
744 2726 890 2799 Quocirca
910 2725 1070 2786 NemesIus
1082 2726 1116 2786 in
1167 2723 1313 2783 bonitatis
1334 2724 1543 2787 adversarium
1558 2726 1592 2786 in
1607 2728 1737 2805 penuria
1757 2733 1790 2787 et
1806 2734 1926 2805 egoetate

343 2819 423 2880 libro
453 2816 489 2878 de
510 2816 632 2880 Natura
660 2815 785 2877 dominis
815 2818 1116 2896 argumentationem
1168 2815 1260 2874 sitam
1282 2815 1445 2877 existimat.
1476 2818 1522 2878 Ex
1544 2837 1606 2898 quo
1629 2817 1674 2893 fit,
1699 2825 1745 2895 ut,
1773 2838 1842 2879 cum
1857 2820 1926 2880 Deus

339 2911 467 2991 jureita
477 2910 587 2970 nectit:
601 2909 918 2986 «Bonus,inquit,est
927 2910 1017 2969 Deus.
1030 2908 1118 2982 Quod
1166 2906 1282 2967 nullius
1307 2912 1406 2985 egeat,
1442 2909 1496 2969 sed
1519 2910 1640 2971 infinita
1668 2910 1825 2971 honorum
1849 2911 1927 2989 copia

344 3004 371 3063 si
384 3007 430 3064 est
440 3003 551 3074 bonus,
565 3000 658 3062 etiam
667 3000 824 3061 beneficus
833 3006 895 3075 est;
909 3001 936 3060 si
948 3000 1116 3076 beneficus,
1165 2998 1328 3072 redundet,
1348 3000 1442 3061 ¹nulli
1467 3002 1616 3079 invidere,
1641 3021 1677 3063 ao
1704 3003 1850 3064 honitatis
1870 3022 1925 3063 sua

345 3095 404 3155 erit
417 3099 448 3155 et
468 3092 665 3173 providens0.
684 3114 696 3151 ν
716 3093 782 3151 Imo
799 3109 873 3152 vero
892 3091 1119 3170 providentiam
1165 3092 1266 3155 fontes
1290 3093 1386 3173 possit
1408 3093 1580 3154 occludere.
1605 3095 1696 3170 Nam,
1716 3096 1805 3155 «nni
1817 3112 1926 3155 summe

345 3185 401 3248 Dei
436 3185 600 3265 ipsammet
622 3202 687 3245 esse
721 3183 903 3260 bonitatem,
931 3184 1119 3265 Theophilus
1166 3184 1268 3246 bonus
1288 3190 1376 3257 esset,
1403 3184 1446 3244 ait
1473 3185 1662 3264 Fulgentius,
1689 3204 1754 3247 non
1782 3206 1814 3248 se
1826 3188 1928 3267 guber

345 3278 557 3339 AntIochenus
580 3276 659 3336 libro
679 3276 691 3336 I
718 3274 758 3337 od
779 3275 956 3357 Autolycum
979 3276 1114 3337 indicat:
1166 3278 1278 3338 nandis
1302 3275 1396 3337 rebus
1408 3294 1532 3356 quoque
1550 3278 1666 3338 Infimis
1679 3280 1867 3357 praestitisset
1875 3278 1923 3339 ’.ι

350 3369 620 3436 «Providentiam,
655 3367 708 3442 ait,
736 3385 807 3427 cum
841 3367 920 3444 dico,
947 3366 1117 3429 honitatem
1167 3369 1246 3429 Ilinc
1272 3368 1395 3429 Boetius
1421 3367 1592 3430 bonitatem
1614 3370 1750 3450 appellat
1771 3392 1788 3427 ο
1803 3371 1925 3445 clavum,

346 3460 442 3541 ipsius
455 3460 534 3520 dico.
550 3481 566 3516 ο
584 3459 758 3520 Alexander
771 3460 847 3519 item
855 3458 1116 3538 Aphrodisiensis,
1167 3466 1258 3539 atque
1271 3460 1528 3539 gubernaculum,
1545 3479 1607 3540 quo
1621 3461 1783 3522 mundana
1796 3463 1928 3523 machim

346 3552 381 3612 ln
408 3550 488 3611 libro
510 3549 546 3610 de
565 3548 757 3610 Providentia
782 3550 821 3610 ab
845 3550 959 3628 Gyrillo
984 3551 1117 3612 Alexan·
1167 3552 1282 3612 stabilis
1296 3552 1790 3632 atqueIncorruptaservatur.³o

347 3644 437 3704 drino
459 3640 604 3716 citatus‘l,
627 3641 662 3701 ln
689 3640 823 3702 secundo
842 3648 943 3702 contro
965 3641 1118 3704 lulianum
1208 3644 1258 3705 Sic
1271 3643 1461 3722 Augustinus
1476 3645 1511 3704 in
1530 3644 1609 3705 libro
1621 3645 1771 3707 LXXXIII
1800 3645 1929 3721 Qaoedb·

348 3735 481 3798 similem
506 3733 773 3795 ratiocinationem
796 3734 940 3794 instruIt:
969 3734 1116 3809 «Dicere,
1168 3755 1249 3812 nom,
1276 3736 1446 3816 quastione
1458 3753 1537 3813 ιιιιν,
1566 3736 1673 3798 anihil
1687 3756 1761 3798 casu
1782 3738 1850 3799 fieri
1863 3754 1927 3797 tan

349 3828 461 3907 inquit,
488 3826 571 3887 nolle
585 3827 684 3886 Deum
697 3826 791 3887 rebus
812 3826 924 3886 nostris
944 3826 1117 3906 providere,
1168 3827 1265 3888 cludit
1286 3828 1319 3888 ln
1350 3829 1486 3903 mundo;
1510 3829 1586 3909 quia
1608 3830 1689 3890 Deus
1714 3848 1871 3890 summum
1902 3833 1929 3887 et

349 3936 475 4000 prorsus
488 3919 624 3980 alienum
640 3922 686 3978 est
705 3920 808 3980 allec.
830 3919 883 3978 Fat
895 3919 981 3978 enim
996 3918 1121 3980 invidia
1170 3919 1363 3981 immutabile
1375 3926 1421 3982 cst
1436 3919 1512 3981 illud
1529 3921 1658 3998 bonum,
1673 3922 1762 4002 cujus
1775 3921 1927 4002 participu-

386 4212 407 4253 α
427 4197 544 4252 blaise.
560 4193 607 4250 lib.
624 4195 649 4250 lI
673 4193 710 4250 de
728 4192 808 4259 Fide,
824 4210 886 4264 cap.
906 4209 980 4248 xxix.
1001 4193 1084 4257 Μόνος
1105 4194 1120 4247 ὁ
1169 4194 1199 4248 τὸ
1211 4193 1243 4248 τὰ
1258 4194 1346 4266 βελτίω
1361 4194 1394 4267 μὴ
1415 4198 1504 4261 ποιεῖν,
1525 4196 1667 4268 δυνάμενον.
1691 4194 1813 4264 ἐπειδὴδὲ
1827 4196 1929 4267 ἑκάτεραι

349 4281 401 4343 θεός
415 4277 465 4332 ἔστι
479 4278 547 4349 φύσει
563 4276 666 4349 ἀγαθὸς,
680 4278 720 4329 και
735 4277 820 4347 σοφός.
835 4276 869 4338 ὣς
884 4270 926 4329 οὖν
942 4275 1041 4348 ἀγαθὸς,
1058 4295 1119 4347 προ·
1169 4276 1261 4331 τοθτιον
1285 4276 1416 4349 ἀλλότριον
1441 4278 1506 4343 θεοῦ,
1521 4276 1574 4330 οὔτ’
1593 4280 1621 4330 ἂν
1645 4278 1720 4349 ἅρφνο
1733 4276 1771 4347 εῖν,
1784 4280 1840 4351 περὶ
1854 4278 1928 4339 datr,

349 4364 411 4416 νοεῖ.
427 4359 501 4433 ὁγὰρ
518 4359 550 4432 μὴ
579 4365 702 4431 προνοῶν,
725 4358 769 4412 οθκ
795 4359 894 4431 ἀγαθός.
918 4360 958 4411 καὶ
982 4358 1029 4431 γὰρ
1043 4361 1083 4412 και
1097 4358 1120 4412 ol
1170 4358 1225 4413 οὔτε
1239 4360 1349 4432 θάτερον.
1364 4360 1475 4414 λεῖπεται
1488 4359 1569 4414 τοίνυν
1583 4358 1612 4413 rb
1633 4362 1674 4412 aul
1688 4361 1814 4427 δύνασθαι,
1830 4361 1930 4432 audoi-

350 4446 482 4518 ἅνθρωποι,
497 4445 538 4496 καὶ
552 4442 584 4498 τὰ
601 4443 681 4514 ἄλογα
695 4447 745 4496 τῶν
767 4440 862 4496 οἰκείων
876 4444 965 4497 τέκνων
979 4444 1121 4514 προνοεῖται
1169 4442 1252 4495 λεσθαι
1264 4445 1376 4515 προνοεῖν
1390 4442 1420 4496 τὸ
1430 4443 1492 4495 θεῖον
1501 4447 1550 4495 τῶν
1566 4440 1675 4498 ἐνταῦθα.
1691 4441 1713 4496 εἰ
1724 4441 1752 4495 δὲ
1766 4444 1929 4513 βούλωμαι

350 4533 465 4601 φυσικῶς.
480 4526 521 4579 καὶ
536 4526 550 4580 θ
565 4524 598 4598 μὴ
613 4530 725 4597 προνοῶν
740 4526 848 4598 ψέγεται.
857 4525 891 4587 θος
900 4524 926 4579 δὲ
936 4526 1019 4596 οοφδς,
1035 4525 1121 4596 ἄριστα
1170 4525 1278 4590 δύναται,
1291 4526 1366 4593 δῆλον
1381 4526 1415 4587 ὡς
1428 4526 1468 4578 καὶ
1482 4528 1592 4597 προνοεῖ.

351 4618 402 4665 τῶν
417 4611 496 4663 ὄντων
511 4607 669 4681 ἐπιμελεῖται.
1207 4608 1338 4682 [Ριιτο.
1362 4607 1408 4673 Ὣς
1428 4608 1515 4681 &fedol
1535 4628 1563 4682 γε
1584 4609 1651 4672 ὄντες
1671 4612 1752 4663 πᾶσαν
1771 4608 1871 4681 ἀρετὴν,
1893 4608 1930 4675 τὴν

388 4693 509 4749 annu.
530 4691 636 4746 Anax]
651 4690 729 4747 Paed.
745 4707 805 4762 cup.
822 4707 880 4746 ιῐιι.
894 4691 929 4744 'ld
942 4690 1004 4744 κατὰ
1019 4692 1121 4763 γνώμην
1170 4698 1220 4744 τῶν
1234 4693 1331 4746 πάντων
1353 4691 1491 4764 ἐπιμέλειαν
1509 4690 1660 4761 οἰκειοτάτην
1688 4691 1768 4746 αι’ντῶν
1795 4688 1870 4747 οὖσαν
1897 4693 1930 4746 κέ·

351 4778 462 4850 ὠφελοῦν
477 4778 520 4830 τοῦ
535 4774 567 4846 μὴ
583 4773 736 4845 ὠφελοῦντος
749 4777 868 4846 κρεῖττον.
1170 4792 1281 4841 κτηνται.

388 4876 403 4917 o
422 4860 526 4918 Nantua.
542 4873 567 4913 c.
583 4870 649 4912 ειη.
669 4855 774 4919 ’Ἄλλως
799 4877 825 4912 τε
840 4856 930 4929 ἀγαθός
945 4854 1008 4911 ἔστιν
1028 4856 1042 4910 ὁ
1056 4856 1119 4918 θεός·
1205 4872 1227 4928 p
1244 4857 1286 4912 ld.
1303 4858 1331 4913 in
1352 4860 1424 4913 Tim.
1444 4856 1546 4928 Ἀγαθθς
1558 4855 1598 4925 ἦν.
1614 4856 1819 4930 ἂγαθῷδὲοῖνδεὶς
1830 4862 1883 4929 περὶ
1895 4856 1932 4911 οὗ·

352 4944 442 5017 ἀγαθὸς
454 4941 480 4995 δὲ
498 4944 545 5009 ὢν,
570 4939 726 5013 εὐεργετικός·
743 4938 764 4994 εἰ
779 4938 806 4994 u
827 4939 987 5013 εθεργετικδς,
1005 4939 1045 4992 καὶ
1058 4958 1121 5012 προ·
1170 4940 1238 5001 derbe
1252 4939 1367 4994 οὐδέποτε
1381 4938 1499 5012 ἐγγίνεται
1508 4942 1605 5011 φθόνος.

352 5026 471 5094 νοητικός.
1206 5021 1225 5077 lc
1241 5022 1339 5078 Ριιοοι.
1365 5022 1395 5079 iu
1427 5027 1499 5078 Tim.
1523 5024 1620 5086 Φθόνος
1646 5022 1673 5077 δὲ
1693 5026 1723 5078 τθ
1750 5026 1884 5097 δυνάμενον
1909 5018 1931 5077 εὖ

387 5108 410 5163 d
428 5108 553 5165 Tflnonn.
570 5105 615 5162 lib.
629 5106 639 5161 l
653 5105 694 5162 ad
702 5105 804 5162 Auiol.
814 5122 876 5177 pag.
888 5105 933 5162 II.
949 5107 1070 5178 Πρόνοιαν
1081 5102 1122 5157 ἐὰν
1170 5109 1261 5170 ποιεῖν,
1278 5106 1310 5178 μὴ
1326 5101 1352 5159 εὖ
1364 5108 1453 5170 ποιεῖν,
1468 5105 1533 5159 titt
1549 5108 1607 5178 παρ’
1620 5106 1698 5179 ἐαυτῷ
1711 5108 1827 5180 κατέχειν
1839 5108 1867 5161 rb
1879 5107 1931 5179 tya-

354 5189 427 5257 εῖπιο,
442 5191 598 5263 ἇγαθωαθνην
613 5188 686 5243 αὐτοῦ
700 5189 776 5261 λέγω.
1170 5191 1221 5243 θόν.
1232 5191 1318 5260 φθόνος
1330 5209 1358 5260 γε
1374 5187 1420 5260 μὴν
1434 5190 1474 5241 και
1486 5187 1502 5255 ἣ
1512 5187 1591 5242 ἔνδεια
1606 5188 1665 5256 uitii
1680 5196 1731 5243 τῶν
1739 5189 1850 5261 ἀγαθῶν·
1859 5191 1932 5261 ἥιρει

389 5274 561 5329 ednuxln'n.
578 5272 651 5343 apud
667 5272 750 5343 Cyril.
769 5272 803 5325 Tb
828 5273 855 5326 δὲ
875 5274 966 5345 λέγειν,
982 5272 1014 5343 μὴ
1028 5261 1120 5342 Ιβοθθιε-
1170 5272 1290 5325 δοκεῖκαὶ
1306 5272 1412 5342 μάλιστα
1424 5271 1494 5323 νῦνὸ
1515 5271 1646 5342 φιλόσοφος
1660 5272 1876 5344 παραλαρὸἀνειν,
1892 5270 1933 5333 ἰξο-

353 5358 409 5413 odor
422 5356 464 5409 τὸν
478 5356 531 5409 teto
545 5360 595 5407 τῶν
606 5353 706 5408 ἐνταῦθα
719 5357 843 5427 προνοεῖν,
857 5356 984 5418 παντελῶς
991 5354 1121 5425 ἀλλότριον
1171 5356 1243 5427 pitres
1258 5353 1331 5420 αὐτὴν
1347 5353 1395 5406 ἀπὸ
1410 5358 1452 5420 τῆς
1465 5353 1529 5415 tatu
1540 5353 1630 5416 οθοίας.

353 5441 418 5494 θεοῦ.
434 5439 521 5509 φθόνου
544 5438 592 5508 γάρ
615 5455 679 5500 τινος
692 5439 732 5491 καὶ
746 5439 900 5492 παντάπασιν
915 5437 1007 5493 ἀτόπου
1018 5438 1119 5509 φύσεως,

380 5607 389 5649 t
404 5602 491 5648 Paullo.
505 5614 539 5657 ep.
550 5612 638 5645 ιιιιιιι.
650 5601 701 5644 -t
714 5602 760 5647 Lib.
774 5603 800 5647 de
812 5602 864 5648 Fide
874 5603 903 5646 od
913 5594 972 5648 Patr.
986 5614 1005 5645 c.
1020 5613 1054 5646 ru.
1065 5624 1092 5635 -
1104 5605 1117 5647 a
1129 5605 1188 5648 Rorr.
1202 5601 1231 5645 Ill
1244 5601 1270 5645 de
1281 5603 1345 5645 coos.
1361 5612 1409 5657 pro.
1422 5612 1459 5644 ru.
