4008 6170
368 390 419 451 DE
440 390 517 451 bac
539 391 684 465 DElQUE
704 391 1045 469 PROPRlETATlBUS,
1069 392 1141 453 LlB.
1165 393 1188 469 l,
1212 393 1296 458 CAP.
1319 396 1370 457 Vl.
1609 401 1667 463 ll3

84 540 263 619 omniaquod
274 559 376 603 unum
386 547 440 617 θεῖ,
455 560 519 603 ιιοιι
532 543 660 622 aequalis
681 560 752 603 cum
773 561 841 603 om·
894 543 1086 605 multorum.
1101 564 1117 601 ιι
1141 545 1213 605 Ηιθο
1235 545 1381 623 Plotinus,
1403 547 1457 626 qui
1471 565 1508 608 ex
1526 567 1563 609 eo
1586 550 1669 628 quod

82 637 353 713 humanationis,
371 642 499 718 oportet,
512 638 624 718 inquit,
634 655 728 717 supra
738 654 841 697 θεεθιι-
894 637 1038 714 amultis,
1053 639 1086 699 id
1107 644 1161 714 est,
1174 639 1214 699 ab
1231 640 1375 700 omnibus
1392 646 1543 702 secretum
1556 648 1587 703 et
1603 643 1669 704 exi-

83 732 144 791 tiam
155 749 214 792 esse
230 750 267 792 ac
280 737 385 793 mente
396 732 537 811 superius
549 739 574 794 ⁰.
589 754 605 789 ιι
893 730 993 791 ιιιίιιιιι
1007 732 1154 811 quiddam
1166 738 1212 793 θεῖ
1228 734 1307 795 illud
1324 754 1423 796 unmn
1440 755 1477 797 ao
1498 754 1667 814 summum,

115 824 189 884 ldem
211 823 307 885 etium
328 825 389 886 alio
410 826 443 886 in
464 826 532 887 loco
549 827 702 887 rationem
721 827 840 888 erudite
892 825 1002 886 merito
1034 825 1189 887 concludit
1214 827 1292 888 nihil
1311 846 1419 890 eorum
1440 848 1516 906 esse,
1542 850 1614 891 eum
1632 832 1671 893 sit

84 918 176 992 reddit,
192 937 248 978 cnr
263 936 366 998 neque
390 918 429 994 ὀν,
446 937 548 998 neque
572 918 659 995 οὐσία,
677 918 768 981 idest
790 938 839 980 ena
892 917 1008 994 omnia,
1030 919 1089 978 hoe
1112 925 1156 979 est
1169 920 1356 983 excellenter
1379 923 1484 983 omnia
1504 925 1668 1002 contineat,

83 1010 227 1071 θῖειεθιιῖίο
240 1011 291 1070 sit.
312 1011 469 1092 «Quippe,
486 1013 539 1087 ait,
554 1012 685 1072 essentia
703 1011 763 1072 hoc
780 1011 839 1072 ali-
892 1011 1031 1090 adeoque
1049 1030 1112 1071 non
1145 1013 1183 1072 sit
1204 1010 1274 1073 Τόδε
1293 1012 1330 1089 τί,
1346 1014 1414 1089 vel,
1440 1020 1475 1075 ut
1494 1015 1670 1078 Aristoteles
1698 1052 1838 1109 „gam

83 1104 143 1183 quid
162 1111 213 1166 est.
237 1104 273 1165 ld
298 1111 403 1166 autem
422 1106 660 1167 determinatum
675 1111 729 1166 θεῖ.
758 1105 838 1167 lllud
891 1103 977 1183 loqui
996 1103 1126 1180 εο1θῖ,τό
1144 1104 1171 1164 τί
1191 1098 1223 1178 ἦν
1244 1097 1328 1181 εἶναι,
1351 1108 1434 1185 quod
1443 1108 1544 1187 ipsum
1564 1108 1673 1169 defini·
1708 1148 1839 1201 cauatam.

82 1215 140 1257 raro
151 1216 208 1257 non
221 1197 294 1258 lieet
311 1204 459 1278 tanquam
471 1199 531 1260 hoe
549 1198 666 1278 aliquid
691 1198 835 1277 cogitare,
890 1201 957 1257 tum
985 1197 1102 1277 aliquid
1121 1204 1151 1258 et
1173 1205 1255 1259 certo
1276 1200 1538 1281 circumscriptum
1558 1221 1670 1283 genere

83 1290 177 1370 ulloqui
190 1292 258 1370 jam
281 1310 346 1353 non
370 1297 448 1353 θεεθῖ
464 1293 659 1373 principium,
681 1295 735 1355 sed
758 1293 837 1354 illud
889 1290 1169 1369 significatetidem
1184 1298 1229 1352 est
1243 1297 1336 1371 atque
1350 1294 1437 1378 οὖσιᾴ,
1454 1295 1517 1357 sive
1530 1298 1668 1375 assertio,

82 1384 220 1445 dumtaxat
232 1387 319 1465 quod
325 1386 385 1446 hoc
397 1386 514 1465 aliquid
528 1385 707 1466 appellabas
718 1377 740 1447 ⁶.
756 1408 772 1444 ο
889 1390 924 1443 ut
943 1390 1065 1445 sanctus
1082 1385 1259 1446 Thomasin
1271 1386 1351 1446 libro
1363 1384 1399 1447 de
1410 1387 1491 1449 Ειιῖθ
1503 1397 1533 1450 et
1545 1391 1670 1451 amentio

112 1478 286 1558 Tnmpaulo
306 1484 394 1559 post:
414 1501 429 1537 ιι
441 1481 596 1541 lamvero
612 1481 696 1559 quod
710 1487 756 1542 θεῖ
766 1488 835 1542 ente
889 1477 1078 1538 demonstrat
1092 1479 1115 1538 ¹.
1138 1480 1207 1539 Non
1229 1485 1275 1539 θεῖ
1296 1480 1392 1559 igitur
1417 1482 1547 1542 essentia
1568 1501 1671 1562 neque

82 1572 213 1650 superius,
226 1590 291 1632 non
310 1571 384 1633 dicit
403 1572 462 1633 hoc
481 1573 610 1652 aliquid,
629 1592 730 1653 neque
752 1576 835 1635 enim
887 1570 918 1631 τὸ
939 1569 977 1648 ὃν,
992 1572 1066 1651 quia
1090 1572 1129 1632 de
1153 1572 1208 1633 illo
1234 1590 1336 1652 neque
1356 1573 1409 1635 boc
1430 1574 1550 1656 aliquid
1568 1595 1669 1657 neque

82 1664 151 1742 pouit
167 1663 293 1742 aliquid,
317 1682 419 1744 neque
437 1665 657 1745 nomenipsius
673 1666 757 1743 dicit,
781 1668 835 1728 sed
887 1665 974 1744 quale
996 1664 1070 1746 quid
1102 1667 1246 1745 usmpari
1266 1673 1375 1746 potest.

82 1758 128 1819 hoc
145 1757 241 1817 solum
261 1757 362 1833 affert,
382 1776 445 1817 non
472 1777 537 1819 esse
555 1759 625 1819 hoc.
649 1780 665 1817 o
684 1760 727 1821 Αο
740 1760 834 1840 paulo
928 1759 1014 1820 Idem
1027 1760 1142 1838 etquia
1157 1759 1238 1820 Deus
1269 1766 1316 1820 τοῦ
1337 1751 1403 1821 εἶναι
1425 1761 1561 1837 ,essendi
1583 1764 1668 1842 prin-
1788 1806 1795 1820 .

81 1855 155 1928 post:
178 1872 193 1907 ιι
211 1851 271 1912 Sed
284 1856 320 1910 ut
333 1849 558 1930 intelligibilem
579 1859 723 1914 nattuam
745 1872 834 1914 nosse
887 1851 1002 1930 cipium
1031 1858 1087 1927 est,
1112 1854 1243 1912 essentia
1271 1853 1339 1914 vrrlt
1360 1872 1426 1914 θεεθ
1448 1856 1663 1933 praestantius:

80 1942 186 2022 cupiens
198 1950 271 2004 tunc
292 1943 420 2003 demum
439 1951 601 2022 cognoscet
625 1947 709 2024 quod
725 1953 835 2008 estsu·
891 1945 1046 2005 «Proinde
1064 1946 1315 2007 commutandam
1327 1946 1416 2006 nobis
1437 1947 1471 2006 in
1491 1948 1666 2026 oppositum

80 2037 279 2115 consensione,
303 2037 428 2115 quaudo
446 2038 566 2098 nullam
578 2057 704 2118 prorsus
722 2040 835 2120 imagi-
887 2038 1063 2118 opinionem
1079 2057 1144 2100 esse
1166 2040 1204 2099 de
1228 2040 1302 2100 Deo.
1322 2040 1448 2119 Alioqui
1462 2040 1624 2107 destitutus
1646 2061 1666 2103 a

80 2148 138 2191 nem
153 2131 300 2192 sensibilis
320 2131 445 2191 tenebit.
462 2132 506 2192 lta
518 2132 618 2211 quiid
635 2134 834 2213 contemplari
888 2133 951 2192 Deo
968 2130 1151 2210 relinqueris
1161 2132 1185 2194 ί.
1203 2154 1217 2188 ι
1243 2131 1336 2192 Addit
1345 2132 1519 2211 elegantem
1533 2133 1601 2212 ejus
1621 2137 1666 2196 rei

79 2225 145 2285 volet
161 2226 243 2305 quod
263 2230 309 2286 θεῖ
335 2244 430 2306 supra
450 2224 654 2305 intelligibile,
683 2228 834 2307 quidquid
886 2226 1134 2287 similitudinem:
1147 2226 1307 2302 «Perinde,
1317 2226 1369 2300 ait,
1377 2244 1413 2286 ac
1420 2226 1666 2306 siquipertotam

79 2316 249 2397 intelligibile
262 2323 309 2378 θεῖ
321 2318 474 2392 omittens,
490 2316 625 2397 idipsum
644 2321 834 2399 contempla·
886 2320 1068 2380 vitamforte
1089 2319 1278 2394 dormierint,
1303 2318 1434 2398 ideoque
1451 2320 1518 2381 sola
1531 2340 1600 2400 quae
1617 2323 1666 2383 vi·

80 2410 156 2487 bitur,
170 2429 208 2471 ex
227 2429 326 2490 eoque
344 2410 439 2471 discet
457 2411 560 2490 ipsum
577 2412 717 2488 existere,
740 2413 833 2491 quale
886 2412 996 2473 dentur
1020 2414 1055 2473 in
1078 2413 1194 2473 somnis
1216 2412 1379 2488 credenda,
1406 2418 1556 2493 tanquam
1582 2422 1668 2476 certa

81 2521 139 2563 raro
150 2505 185 2564 sit
200 2503 279 2564 illud
289 2503 420 2567 omittet.
436 2506 501 2565 Hoc
513 2504 616 2583 ipsum
630 2523 704 2565 vero
727 2508 830 2585 quale,
885 2524 1010 2584 prorsus
1026 2506 1209 2568 existiment.
1241 2505 1272 2566 Si
1289 2505 1358 2584 quis
1380 2511 1485 2567 autem
1506 2526 1559 2567 eos
1578 2509 1663 2568 exci-

79 2597 210 2675 signitieat
221 2615 283 2658 non
295 2597 398 2677 quale.
417 2598 497 2658 Nam
509 2616 610 2677 neque
637 2598 729 2677 quale
754 2600 833 2662 inest
883 2605 928 2660 ῖθῖ
940 2605 1046 2679 utpote
1056 2599 1112 2677 qui
1123 2599 1172 2659 his
1181 2616 1251 2677 quae
1264 2616 1319 2677 per
1337 2604 1459 2678 apertos
1474 2600 1579 2660 oculos
1593 2619 1664 2661 sen-

78 2690 221 2770 ei‚inquo
240 2710 303 2751 non
322 2698 369 2753 est
384 2692 443 2752 hoc
457 2692 585 2771 aliquid.
598 2692 638 2753 Αῖ
650 2711 707 2753 ιιοε
721 2696 832 2756 nostris
883 2693 1011 2769 tumtur,
1034 2692 1128 2754 tidem
1143 2711 1209 2753 non
1231 2692 1411 2769 adhibeant,
1432 2693 1534 2755 subito
1558 2713 1664 2755 rursus

77 2785 319 2863 quasicnjusdum
332 2785 530 2865 parturientis
541 2787 700 2847 conatibus
710 2788 832 2867 ignora-
883 2788 1078 2849 obdormiant
1092 2789 1116 2849 ⁰.
1131 2808 1146 2844 ιι

77 2898 133 2939 mus
143 2881 217 2959 qnid
232 2880 427 2959 potissimum
438 2879 541 2958 eloqui
555 2880 672 2961 deceat,
692 2887 723 2941 θῖ
736 2881 774 2942 de
793 2900 830 2942 eo
925 2882 1061 2960 Denique
1078 2899 1116 2941 ex
1132 2898 1169 2940 θο
1197 2879 1281 2958 quod
1299 2878 1396 2960 ipsam
1421 2879 1526 2941 bonam
1545 2889 1600 2957 est,
1619 2883 1665 2943 ni-

77 2973 212 3052 quoddioi
234 2991 297 3033 non
317 2977 427 3052 potest,
440 2973 570 3033 dicimus
589 2972 682 3052 idque
695 2976 832 3036 nomina·
885 2974 931 3035 hil
952 2975 986 3035 in
1001 2993 1033 3035 se
1047 2974 1175 3034 omuino
1194 2971 1310 3032 habere
1335 2972 1531 3047 demonstrat,
1562 2993 1662 3054 neque

77 3082 145 3139 mus,
154 3065 323 3145 siguificare
337 3065 455 3144 aliquid
464 3065 552 3125 nobis
563 3065 636 3144 ipsis
647 3068 751 3145 quoad
759 3087 832 3147 pos-
884 3067 1014 3143 bonum,
1031 3084 1131 3146 neque
1144 3085 1207 3126 non
1224 3066 1352 3141 bonum,
1368 3083 1469 3144 neque
1487 3068 1661 3144 essentiam,

76 3176 169 3218 sumus
179 3159 344 3238 cupientes.
359 3158 497 3218 Fortasse
510 3175 583 3218 vero
597 3158 698 3219 ethoc
717 3178 831 3222 nomen
884 3179 986 3239 neque
1010 3166 1162 3236 mentem,
1194 3176 1296 3237 neque
1321 3159 1497 3238 pulchrum,
1529 3177 1662 3238 quorum

75 3252 148 3330 quod
154 3252 269 3327 dicitur,
279 3270 380 3313 unum
401 3269 456 3332 per
476 3258 649 3331 respectum
664 3256 831 3332 quemdam
885 3254 1026 3314 omnium
1042 3253 1195 3314 additione
1207 3251 1379 3312 detrahitur
1391 3252 1451 3313 hoo
1463 3252 1566 3332 ipsum
1578 3255 1662 3332 quod

75 3344 215 3421 udmulta,
229 3345 427 3424 negationem
439 3345 752 3426 elevationemqueah
769 3348 831 3409 illis
884 3347 995 3408 dicitm
1015 3346 1143 3408 bonum.
1174 3344 1272 3423 Igitur
1288 3344 1426 3405 adimens
1460 3346 1564 3407 omnia
1584 3349 1659 3424 Deo,

74 3437 217 3516 nglificat.
247 3438 457 3513 Quamobrem
489 3440 683 3519 Pythagorici
707 3459 830 3521 quoque
883 3441 1049 3520 quiipsum
1062 3445 1143 3500 recte
1160 3437 1365 3516 contemplari
1387 3438 1486 3499 vulto
1508 3458 1544 3499 ac
1564 3440 1603 3501 de
1624 3459 1662 3502 eo

75 3534 230 3613 Apollinem
259 3534 413 3595 secretiori
440 3534 576 3613 quadam
609 3534 830 3614 significatione
883 3533 961 3595 nihil
985 3533 1153 3608 affirmans,
1181 3549 1283 3609 neque
1303 3531 1474 3610 quidquam
1497 3534 1659 3611 mentiens,

74 3628 140 3689 iuter
153 3648 183 3691 εθ
203 3629 415 3705 nominabant,
440 3629 508 3709 ipsa
531 3628 645 3690 scilicet
667 3631 829 3710 negatione
883 3627 968 3706 quasi
990 3626 1028 3687 sit
1051 3626 1168 3705 aliqtiid
1192 3624 1275 3704 apud
1294 3625 1409 3703 ipsum,
1434 3625 1516 3687 istud
1544 3627 1659 3707 ipsum,

75 3845 132 3895 ποιεῖ
145 3844 200 3898 atet
212 3844 252 3897 καί
272 3838 345 3911 εἶναι,
364 3844 404 3897 καί
417 3842 479 3915 θμοῦ
503 3843 533 3896 τὰ
550 3843 642 3907 πάντη
657 3841 714 3895 ἀλλ’
729 3841 750 3895 εἰ
764 3847 832 3896 ποιεῦ
883 3861 961 3906 σεται,
976 3843 1015 3895 ὅτι
1030 3840 1073 3912 μίν
1088 3838 1141 3892 ἔστι
1152 3839 1192 3891 διὰ
1203 3839 1290 3893 τοῦτου
1305 3839 1397 3911 μαθὼν,
1413 3832 1467 3892 οἷον
1480 3840 1507 3892 δέ
1518 3838 1571 3894 ἔστι
1581 3845 1657 3895 τοῦτο

74 3924 159 3980 ituros
173 3923 244 3997 εἶναι,
265 3929 350 4001 ααὶ,τῇ
365 3927 416 3990 ἓνός
432 3927 552 3999 παρουσίᾳ
565 3926 680 4000 αὔταρκες
695 3928 725 3982 ab
737 3928 829 3996 πλῆθος
881 3925 963 3997 ἀφείς·
973 3926 1003 3979 rb
1015 3923 1042 3977 δὲ
1054 3917 1108 3977 οίον
1122 3922 1247 3995 σημαίνειν
1261 3922 1291 3977 rb
1309 3923 1357 3995 οόχ
1368 3916 1439 3977 οἷον·
1456 3922 1485 3975 οῦ
1496 3923 1543 3996 γὰρ
1557 3923 1593 3977 ἔνι
1605 3923 1661 3978 otti

74 4008 143 4077 εῦτοῦ,
162 4012 411 4080 ιιαίαότθςθηλονότι
430 4011 555 4079 ποιητιιιόν
573 4010 666 4081 obolas,
679 4011 720 4064 aad
743 4011 830 4084 αῦταρ-
881 4010 910 4064 τθ
935 4004 999 4080 οἷον,
1034 4010 1087 4079 ὅτῳ
1103 4006 1165 4079 μηδὲ
1187 4007 1217 4060 τό
1242 4025 1276 4060 τι.
1294 4005 1371 4059 Ἀλλὰ
1382 4007 1453 4078 ἡμεῖς
1466 4009 1521 4069 ταῖς
1533 4007 1662 4080 ἡμετέραις

73 4094 136 4163 πίας,
161 4095 237 4150 latire
255 4096 315 4150 αἰτθ
332 4096 415 4150 οῦκθν
433 4095 515 4167 οόσία,
537 4095 595 4149 ἀλλ’
609 4094 826 4166 ὀπέκειναταίτης,
881 4095 966 4148 ὠδῖσιν
979 4093 1117 4165 ἀποροῦμεν
1132 4093 1157 4163 a,
1171 4111 1195 4145 τι
1208 4090 1257 4162 χρὴ
1274 4090 1368 4162 λέγειν·
1383 4091 1423 4142 ιιαί
1441 4091 1545 4163 λέγομεν
1560 4093 1617 4163 περὶ
1631 4091 1659 4146 οὗ

72 4179 377 4257 ισίέτέιεινασθταμαείας.
882 4180 967 4253 ῥητοῦ,
990 4178 1030 4230 ιιαὶ
1052 4176 1215 4248 ὀνομάζομεν,
1238 4173 1364 4247 σημαίνειν
1384 4172 1478 4237 tanea
1495 4176 1605 4238 θέλοντες
1626 4175 1660 4238 ὡς

101 4267 232 4324 ahons.
249 4267 299 4324 lib.
316 4268 361 4324 lv.
376 4269 446 4323 Ena.
463 4269 490 4322 ὀ.
511 4284 573 4339 cap.
590 4281 620 4323 tl.
640 4264 766 4319 Ἐπέκεινα
781 4266 828 4338 ἄρα
881 4263 1012 4335 δυνάμεθα·
1035 4262 1099 4334 τάχα
1119 4258 1145 4313 δὲ
1163 4259 1203 4312 καί
1219 4258 1248 4313 rb
1266 4259 1292 4311 ἓν
1316 4258 1396 4330 ὄνομα
1414 4263 1499 4329 τοῦτο,
1514 4260 1584 4332 ὀροιν
1607 4260 1660 4334 ίχει

73 4343 157 4409 eiciat·
171 4350 210 4401 αεὶ
227 4346 249 4401 εί
274 4349 306 4402 τὰ
319 4349 406 4415 πάντα,
432 4347 480 4420 πρὸ
502 4345 529 4399 bt
549 4346 645 4400 πάντων
666 4345 695 4399 τί)
708 4345 744 4410 ἓν,
758 4344 786 4398 οῦ
799 4346 828 4399 τὸ
881 4348 941 4420 apog
959 4346 990 4401 τὰ
1009 4345 1105 4399 πολλά·
1130 4344 1184 4397 ὅθεν
1207 4344 1247 4396 καί
1280 4342 1426 4397 Ἀπόλλωνα
1448 4342 1471 4398 οί
1495 4346 1661 4420 Πυθαγορικοὶ

72 4428 119 4482 ἴσον
134 4432 190 4504 ἔχον
211 4436 265 4495 τοῖς
286 4435 356 4499 πᾶσι,
374 4433 413 4484 καί
428 4432 502 4504 ταῦτη
528 4432 568 4483 δεῖ
590 4428 697 4484 ἐπέκεινα
711 4423 772 4483 εἶναι
785 4434 828 4498 τῆς
879 4431 1034 4504 σομῦολιιιῶς
1058 4429 1119 4502 πρὸς
1149 4428 1271 4496 ἀλλήλους
1304 4427 1435 4500 ἐσήμαινον
1465 4428 1585 4503 ἀποφάσει
1610 4436 1662 4485 τῶν

72 4512 142 4576 &rica
153 4523 224 4570 τοῦτο
233 4515 260 4569 δὲ
273 4518 313 4570 καὶ
324 4520 380 4570 νοῦ·
396 4515 504 4570 ἐπέκεινα
516 4517 563 4587 ἄρα
576 4515 600 4569 τί
613 4519 664 4568 νοῦ.
881 4517 993 4571 πολλῶν.

101 4600 392 4674 ὀΡιιοτ.11).Τόὀεγάρ
415 4622 437 4655 τι
450 4601 543 4668 θεῖτὴν
556 4599 639 4653 οῦαίαν
654 4593 729 4652 εἶναι·
755 4602 828 4653 τοῦτο
917 4601 1060 4655 dl'tortrt.
1075 4600 1149 4654 Eleu.
1178 4600 1205 4652 5.
1228 4595 1280 4652 lib.
1305 4596 1337 4652 V.
1359 4613 1385 4650 c.
1406 4612 1442 4651 xl.
1457 4598 1492 4651 Τό
1515 4597 1541 4651 δὲ
1564 4603 1665 4670 πρῶτον

72 4682 101 4751 ὀί,
111 4685 252 4758 ὀιφισμίνον
267 4687 297 4742 τθ
319 4686 358 4755 δὲ,
371 4686 415 4740 οῦκ
428 4684 480 4740 ἔστί
493 4686 577 4739 λαῦεῖν
588 4686 622 4747 ὡς
634 4686 703 4739 τόθε·
719 4685 765 4753 ἤδη
781 4684 827 4757 γὰρ
880 4684 943 4758 ὀρχη
957 4688 1000 4739 τοῦ
1015 4678 1087 4749 εἶναι,
1107 4683 1147 4735 καί
1161 4682 1306 4753 κυριώτερον
1320 4674 1351 4733 αῦ
1363 4686 1405 4749 τῆς
1421 4681 1449 4735 οῦ
1457 4682 1520 4745 σίας·
1543 4684 1607 4738 ὥστε
1621 4683 1663 4737 ἀν-

70 4767 185 4843 ohim·
201 4771 257 4824 ἀλλ’
267 4770 345 4825 ίιιεῖνο
356 4773 441 4843 μόνον,
453 4772 468 4824 θ
480 4772 535 4825 τόθε
548 4766 646 4843 εἴρηκας
655 4762 726 4823 εἶναι.
879 4770 1033 4842 τιστρεπτέον
1055 4767 1099 4836 τὴν
1118 4765 1200 4829 δόξαν·
1224 4763 1246 4817 εί
1266 4763 1292 4818 ot
1314 4765 1359 4838 μὴ,
1385 4767 1546 4842 ιιαταλελείψη
1571 4767 1663 4842 ἔρημος

99 4853 162 4909 tlh.
175 4854 211 4908 'lb
231 4855 277 4927 γόμ
290 4855 399 4909 ἐπέκεινα
412 4855 491 4917 ὄντος.
517 4854 545 4908 οὗ
563 4856 620 4908 τόθε
642 4856 724 4928 λέγει·
740 4857 768 4912 ob
781 4857 828 4930 γθφ
880 4856 952 4910 Θεοῦ.

70 4935 162 5009 τίθησιν,
176 4937 231 4991 etot
250 4939 328 5009 ὄνομα
341 4937 414 4991 atreo
438 4938 518 5009 λέγει·
534 4936 677 5011 ὀλλίιφέρει
696 4942 770 5012 μόνον
787 4942 827 5006 rb,
917 4932 1067 4995 6111.οἴον
1098 4936 1121 4990 εἴ
1134 4955 1197 4998 τινες
1216 4936 1256 4988 bid
1277 4936 1331 5007 βίον
1343 4936 1505 5008 κοιμώμενοι,
1524 4941 1599 4991 ταῦτα
1621 4937 1665 5009 μὲν

70 5020 189 5089 vincito,
211 5028 263 5079 etc.
289 5024 358 5077 Ἀλλ’
376 5025 459 5095 ὥσπερ
478 5024 523 5091 τὴν
541 5024 630 5092 νοητὴν
651 5023 719 5096 φῦσιν
739 5026 829 5097 βοολό-
882 5026 956 5081 πιστὰ
969 5027 1009 5079 καί
1027 5025 1116 5097 ἐναργῆ
1129 5024 1252 5095 νομίζοιεν
1266 5023 1297 5077 τὰ
1311 5022 1334 5076 ἐν
1348 5025 1401 5086 τοῖς
1413 5022 1529 5095 ὀνείρασι·
1547 5022 1568 5076 εί
1579 5023 1606 5077 δέ
1623 5044 1667 5090 τις

71 5124 131 5174 μενος
145 5105 216 5173 ίόεἴν,
227 5108 340 5180 οόθεμίαν
355 5107 486 5178 φαντασίαν
500 5105 614 5176 αίσθητοῦ
630 5107 706 5181 ἔχων,
721 5109 830 5163 θεάσεται
883 5111 968 5173 αθτοῦς
986 5108 1138 5183 ἔξεγείφοιεν,
1157 5107 1331 5177 ἀπιστήσαντες
1344 5109 1398 5169 τοῖς
1410 5108 1450 5160 διὰ
1462 5113 1511 5161 τῶν
1525 5107 1663 5182 ὀφθαλμῶν

70 5189 151 5245 ὀίστιν
164 5191 272 5246 ίπένιεινα
282 5198 325 5247 τοῦ
337 5190 466 5261 αἰσθητοῦ·
483 5193 547 5247 οῦτοι
565 5194 604 5246 καί
623 5192 637 5247 ὀ
655 5194 781 5249 θεάσασθαι
794 5196 831 5248 ot·
886 5195 1029 5268 ὀνεῳνότων
1041 5194 1145 5264 ὀφθεῖσι,
1159 5194 1232 5247 πάλιν
1243 5191 1456 5262 καταθαρθάνοιεν,

70 5272 113 5325 ’μιν
128 5274 156 5329 :b
169 5275 276 5331 ἔπίιεινα
288 5282 332 5332 τοῦ
351 5287 450 5346 νοητοῦ,
465 5278 494 5333 τθ
514 5279 601 5347 νοητθν
621 5282 668 5332 πᾶν
682 5278 759 5351 ἀφεῖς,
779 5280 831 5333 θεά·

96 5510 104 5551 1
116 5510 170 5563 Ομετ
179 5516 247 5553 nacti
254 5514 352 5559 Τιιοιιι.
