4030 6204
401 328 451 389 DE
475 327 548 389 eno
568 325 712 403 DEIQUE
729 326 1071 403 rrernrmnrlees
1097 327 1170 391 tte.
1197 328 1264 405 Vll,
1291 328 1375 390 CAP.
1405 328 1458 390 111.
1659 326 1718 388 eet

112 493 379 568 orationessunt,
402 502 614 575 ιιιριλιαιῖνοοο
638 504 786 559 ααννλιισιῖν
805 510 897 554 risur-
986 491 1073 553 V.ln
1086 490 1284 571 bistlregorii
1297 490 1402 552 verbis
1414 489 1569 571 imprimis
1581 490 1721 570 proprie·

111 586 217 667 pavit.
243 587 412 665 Gregorius
434 586 512 646 item
531 587 688 666 Nysseuus
711 588 745 648 in
765 587 846 648 libro
859 584 900 646 od
945 587 993 643 tas
1016 584 1085 663 ipsa
1105 597 1149 660 τῆς
1162 594 1321 666 καταλήψεως
1335 584 1446 661 elucet,
1471 602 1568 664 qnam
1582 602 1639 645 uos
1654 600 1720 644 esse

112 677 293 747 Attalium,
319 696 383 758 quo
402 696 466 739 nou
480 696 546 739 esse
570 679 650 739 Deos
669 684 733 740 tres
752 678 897 753 ostendit,
946 675 1127 737 dicebamus
1152 678 1198 738 rei
1226 678 1333 739 scdulo
1358 678 1509 758 quesite,
1536 683 1568 739 et
1583 677 1720 738 studiose

112 779 248 852 ιονρίληφιν
262 789 320 851 pro
342 769 592 851 comprehensione
605 772 720 852 posuit,
745 772 800 831 sed
820 769 899 847 ejus·
946 767 1096 830 affectate
1119 770 1369 850 prehensionem,
1394 788 1556 832 aemanus
1578 770 1719 848 injectio·

114 862 220 937 modi,
237 881 301 942 qua
316 861 434 941 aliquid
448 880 625 924 coercemus
638 882 675 925 ac
688 862 896 934 continemus,
946 878 1031 922 nem.
1052 862 1152 937 Quod,
1175 879 1247 923 cum
1269 863 1308 923 de
1326 868 1431 924 mente
1453 862 1720 941 intelligentiaque

113 959 290 1034 totumque
322 954 568 1035 complectimur,
604 961 636 1017 et
667 954 895 1016 concludimus.
946 952 1115 1032 loquimur,
1145 955 1179 1014 in
1202 956 1378 1035 perspicua,
1394 961 1426 1016 et
1449 954 1597 1031 evidenti,
1621 960 1658 1015 ut
1671 973 1721 1016 res

119 1066 139 1103 ιι
168 1047 233 1108 Nos
266 1047 397 1109 minime
422 1047 594 1122 definitam,
624 1066 726 1128 neque
760 1064 899 1126 eompre-
948 1045 1039 1106 estin
1062 1064 1105 1121 se,
1129 1047 1305 1126 cognitione
1319 1048 1466 1108 consistit.
1492 1048 1526 1108 ld
1544 1047 1628 1107 euim
1652 1052 1720 1108 tum

113 1137 255 1200 baasam
283 1138 422 1199 dianam
453 1144 599 1200 naturam
630 1157 696 1201 esse
722 1140 895 1213 credentes,
947 1139 1182 1217 persequimur3
1199 1139 1315 1201 aofinis
1328 1140 1537 1220 inquisitionis
1550 1140 1721 1218 bajusuon

115 1231 244 1292 nnllam
260 1231 326 1309 ejus
340 1231 649 1311 comprehensionem
663 1231 771 1292 animo
785 1229 901 1309 eogita-
949 1235 995 1290 est
1007 1230 1095 1307 alius,
1114 1249 1210 1311 quam
1229 1232 1321 1312 plena
1332 1238 1363 1293 et
1386 1233 1529 1294 deducta
1543 1232 1620 1311 ejus,
1635 1233 1721 1313 quod

115 1333 226 1384 must&
243 1344 259 1380 ν
274 1323 325 1384 Sic
337 1323 372 1384 in
385 1322 495 1384 Timeo
509 1323 595 1383 Plato
607 1333 637 1386 rt
650 1334 733 1400 νοήσει
747 1331 810 1404 μετὰ
822 1331 899 1402 λόγον
948 1321 1026 1383 seire
1039 1340 1076 1384 ae
1086 1324 1191 1385 videre
1211 1324 1378 1400 voluimus,
1394 1327 1560 1404 perceptio.

115 1423 274 1496 περιληπιον
296 1415 384 1488 dixit,
411 1415 495 1494 quad
515 1415 723 1495 interpretans
746 1413 900 1476 Cicereia
988 1414 1105 1475 Deinde
1128 1422 1381 1478 notenturveees
1404 1417 1466 1477 illae
1484 1418 1625 1493 diverses,
1650 1435 1721 1496 que

116 1506 205 1567 libro
225 1505 260 1567 de
277 1506 474 1569 Unioersitote
492 1507 536 1567 sie
557 1508 662 1584 periit,
686 1505 766 1589 qnod
783 1503 900 1566 intelli·
949 1505 1060 1566 adhoc
1082 1506 1186 1586 ipsum
1207 1508 1443 1588 significandum
1457 1509 1605 1570 adhibite
1621 1515 1722 1569 sunta

116 1598 224 1680 gentse
245 1599 408 1660 citatione
425 1598 688 1680 comprehenditur.
950 1597 1098 1675 Gregorio
1117 1606 1208 1679 ἐπαφὴ,
1238 1612 1394 1677 κατανόησις,
1427 1608 1563 1682 ἀντίληψις,
1589 1609 1720 1681 θιγγάνειν,

164 1692 283 1753 Deinde
306 1704 426 1777 περινοεῖν
449 1697 612 1770 usurpant.
634 1692 714 1752 Hinc
735 1690 902 1769 Gregorius
950 1697 1061 1774 ἐναργῶς
1086 1700 1146 1754 leste
1168 1699 1199 1755 et
1212 1702 1283 1774 ὁρᾷν.
1308 1694 1426 1767 Quibus
1446 1693 1563 1753 latinae
1598 1710 1724 1771 respon-

118 1784 282 1864 Nysseuus
292 1791 450 1865 ααερινοητον
464 1792 705 1863 neminemne
718 1781 903 1857 dixit¹;uec
950 1786 1043 1847 dent:
1070 1785 1252 1862 attrectatio,
1275 1786 1438 1867 perceptio,
1459 1784 1629 1866 prehensio,
1658 1803 1724 1845 con-

119 1894 191 1936 uen
220 1875 355 1955 Cyrillus
387 1875 617 1936 Alexandrinus
644 1876 680 1936 in
706 1872 839 1954 epistola
862 1873 902 1933 ad
952 1884 1056 1955 tactos,
1072 1879 1155 1941 claro
1168 1886 1198 1938 et
1207 1877 1369 1958 perspicuo
1384 1877 1468 1937 ceto.

118 1967 327 2028 Valerianum
351 1970 540 2048 episcopum.
565 1967 649 2029 Alias
677 1966 810 2027 verbum
827 1991 903 2026 κατα·
991 1972 1054 2032 Nee
1072 1970 1192 2031 abludit
1212 1970 1252 2029 ab
1275 1969 1324 2029 his
1345 1968 1476 2029 verbum
1499 1978 1623 2050 φηλαρᾷν,
1639 1970 1724 2048 quod

118 2060 201 2137 isis,
229 2065 266 2120 ut
289 2061 456 2139 Gregorius
482 2061 566 2120 idem
591 2057 781 2139 Nyssenus'.
810 2056 904 2135 Cujus
952 2068 1177 2130 maternam-e,
1203 2079 1265 2140 quo
1288 2060 1401 2120 Paulus
1423 2061 1507 2139 apud
1524 2061 1725 2140 Areopagitas

119 2152 261 2231 insignis
277 2152 364 2213 loeus
386 2158 433 2213 est
446 2153 481 2212 in
494 2151 680 2213 duodecimo
697 2151 778 2212 libro
801 2157 904 2210 contro
951 2173 1027 2217 usus
1040 2162 1096 2216 est.
1113 2154 1249 2230 Querar
1257 2151 1363 2228 Deum,
1372 2153 1487 2230 iuquit,
1499 2152 1527 2212 si
1538 2152 1616 2231 sorte
1628 2161 1724 2214 ottre-

119 2243 324 2320 Ennominm,
353 2244 410 2322 qui
432 2250 641 2325 preterquam
668 2244 752 2322 quod
786 2247 817 2301 et
843 2240 905 2301 alia
952 2256 1119 2321 etentetnn,
1134 2253 1164 2306 et
1178 2245 1363 2306 inventerit
1380 2245 1479 2318 Quem
1499 2244 1637 2305 imitatus
1652 2246 1725 2324 Epi-

120 2337 257 2397 nemina
270 2337 354 2397 idem
373 2336 585 2415 significantia
603 2334 791 2415 suppeditat,
813 2331 903 2392 miri-
953 2339 1098 2419 pbanius,
1111 2336 1421 2417 comprehensionem
1434 2336 1521 2397 illam
1536 2336 1601 2413 Dei,
1617 2355 1726 2415 quase

120 2428 183 2490 fiee
198 2433 297 2489 totam
309 2428 401 2503 banc,
426 2447 522 2508 quem
535 2429 745 2501 enucleamus,
761 2441 805 2504 της
822 2452 903 2488 κανα-
953 2431 1062 2491 stolide
1075 2429 1255 2490 venditabat
1268 2428 1385 2503 Aetius,
1400 2427 1547 2507 graphice
1565 2427 1727 2507 descripsit

121 2521 313 2601 messarim,
339 2526 552 2600 naturamque
574 2520 832 2597 declaratuthie,
848 2523 906 2584 etsi
954 2523 989 2583 iu
1007 2521 1118 2584 heresi
1131 2538 1231 2597 cxxvi,
1255 2530 1394 2602 ψηλάφησιν
1407 2537 1614 2597 cemvoeans,
1639 2520 1727 2598 cujus

123 2619 172 2674 est
186 2613 284 2694 paulo
297 2612 435 2692 longior,
451 2613 675 2675 adscribendus
685 2613 738 2673 sit.
758 2634 774 2670 ιι
783 2614 906 2692 Divina,
954 2614 1050 2676 verba
1062 2632 1156 2693 supra
1168 2612 1272 2694 posui.

123 2705 244 2784 inquit,
273 2710 388 2766 natura
425 2705 694 2785 quemadmodum
723 2723 755 2765 se
781 2705 906 2783 babeat,
994 2708 1227 2785 Nonnunquam
1249 2710 1281 2766 et
1302 2711 1451 2785 περιγραφὴν
1470 2708 1726 2783 vocanteompre-

123 2798 254 2875 attingi,
280 2797 566 2877 comprehendique
589 2814 656 2857 non
671 2801 784 2876 potest,
809 2798 910 2858 omni-
955 2796 1129 2873 tensionem,
1151 2797 1237 2856 velut
1262 2796 1430 2875 quamdam
1451 2794 1582 2873 cognitas
1604 2795 1652 2856 rei
1671 2795 1729 2856 cir-

124 2908 190 2969 que
204 2890 493 2968 comprehensione,
504 2906 575 2968 quie
585 2888 761 2949 rationibus
775 2894 906 2967 mustei,
957 2888 1238 2968 cumscriptiouem.
1268 2889 1314 2947 lta
1333 2887 1499 2964 Gregorius
1518 2886 1729 2948 Nazianzenus

124 2982 296 3044 sublimior
310 2987 366 3042 est.
391 2981 431 3042 at
457 2982 596 3043 bumana
621 2998 710 3041 mens
731 2981 861 3057 curiose,
878 2988 910 3042 et
956 2982 1096 3043 oratione
1108 2997 1221 3041 xxxiv:
1241 2979 1408 3040 «Nondum
1417 2978 1496 3038 illud
1504 2978 1584 3053 dien
1599 2978 1729 3039 cucum-

124 3074 260 3135 sellicite
285 3073 508 3153 pervestigans,
526 3078 557 3134 et
570 3077 776 3153 perscrutans,
796 3073 910 3152 quibus
957 3074 1123 3154 scriptione
1132 3072 1238 3151 aliqu
1250 3071 1372 3133 definiri
1380 3088 1469 3149 posse
1477 3070 1607 3132 omuino
1617 3072 1727 3148 Deum,

125 3171 232 3247 potest
245 3165 575 3243 argumentationibus
597 3165 795 3241 inaccessam,
811 3173 843 3226 et
855 3184 909 3226 ex·
958 3166 1094 3226 simeute
1104 3164 1325 3244 comprehendi
1334 3169 1445 3243 potest.
1460 3162 1606 3224 Estenim
1614 3163 1730 3242 speeies

126 3259 245 3321 celsam
268 3258 386 3337 expetit
409 3258 599 3337 attingitque
622 3262 788 3333 naturam;
808 3276 910 3338 neque
959 3276 1023 3319 una
1035 3256 1324 3337 emeumseriptieuis
1337 3255 1571 3335 comprehensio
1580 3252 1606 3315 ί.
1623 3276 1638 3312 ν

126 3356 198 3413 tam
215 3355 307 3411 acute
322 3355 509 3425 cerneus,ut
523 3349 567 3424 id,
578 3349 662 3428 quod
673 3348 773 3411 videri
789 3351 909 3429 nequit,
999 3350 1138 3429 Denique
1150 3349 1283 3410 verbum
1294 3359 1397 3430 χωρεῖν,
1412 3349 1497 3427 quod
1510 3353 1557 3409 est
1572 3352 1731 3429 caperest

127 3442 298 3523 perspicue
320 3442 436 3517 rideat,
461 3458 565 3520 neque
587 3440 713 3522 penitus
734 3441 774 3502 ab
788 3460 912 3503 accessu
960 3441 994 3501 in
1010 3441 1139 3523 seqcosi
1163 3441 1319 3517 continere,
1344 3459 1410 3501 nou
1432 3440 1580 3501 aliorsum
1603 3444 1729 3519 spectat.

127 3535 175 3595 ita
203 3549 335 3609 semota,
361 3539 398 3594 ut
421 3533 541 3595 nullam
568 3533 646 3612 ejus,
675 3532 760 3611 quod
785 3535 909 3612 querit,
960 3534 1041 3595 Usus
1060 3540 1108 3595 est
1127 3534 1187 3595 boe
1209 3533 1306 3595 verbo
1321 3532 1487 3612 Dionysius
1504 3532 1538 3593 in
1552 3531 1730 3611 capitexru,

127 3625 353 3704 conjecturam
374 3627 472 3705 possit
495 3644 616 3705 capere.
642 3624 830 3704 Sedpartim
842 3627 911 3705 qui-
960 3625 996 3687 de
1012 3625 1132 3687 Divinis
1153 3624 1330 3701 nominihus,
1355 3624 1444 3702 cujus
1461 3622 1557 3685 verba
1576 3641 1651 3684 mox
1663 3623 1733 3684 red·

129 3720 207 3781 dem
230 3718 270 3779 de
293 3737 342 3794 eo,
364 3718 456 3797 quod·
473 3718 635 3797 quaeritur,
661 3734 718 3796 per
744 3718 911 3780 ratiocins·
962 3719 1048 3779 dam.

129 3811 258 3873 henum
290 3815 442 3872 attactirm
484 3810 662 3889 conjectura
694 3811 911 3889 consequitur3
1001 3811 1237 3890 chrysostomus
1258 3808 1507 3870 oretiouetertia
1531 3815 1633 3868 codro
1657 3807 1734 3869 Ano

130 3904 252 3983 partim
266 3921 340 3965 rere
353 3921 393 3964 ex
406 3921 455 3980 eo,
476 3903 561 3982 quod
575 3906 709 3980 nequeat
725 3901 828 3981 ipsum
845 3921 914 3983 per-
960 3920 1046 3964 meos
1068 3902 1175 3963 omnia
1193 3918 1273 3981 pene
1293 3900 1456 3975 vocabula,
1472 3899 1585 3978 quibus
1607 3898 1662 3959 illa
1676 3900 1732 3959 Dei

130 3996 270 4076 spicere,
296 3996 526 4076 quodammodo
562 3994 724 4072 cognovit,
763 4000 912 4073 tanquam
960 3995 1131 4074 proprietas
1141 3992 1290 4072 appellari
1303 3997 1416 4071 potest,
1433 3991 1541 4070 paucis
1555 3989 1733 4068 complecti·

132 4086 314 4149 evidentem
322 4087 461 4166 aliqrram
470 4086 682 4167 cognitionem
691 4084 769 4146 illud
780 4085 910 4163 habeus,
959 4091 1022 4147 tur.
1042 4105 1057 4143 ιι
1069 4086 1221 4147 Vacemus
1242 4084 1340 4162 igitur
1364 4082 1614 4162 inexplicabilem
1628 4081 1731 4158 ilium,

131 4179 224 4258 quod
245 4181 425 4258 comitiana
447 4179 488 4241 sit
502 4179 589 4239 omni
613 4177 767 4258 superius,
782 4177 814 4239 id
827 4178 912 4256 quod
958 4176 1304 4257 incomprehensibilem
1317 4175 1419 4251 illum,
1435 4193 1635 4254 quemnemo
1649 4175 1734 4253 eogi-

133 4270 351 4351 quaeritari.»
960 4277 1039 4347 tare,
1054 4286 1150 4332 nemo
1164 4269 1283 4345 videre,
1302 4285 1396 4330 nemo
1410 4268 1533 4347 assequi
1543 4272 1665 4347 petest,
1680 4267 1735 4346 qui

176 4540 197 4580 a
215 4523 334 4583 Nissen.
350 4520 392 4578 od
403 4519 509 4577 Αθίαθ.
533 4516 621 4593 Ἡμεῖς
635 4516 859 4591 μὲνγᾶρᾶόρῑστον
873 4519 914 4571 καὶ
964 4524 1165 4595 τοΰζητοομίνον
1174 4523 1258 4575 λαθεῖν
1268 4520 1386 4576 εἰκασίαν·
1396 4521 1462 4576 ἀλλὰ
1470 4522 1500 4577 rb
1511 4523 1554 4597 μέν
1566 4544 1590 4579 τι
1599 4528 1644 4578 τοῦ
1653 4527 1738 4594 ζητου-

137 4608 309 4680 άπερίληπτον
324 4604 442 4674 πλινθείαν
452 4603 522 4674 picit
537 4596 599 4656 εἶναι
621 4600 783 4671 stratone,
799 4600 915 4672 οὖδεμίαν
966 4606 1039 4679 μένον
1052 4606 1094 4660 διὰ
1111 4612 1155 4675 τῆς
1170 4613 1220 4661 τῶν
1238 4608 1365 4679 λογισμῶν
1385 4605 1478 4679 ἐπαφῆς
1492 4605 1655 4682 ἐστοχάσατο·
1671 4608 1701 4663 rh
1710 4607 1737 4663 θέ

138 4690 218 4758 αὐτῆς
232 4688 376 4761 ἐπινοοῦμεν
385 4687 526 4759 περίληψιν.
965 4688 1025 4743 αὐτὸ
1035 4689 1116 4757 (fert.
1128 4688 1211 4762 αὐτῷ)
1225 4695 1262 4763 τῷ
1281 4689 1314 4763 μὴ
1338 4689 1450 4743 δύνασθαι
1465 4692 1563 4757 ditetis,
1573 4693 1664 4763 τρόπον
1681 4692 1737 4745 τινὰ

178 4773 293 4832 bNtss.
308 4771 356 4828 hb.
383 4771 432 4826 ΧΙί
447 4774 522 4824 wlti-
535 4771 660 4824 Eunom-
679 4766 916 4830 mitescerent
964 4774 1120 4841 κατενόησεν·
1132 4766 1187 4827 οίθν
1201 4791 1256 4827 τινα
1266 4779 1358 4846 γνῶσιν
1370 4771 1458 4846 ἐναργῆ
1468 4772 1497 4827 πθ
1510 4773 1570 4847 θπέρ
1579 4775 1659 4827 πᾶσαν
1669 4779 1735 4847 γνῶ·

138 4855 206 4911 κατὰ
219 4855 343 4927 τὴνφύσιν
362 4852 419 4927 ἐγρη,
431 4850 556 4923 ἀνέπαφον
566 4870 594 4905 τε
606 4848 667 4914 ἐστι,
684 4850 726 4902 καί
739 4847 915 4919 άαατανθητον,
965 4872 1003 4907 σιν
1013 4856 1042 4909 τθ
1051 4855 1200 4928 ζητοθμσνον
1212 4850 1275 4909 εἶναι
1289 4856 1451 4929 ποιησαμένη.

138 4940 184 4994 καὶ
198 4938 489 5007 tenemuthenesis
509 4933 597 4988 ἐκτῶν
612 4934 740 5005 λογισμῶν
755 4932 915 5004 ίνίιηλάτερον.
1002 4953 1017 4994 c
1036 4942 1103 4994 Ace.
1116 4955 1184 5010 xvir,
1201 4940 1246 4995 27.
1266 4940 1352 5008 Ζητεῑν
1369 4939 1410 4993 etv
1427 4937 1522 5011 κθριον,
1535 4938 1735 5012 είοῖραγενίαηλα-

138 5023 157 5091 ἡ
168 5021 195 5076 δέ
205 5022 342 5095 ἀνθρωπίνη
358 5022 454 5074 διάνοια
467 5018 717 5090 πολυπραγμονοῦσα,
735 5016 776 5069 καὶ
792 5017 919 5087 ereptare·
966 5024 1068 5095 φήσειαν
1078 5020 1162 5085 αὑτὸν,
1177 5022 1217 5075 καὶ
1227 5021 1328 5094 εὕροιεν,

140 5108 204 5181 μένη
214 5107 247 5158 δι’
256 5101 291 5157 ὧν
303 5100 468 5178 deflectatis
480 5102 617 5173 λογισμῶν,
632 5098 773 5171 ἐπορέγεται
782 5099 824 5151 καί
833 5098 917 5170 θιγγά-
1002 5104 1024 5161 d
1042 5105 1107 5164 Νη,
1122 5106 1198 5161 θην,
1213 5120 1307 5159 χχχιιι,
1326 5104 1372 5157 Καὶ
1384 5102 1452 5157 οὔπω
1460 5104 1537 5177 λέγω,
1552 5104 1582 5158 τὸ
1606 5124 1740 5180 nawen.

140 5209 179 5243 νεῑ
188 5192 232 5256 τῆς
242 5186 456 5260 <immisimus
471 5185 513 5238 καί
521 5183 615 5256 &dulit
624 5184 729 5254 φίνῑως·
741 5180 797 5235 05³⁸
806 5184 918 5234 ἵῠῑῡΰῐῡθ
967 5191 1010 5243 τθν
1025 5190 1122 5252 πάντως
1134 5182 1197 5241 εἶναι
1211 5188 1240 5241 πθ
1251 5189 1325 5254 θεῖον,
1340 5188 1380 5240 καί
1393 5186 1414 5240 el
1426 5187 1522 5259 διανοίᾳ
1534 5189 1701 5258 καταληπτόν.
1713 5190 1738 5243 ἐν

140 5272 298 5336 θξνωποῦσα,
313 5271 347 5332 ὥς
357 5267 465 5342 ἐναργῶς
489 5265 549 5320 lesit
559 5267 588 5319 πθ
605 5263 790 5339 depresserint
808 5260 919 5325 καθάπαξ
967 5272 1015 5348 γὰρ
1025 5274 1174 5351 περιγραφῆς
1183 5263 1248 5334 εἶδος
1257 5272 1298 5324 καί
1312 5270 1328 5339 θη
1341 5269 1483 5342 κατάληψις.

141 5354 350 5429 άπισχοινισμένη
361 5357 404 5420 τῆς
422 5349 610 5424 προσιγγίσεως,
625 5349 659 5413 ὣς
677 5347 796 5421 μηδεμίαν
806 5345 919 5399 δύνασθαι

171 5540 180 5581 t
195 5536 258 5590 hyn.
269 5528 310 5575 llll
319 5534 376 5574 cent.
389 5525 572 5573 Bne-iidem
584 5532 638 5570 tem.
648 5524 673 5577 V,
686 5533 734 5580 per.
747 5522 775 5575 ll,
788 5534 810 5578 p.
818 5521 865 5570 ses.
880 5527 902 5564 et
912 5519 941 5563 ad
951 5522 1084 5605 limem·
1097 5545 1120 5596 ρ,
1131 5520 1177 5569 tte
