<?xml version="1.0" encoding="UTF-8"?>
<!DOCTYPE html PUBLIC "-//W3C//DTD XHTML 1.0 Transitional//EN"
    "http://www.w3.org/TR/xhtml1/DTD/xhtml1-transitional.dtd">
<html xmlns="http://www.w3.org/1999/xhtml" xml:lang="en" lang="en">
 <head>
  <title>
</title>
<meta http-equiv="Content-Type" content="text/html;charset=utf-8" />
  <meta name='ocr-system' content='tesseract 3.04.00' />
  <meta name='ocr-capabilities' content='ocr_page ocr_carea ocr_par ocr_line ocrx_word'/>
</head>
<body>
  <div class='ocr_page' id='page_1' title='image "./dogmatatheologi01goog_0584.png"; bbox 0 0 4030 6204; ppageno 0'>
   <div class='ocr_carea' id='block_1_1' title="bbox 425 262 1740 342">
    <p class='ocr_par' dir='ltr' id='par_1_1' title="bbox 425 262 1740 342">
     <span class='ocr_line' id='line_1_1' title="bbox 425 262 1740 342; baseline 0.005 -15"><span class='ocrx_word' id='word_1_1' title='bbox 425 265 476 327; x_wconf 85' lang='lat' dir='ltr'><strong>DE</strong></span> <span class='ocrx_word' id='word_1_2' title='bbox 495 265 569 327; x_wconf 87' lang='lat' dir='ltr'><strong>DEO</strong></span> <span class='ocrx_word' id='word_1_3' title='bbox 590 264 733 340; x_wconf 83' lang='lat' dir='ltr'><strong>DEIQUE</strong></span> <span class='ocrx_word' id='word_1_4' title='bbox 752 262 1093 342; x_wconf 72' lang='lat' dir='ltr'><strong>Puerulmamssus,</strong></span> <span class='ocrx_word' id='word_1_5' title='bbox 1115 265 1188 328; x_wconf 87' lang='lat' dir='ltr'><strong>LIB.</strong></span> <span class='ocrx_word' id='word_1_6' title='bbox 1210 267 1262 339; x_wconf 84' lang='lat' dir='ltr'><strong>VI,</strong></span> <span class='ocrx_word' id='word_1_7' title='bbox 1285 268 1369 329; x_wconf 80' lang='lat' dir='ltr'><strong>GAP.</strong></span> <span class='ocrx_word' id='word_1_8' title='bbox 1391 269 1473 331; x_wconf 85' lang='lat' dir='ltr'><strong>VIII.</strong></span> <span class='ocrx_word' id='word_1_9' title='bbox 1681 275 1740 334; x_wconf 75' lang='lat' dir='ltr'><strong>tlt</strong></span> 
     </span>
    </p>
   </div>
   <div class='ocr_carea' id='block_1_2' title="bbox 138 430 1749 4298">
    <p class='ocr_par' dir='ltr' id='par_1_2' title="bbox 138 430 1749 4298">
     <span class='ocr_line' id='line_1_2' title="bbox 141 430 1739 518; baseline 0.001 -21"><span class='ocrx_word' id='word_1_10' title='bbox 141 441 271 517; x_wconf 88' lang='lat' dir='ltr'><strong>propter</strong></span> <span class='ocrx_word' id='word_1_11' title='bbox 284 433 462 515; x_wconf 77' lang='lat' dir='ltr'><strong>pulchrum,</strong></span> <span class='ocrx_word' id='word_1_12' title='bbox 476 431 588 512; x_wconf 88' lang='lat' dir='ltr'><strong>inquit,</strong></span> <span class='ocrx_word' id='word_1_13' title='bbox 604 430 831 492; x_wconf 87' lang='lat' dir='ltr'><strong>elementorum</strong></span> <span class='ocrx_word' id='word_1_14' title='bbox 845 447 915 490; x_wconf 89' lang='lat' dir='ltr'><strong>mu·</strong></span> <span class='ocrx_word' id='word_1_15' title='bbox 966 432 1114 501; x_wconf 78' lang='lat' dir='ltr'><strong>consistit,</strong></span> <span class='ocrx_word' id='word_1_16' title='bbox 1129 451 1191 513; x_wconf 89' lang='lat' dir='ltr'><strong>qua</strong></span> <span class='ocrx_word' id='word_1_17' title='bbox 1204 439 1249 494; x_wconf 88' lang='lat' dir='ltr'><strong>est</strong></span> <span class='ocrx_word' id='word_1_18' title='bbox 1258 434 1387 512; x_wconf 87' lang='lat' dir='ltr'><strong>justitia.</strong></span> <span class='ocrx_word' id='word_1_19' title='bbox 1418 436 1538 517; x_wconf 84' lang='lat' dir='ltr'><strong>Deque</strong></span> <span class='ocrx_word' id='word_1_20' title='bbox 1561 438 1604 499; x_wconf 88' lang='lat' dir='ltr'><strong>sio</strong></span> <span class='ocrx_word' id='word_1_21' title='bbox 1622 438 1739 518; x_wconf 82' lang='lat' dir='ltr'><strong>Augus·</strong></span> 
     </span>
     <span class='ocr_line' id='line_1_3' title="bbox 140 522 1740 605; baseline 0.002 -15"><span class='ocrx_word' id='word_1_22' title='bbox 140 528 191 591; x_wconf 89' lang='lat' dir='ltr'><strong>tui</strong></span> <span class='ocrx_word' id='word_1_23' title='bbox 205 545 305 589; x_wconf 80' lang='lat' dir='ltr'><strong>nexus</strong></span> <span class='ocrx_word' id='word_1_24' title='bbox 331 526 421 601; x_wconf 83' lang='lat' dir='ltr'><strong>liuut,</strong></span> <span class='ocrx_word' id='word_1_25' title='bbox 437 542 514 605; x_wconf 86' lang='lat' dir='ltr'><strong>ques</strong></span> <span class='ocrx_word' id='word_1_26' title='bbox 539 523 741 585; x_wconf 74' lang='lat' dir='ltr'><strong>coherentias</strong></span> <span class='ocrx_word' id='word_1_27' title='bbox 763 522 914 603; x_wconf 87' lang='lat' dir='ltr'><strong>appellet;</strong></span> <span class='ocrx_word' id='word_1_28' title='bbox 966 524 1051 586; x_wconf 91' lang='lat' dir='ltr'><strong>tinus</strong></span> <span class='ocrx_word' id='word_1_29' title='bbox 1062 525 1095 584; x_wconf 89' lang='lat' dir='ltr'><strong>in</strong></span> <span class='ocrx_word' id='word_1_30' title='bbox 1119 526 1326 586; x_wconf 75' lang='grc' dir='ltr'>Εοοινοιιόοε</span> <span class='ocrx_word' id='word_1_31' title='bbox 1344 526 1463 589; x_wconf 79' lang='lat' dir='ltr'><em>Psalmi</em></span> <span class='ocrx_word' id='word_1_32' title='bbox 1473 546 1559 590; x_wconf 83' lang='lat' dir='ltr'><strong>xuv:</strong></span> <span class='ocrx_word' id='word_1_33' title='bbox 1580 552 1595 587; x_wconf 78' lang='grc' dir='ltr'>(ν</span> <span class='ocrx_word' id='word_1_34' title='bbox 1610 532 1740 593; x_wconf 87' lang='lat' dir='ltr'><strong>Summo</strong></span> 
     </span>
     <span class='ocr_line' id='line_1_4' title="bbox 142 614 1739 698; baseline 0.001 -16"><span class='ocrx_word' id='word_1_35' title='bbox 142 626 175 682; x_wconf 90' lang='lat' dir='ltr'><strong>et</strong></span> <span class='ocrx_word' id='word_1_36' title='bbox 199 638 310 682; x_wconf 88' lang='lat' dir='ltr'><strong>eorum</strong></span> <span class='ocrx_word' id='word_1_37' title='bbox 332 637 401 698; x_wconf 78' lang='lat' dir='ltr'><strong>quar</strong></span> <span class='ocrx_word' id='word_1_38' title='bbox 416 622 490 679; x_wconf 89' lang='lat' dir='ltr'><strong>sunt</strong></span> <span class='ocrx_word' id='word_1_39' title='bbox 519 616 669 677; x_wconf 74' lang='lat' dir='ltr'><strong>ordinata</strong></span> <span class='ocrx_word' id='word_1_40' title='bbox 692 614 914 693; x_wconf 79' lang='lat' dir='ltr'><strong>colligationes,</strong></span> <span class='ocrx_word' id='word_1_41' title='bbox 967 621 1082 678; x_wconf 84' lang='lat' dir='ltr'><strong>etrera</strong></span> <span class='ocrx_word' id='word_1_42' title='bbox 1096 617 1294 696; x_wconf 77' lang='lat' dir='ltr'>pulchritudo</span> <span class='ocrx_word' id='word_1_43' title='bbox 1305 618 1426 697; x_wconf 85' lang='lat' dir='ltr'><strong>justitia</strong></span> <span class='ocrx_word' id='word_1_44' title='bbox 1440 626 1496 681; x_wconf 87' lang='lat' dir='ltr'><strong>est.</strong></span> <span class='ocrx_word' id='word_1_45' title='bbox 1513 621 1558 681; x_wconf 89' lang='lat' dir='ltr'><strong>lhi</strong></span> <span class='ocrx_word' id='word_1_46' title='bbox 1572 622 1660 682; x_wconf 90' lang='lat' dir='ltr'><strong>illum</strong></span> <span class='ocrx_word' id='word_1_47' title='bbox 1675 642 1739 684; x_wconf 90' lang='lat' dir='ltr'><strong>non</strong></span> 
     </span>
     <span class='ocr_line' id='line_1_5' title="bbox 142 709 1739 795; baseline 0.001 -21"><span class='ocrx_word' id='word_1_48' title='bbox 142 732 218 793; x_wconf 82' lang='lat' dir='ltr'><strong>quae</strong></span> <span class='ocrx_word' id='word_1_49' title='bbox 231 712 384 785; x_wconf 72' lang='lat' dir='ltr'><strong>amicitiae,</strong></span> <span class='ocrx_word' id='word_1_50' title='bbox 400 709 913 786; x_wconf 73' lang='lat' dir='ltr'><strong>eommrmionesquevoeentur‘.»</strong></span> <span class='ocrx_word' id='word_1_51' title='bbox 965 709 1085 770; x_wconf 78' lang='lat' dir='ltr'><strong>videbis</strong></span> <span class='ocrx_word' id='word_1_52' title='bbox 1118 710 1285 789; x_wconf 86' lang='lat' dir='ltr'><strong>pulchrum</strong></span> <span class='ocrx_word' id='word_1_53' title='bbox 1323 710 1446 793; x_wconf 78' lang='lat' dir='ltr'><strong>(nempe</strong></span> <span class='ocrx_word' id='word_1_54' title='bbox 1483 713 1654 795; x_wconf 81' lang='lat' dir='ltr'><strong>Christum)</strong></span> <span class='ocrx_word' id='word_1_55' title='bbox 1684 715 1739 775; x_wconf 88' lang='lat' dir='ltr'><strong>uhi</strong></span> 
     </span>
     <span class='ocr_line' id='line_1_6' title="bbox 143 798 1737 885; baseline 0.001 -18"><span class='ocrx_word' id='word_1_56' title='bbox 143 806 335 867; x_wconf 79' lang='lat' dir='ltr'><strong>Hoevermn</strong></span> <span class='ocrx_word' id='word_1_57' title='bbox 357 821 423 864; x_wconf 90' lang='lat' dir='ltr'><strong>non</strong></span> <span class='ocrx_word' id='word_1_58' title='bbox 443 807 531 877; x_wconf 77' lang='lat' dir='ltr'><strong>esset,</strong></span> <span class='ocrx_word' id='word_1_59' title='bbox 555 800 616 862; x_wconf 91' lang='lat' dir='ltr'><strong>nisi</strong></span> <span class='ocrx_word' id='word_1_60' title='bbox 637 798 836 879; x_wconf 75' lang='lat' dir='ltr'>pulchritudo</span> <span class='ocrx_word' id='word_1_61' title='bbox 859 798 917 859; x_wconf 82' lang='lat' dir='ltr'><strong>situ</strong></span> <span class='ocrx_word' id='word_1_62' title='bbox 966 803 1170 883; x_wconf 83' lang='lat' dir='ltr'><strong>deprehendis</strong></span> <span class='ocrx_word' id='word_1_63' title='bbox 1183 802 1346 881; x_wconf 85' lang='lat' dir='ltr'><strong>injustum.</strong></span> <span class='ocrx_word' id='word_1_64' title='bbox 1363 806 1396 866; x_wconf 91' lang='lat' dir='ltr'><strong>Si</strong></span> <span class='ocrx_word' id='word_1_65' title='bbox 1410 805 1526 885; x_wconf 86' lang='lat' dir='ltr'><strong>ubique</strong></span> <span class='ocrx_word' id='word_1_66' title='bbox 1538 806 1650 885; x_wconf 86' lang='lat' dir='ltr'><strong>justus,</strong></span> <span class='ocrx_word' id='word_1_67' title='bbox 1667 808 1737 868; x_wconf 88' lang='lat' dir='ltr'><strong>uhi-</strong></span> 
     </span>
     <span class='ocr_line' id='line_1_7' title="bbox 140 891 1740 977; baseline 0.001 -17"><span class='ocrx_word' id='word_1_68' title='bbox 140 898 225 960; x_wconf 80' lang='lat' dir='ltr'><strong>foret</strong></span> <span class='ocrx_word' id='word_1_69' title='bbox 237 898 271 958; x_wconf 91' lang='lat' dir='ltr'><strong>in</strong></span> <span class='ocrx_word' id='word_1_70' title='bbox 284 894 457 977; x_wconf 76' lang='lat' dir='ltr'><strong>aptitudine</strong></span> <span class='ocrx_word' id='word_1_71' title='bbox 478 893 624 973; x_wconf 87' lang='lat' dir='ltr'><strong>quadam,</strong></span> <span class='ocrx_word' id='word_1_72' title='bbox 648 897 679 952; x_wconf 89' lang='lat' dir='ltr'><strong>et</strong></span> <span class='ocrx_word' id='word_1_73' title='bbox 700 891 914 970; x_wconf 79' lang='lat' dir='ltr'><strong>congruentia,</strong></span> <span class='ocrx_word' id='word_1_74' title='bbox 967 913 1027 974; x_wconf 91' lang='lat' dir='ltr'><strong>que</strong></span> <span class='ocrx_word' id='word_1_75' title='bbox 1045 895 1183 956; x_wconf 80' lang='lat' dir='ltr'><strong>decoms.</strong></span> <span class='ocrx_word' id='word_1_76' title='bbox 1196 917 1211 953; x_wconf 84' lang='grc' dir='ltr'>ν</span> <span class='ocrx_word' id='word_1_77' title='bbox 1235 897 1273 956; x_wconf 91' lang='lat' dir='ltr'><strong>Et</strong></span> <span class='ocrx_word' id='word_1_78' title='bbox 1294 897 1423 977; x_wconf 87' lang='lat' dir='ltr'><strong>epistola</strong></span> <span class='ocrx_word' id='word_1_79' title='bbox 1437 915 1551 960; x_wconf 79' lang='lat' dir='ltr'><strong>noun:</strong></span> <span class='ocrx_word' id='word_1_80' title='bbox 1572 900 1680 973; x_wconf 83' lang='lat' dir='ltr'><strong>«Quid</strong></span> <span class='ocrx_word' id='word_1_81' title='bbox 1694 907 1740 961; x_wconf 86' lang='lat' dir='ltr'><strong>est</strong></span> 
     </span>
     <span class='ocr_line' id='line_1_8' title="bbox 141 984 1740 1071; baseline 0.001 -19"><span class='ocrx_word' id='word_1_82' title='bbox 141 1008 306 1071; x_wconf 77' lang='lat' dir='ltr'><strong>perquam</strong></span> <span class='ocrx_word' id='word_1_83' title='bbox 327 1007 379 1049; x_wconf 87' lang='lat' dir='ltr'><strong>res</strong></span> <span class='ocrx_word' id='word_1_84' title='bbox 397 987 530 1048; x_wconf 81' lang='lat' dir='ltr'><strong>invicem</strong></span> <span class='ocrx_word' id='word_1_85' title='bbox 543 986 768 1061; x_wconf 67' lang='lat' dir='ltr'><strong>adhaerescunt,</strong></span> <span class='ocrx_word' id='word_1_86' title='bbox 784 992 816 1045; x_wconf 90' lang='lat' dir='ltr'><strong>et</strong></span> <span class='ocrx_word' id='word_1_87' title='bbox 829 984 918 1063; x_wconf 69' lang='lat' dir='ltr'><strong>(prasi</strong></span> <span class='ocrx_word' id='word_1_88' title='bbox 966 994 1071 1049; x_wconf 88' lang='lat' dir='ltr'><strong>autem</strong></span> <span class='ocrx_word' id='word_1_89' title='bbox 1099 988 1183 1049; x_wconf 80' lang='lat' dir='ltr'><strong>alind</strong></span> <span class='ocrx_word' id='word_1_90' title='bbox 1204 988 1334 1067; x_wconf 84' lang='lat' dir='ltr'><strong>justitia,</strong></span> <span class='ocrx_word' id='word_1_91' title='bbox 1361 1008 1433 1050; x_wconf 86' lang='lat' dir='ltr'><strong>eum</strong></span> <span class='ocrx_word' id='word_1_92' title='bbox 1446 991 1480 1051; x_wconf 92' lang='lat' dir='ltr'><strong>in</strong></span> <span class='ocrx_word' id='word_1_93' title='bbox 1499 992 1588 1052; x_wconf 91' lang='lat' dir='ltr'><strong>nohis</strong></span> <span class='ocrx_word' id='word_1_94' title='bbox 1610 999 1665 1068; x_wconf 83' lang='lat' dir='ltr'><strong>est,</strong></span> <span class='ocrx_word' id='word_1_95' title='bbox 1690 993 1740 1053; x_wconf 75' lang='lat' dir='ltr'><strong>vel</strong></span> 
     </span>
     <span class='ocr_line' id='line_1_9' title="bbox 142 1075 1739 1163; baseline 0 -19"><span class='ocrx_word' id='word_1_96' title='bbox 142 1083 393 1144; x_wconf 79' lang='lat' dir='ltr'><strong>commithmtur.</strong></span> <span class='ocrx_word' id='word_1_97' title='bbox 419 1079 567 1153; x_wconf 83' lang='lat' dir='ltr'><strong>Quocirca</strong></span> <span class='ocrx_word' id='word_1_98' title='bbox 589 1078 624 1138; x_wconf 91' lang='lat' dir='ltr'><strong>in</strong></span> <span class='ocrx_word' id='word_1_99' title='bbox 644 1086 792 1157; x_wconf 74' lang='grc' dir='ltr'>συμμετρίᾳ,</span> <span class='ocrx_word' id='word_1_100' title='bbox 819 1075 851 1136; x_wconf 89' lang='lat' dir='ltr'><strong>id</strong></span> <span class='ocrx_word' id='word_1_101' title='bbox 871 1079 918 1136; x_wconf 90' lang='lat' dir='ltr'><strong>est</strong></span> <span class='ocrx_word' id='word_1_102' title='bbox 966 1080 1112 1160; x_wconf 86' lang='lat' dir='ltr'><strong>quaelihet</strong></span> <span class='ocrx_word' id='word_1_103' title='bbox 1133 1081 1242 1156; x_wconf 82' lang='lat' dir='ltr'><strong>virtus,</strong></span> <span class='ocrx_word' id='word_1_104' title='bbox 1267 1100 1329 1160; x_wconf 83' lang='lat' dir='ltr'><strong>que</strong></span> <span class='ocrx_word' id='word_1_105' title='bbox 1349 1088 1430 1143; x_wconf 87' lang='lat' dir='ltr'><strong>recte</strong></span> <span class='ocrx_word' id='word_1_106' title='bbox 1453 1084 1667 1163; x_wconf 82' lang='lat' dir='ltr'><strong>sapienterque</strong></span> <span class='ocrx_word' id='word_1_107' title='bbox 1696 1086 1739 1144; x_wconf 84' lang='lat' dir='ltr'><strong>vi-</strong></span> 
     </span>
     <span class='ocr_line' id='line_1_10' title="bbox 138 1168 1738 1257; baseline 0.001 -22"><span class='ocrx_word' id='word_1_108' title='bbox 138 1174 348 1257; x_wconf 81' lang='lat' dir='ltr'><strong>proportiom&#39;s</strong></span> <span class='ocrx_word' id='word_1_109' title='bbox 371 1189 534 1234; x_wconf 69' lang='lat' dir='ltr'><strong>commeatu</strong></span> <span class='ocrx_word' id='word_1_110' title='bbox 555 1169 820 1250; x_wconf 76' lang='lat' dir='ltr'><strong>pulchritudinem</strong></span> <span class='ocrx_word' id='word_1_111' title='bbox 838 1168 918 1248; x_wconf 77' lang='lat' dir='ltr'><strong>posi·</strong></span> <span class='ocrx_word' id='word_1_112' title='bbox 966 1174 1059 1250; x_wconf 89' lang='lat' dir='ltr'><strong>vitur,</strong></span> <span class='ocrx_word' id='word_1_113' title='bbox 1075 1192 1170 1253; x_wconf 86' lang='lat' dir='ltr'><strong>quam</strong></span> <span class='ocrx_word' id='word_1_114' title='bbox 1184 1174 1339 1234; x_wconf 89' lang='lat' dir='ltr'><strong>interioris</strong></span> <span class='ocrx_word' id='word_1_115' title='bbox 1361 1175 1497 1236; x_wconf 85' lang='lat' dir='ltr'><strong>hominis</strong></span> <span class='ocrx_word' id='word_1_116' title='bbox 1521 1176 1738 1255; x_wconf 85' lang='lat' dir='ltr'><strong>pulchritudo?</strong></span> 
     </span>
     <span class='ocr_line' id='line_1_11' title="bbox 142 1257 1736 1348; baseline 0 -19"><span class='ocrx_word' id='word_1_117' title='bbox 142 1275 212 1329; x_wconf 81' lang='lat' dir='ltr'><strong>tam</strong></span> <span class='ocrx_word' id='word_1_118' title='bbox 236 1285 300 1328; x_wconf 87' lang='lat' dir='ltr'><strong>esse</strong></span> <span class='ocrx_word' id='word_1_119' title='bbox 327 1266 444 1327; x_wconf 87' lang='lat' dir='ltr'><strong>indicat</strong></span> <span class='ocrx_word' id='word_1_120' title='bbox 463 1263 609 1325; x_wconf 74' lang='lat' dir='ltr'><strong>Alcinous</strong></span> <span class='ocrx_word' id='word_1_121' title='bbox 629 1260 729 1341; x_wconf 82' lang='lat' dir='ltr'><strong>eapite</strong></span> <span class='ocrx_word' id='word_1_122' title='bbox 751 1279 773 1320; x_wconf 82' lang='lat' dir='ltr'>x</span> <span class='ocrx_word' id='word_1_123' title='bbox 794 1260 866 1320; x_wconf 89' lang='lat' dir='ltr'><strong>libri</strong></span> <span class='ocrx_word' id='word_1_124' title='bbox 883 1257 918 1321; x_wconf 83' lang='lat' dir='ltr'><strong>de</strong></span> <span class='ocrx_word' id='word_1_125' title='bbox 967 1265 1067 1327; x_wconf 82' lang='lat' dir='ltr'><strong>Etiam</strong></span> <span class='ocrx_word' id='word_1_126' title='bbox 1080 1266 1249 1326; x_wconf 86' lang='lat' dir='ltr'><strong>secundum</strong></span> <span class='ocrx_word' id='word_1_127' title='bbox 1258 1266 1340 1326; x_wconf 87' lang='lat' dir='ltr'><strong>hane</strong></span> <span class='ocrx_word' id='word_1_128' title='bbox 1348 1267 1613 1346; x_wconf 84' lang='lat' dir='ltr'><strong>pulchritudinem</strong></span> <span class='ocrx_word' id='word_1_129' title='bbox 1626 1270 1736 1348; x_wconf 80' lang='lat' dir='ltr'><strong>magis,</strong></span> 
     </span>
     <span class='ocr_line' id='line_1_12' title="bbox 144 1353 1740 1438; baseline -0.002 -14"><span class='ocrx_word' id='word_1_130' title='bbox 144 1360 289 1424; x_wconf 68' lang='lat' dir='ltr'><strong>Damna</strong></span> <span class='ocrx_word' id='word_1_131' title='bbox 302 1357 462 1421; x_wconf 74' lang='lat' dir='ltr'><strong>Platone.-</strong></span> <span class='ocrx_word' id='word_1_132' title='bbox 477 1354 637 1417; x_wconf 83' lang='lat' dir='ltr'><strong>etsiverba</strong></span> <span class='ocrx_word' id='word_1_133' title='bbox 647 1353 832 1433; x_wconf 87' lang='lat' dir='ltr'><strong>illiuspaulo</strong></span> <span class='ocrx_word' id='word_1_134' title='bbox 845 1359 919 1414; x_wconf 88' lang='lat' dir='ltr'><strong>sunt</strong></span> <span class='ocrx_word' id='word_1_135' title='bbox 966 1376 1062 1438; x_wconf 85' lang='lat' dir='ltr'><strong>quam</strong></span> <span class='ocrx_word' id='word_1_136' title='bbox 1075 1358 1245 1418; x_wconf 90' lang='lat' dir='ltr'><strong>seeundum</strong></span> <span class='ocrx_word' id='word_1_137' title='bbox 1260 1376 1381 1437; x_wconf 88' lang='lat' dir='ltr'><strong>corpus,</strong></span> <span class='ocrx_word' id='word_1_138' title='bbox 1397 1358 1469 1420; x_wconf 85' lang='lat' dir='ltr'><strong>laeti</strong></span> <span class='ocrx_word' id='word_1_139' title='bbox 1483 1378 1590 1421; x_wconf 87' lang='lat' dir='ltr'><strong>snmus</strong></span> <span class='ocrx_word' id='word_1_140' title='bbox 1610 1361 1649 1421; x_wconf 84' lang='lat' dir='ltr'><strong>ed</strong></span> <span class='ocrx_word' id='word_1_141' title='bbox 1663 1361 1740 1422; x_wconf 89' lang='lat' dir='ltr'><strong>ima-</strong></span> 
     </span>
     <span class='ocr_line' id='line_1_13' title="bbox 143 1447 1738 1532; baseline 0 -18"><span class='ocrx_word' id='word_1_142' title='bbox 143 1453 337 1527; x_wconf 86' lang='lat' dir='ltr'><strong>obscuriora,</strong></span> <span class='ocrx_word' id='word_1_143' title='bbox 349 1450 426 1511; x_wconf 92' lang='lat' dir='ltr'><strong>dum</strong></span> <span class='ocrx_word' id='word_1_144' title='bbox 440 1449 484 1509; x_wconf 87' lang='lat' dir='ltr'><strong>ait</strong></span> <span class='ocrx_word' id='word_1_145' title='bbox 501 1471 513 1504; x_wconf 84' lang='grc' dir='ltr'>ν</span> <span class='ocrx_word' id='word_1_146' title='bbox 530 1447 698 1528; x_wconf 88' lang='lat' dir='ltr'><strong>pulchrum</strong></span> <span class='ocrx_word' id='word_1_147' title='bbox 711 1451 839 1506; x_wconf 84' lang='lat' dir='ltr'><strong>eatenus</strong></span> <span class='ocrx_word' id='word_1_148' title='bbox 852 1463 917 1506; x_wconf 84' lang='lat' dir='ltr'><strong>esse</strong></span> <span class='ocrx_word' id='word_1_149' title='bbox 966 1451 1072 1530; x_wconf 79' lang='lat' dir='ltr'><strong>ginem</strong></span> <span class='ocrx_word' id='word_1_150' title='bbox 1086 1452 1151 1512; x_wconf 78' lang='lat' dir='ltr'><strong>Ilei.</strong></span> <span class='ocrx_word' id='word_1_151' title='bbox 1171 1472 1187 1507; x_wconf 81' lang='grc' dir='ltr'>ν</span> <span class='ocrx_word' id='word_1_152' title='bbox 1206 1452 1278 1511; x_wconf 82' lang='lat' dir='ltr'><strong>liaec</strong></span> <span class='ocrx_word' id='word_1_153' title='bbox 1287 1450 1339 1510; x_wconf 89' lang='lat' dir='ltr'><strong>illa</strong></span> <span class='ocrx_word' id='word_1_154' title='bbox 1350 1456 1396 1511; x_wconf 90' lang='lat' dir='ltr'><strong>est</strong></span> <span class='ocrx_word' id='word_1_155' title='bbox 1410 1450 1522 1528; x_wconf 82' lang='lat' dir='ltr'><strong>forma,</strong></span> <span class='ocrx_word' id='word_1_156' title='bbox 1539 1457 1569 1513; x_wconf 90' lang='lat' dir='ltr'><strong>et</strong></span> <span class='ocrx_word' id='word_1_157' title='bbox 1588 1459 1738 1532; x_wconf 87' lang='lat' dir='ltr'><strong>tanquam</strong></span> 
     </span>
     <span class='ocr_line' id='line_1_14' title="bbox 142 1537 1743 1629; baseline 0 -23"><span class='ocrx_word' id='word_1_158' title='bbox 142 1547 257 1619; x_wconf 85' lang='lat' dir='ltr'><strong>Deum,</strong></span> <span class='ocrx_word' id='word_1_159' title='bbox 279 1543 364 1623; x_wconf 92' lang='lat' dir='ltr'><strong>quod</strong></span> <span class='ocrx_word' id='word_1_160' title='bbox 388 1546 500 1601; x_wconf 86' lang='lat' dir='ltr'><strong>nutura</strong></span> <span class='ocrx_word' id='word_1_161' title='bbox 519 1540 590 1620; x_wconf 88' lang='lat' dir='ltr'><strong>plus</strong></span> <span class='ocrx_word' id='word_1_162' title='bbox 612 1537 728 1617; x_wconf 82' lang='lat' dir='ltr'><strong>ailquid</strong></span> <span class='ocrx_word' id='word_1_163' title='bbox 754 1537 858 1613; x_wconf 87' lang='lat' dir='ltr'><strong>habet,</strong></span> <span class='ocrx_word' id='word_1_164' title='bbox 887 1550 918 1599; x_wconf 88' lang='lat' dir='ltr'><strong>et</strong></span> <span class='ocrx_word' id='word_1_165' title='bbox 965 1543 1057 1605; x_wconf 79' lang='lat' dir='ltr'><strong>facies</strong></span> <span class='ocrx_word' id='word_1_166' title='bbox 1078 1544 1210 1619; x_wconf 85' lang='lat' dir='ltr'><strong>honesti,</strong></span> <span class='ocrx_word' id='word_1_167' title='bbox 1236 1561 1318 1621; x_wconf 85' lang='lat' dir='ltr'><strong>quae,</strong></span> <span class='ocrx_word' id='word_1_168' title='bbox 1343 1549 1378 1603; x_wconf 87' lang='lat' dir='ltr'><strong>ut</strong></span> <span class='ocrx_word' id='word_1_169' title='bbox 1405 1562 1444 1603; x_wconf 81' lang='lat' dir='ltr'><strong>ex</strong></span> <span class='ocrx_word' id='word_1_170' title='bbox 1472 1545 1598 1606; x_wconf 86' lang='lat' dir='ltr'><strong>Platone</strong></span> <span class='ocrx_word' id='word_1_171' title='bbox 1617 1546 1743 1629; x_wconf 66' lang='lat' dir='ltr'><strong>scribits</strong></span> 
     </span>
     <span class='ocr_line' id='line_1_15' title="bbox 142 1630 1738 1713; baseline -0.001 -15"><span class='ocrx_word' id='word_1_172' title='bbox 142 1643 195 1698; x_wconf 91' lang='lat' dir='ltr'><strong>est</strong></span> <span class='ocrx_word' id='word_1_173' title='bbox 207 1632 453 1698; x_wconf 69' lang='lat' dir='ltr'><strong>commensuml.</strong></span> <span class='ocrx_word' id='word_1_174' title='bbox 469 1654 486 1690; x_wconf 85' lang='grc' dir='ltr'>ο</span> <span class='ocrx_word' id='word_1_175' title='bbox 508 1631 596 1706; x_wconf 85' lang='lat' dir='ltr'><strong>Quod</strong></span> <span class='ocrx_word' id='word_1_176' title='bbox 610 1648 674 1691; x_wconf 90' lang='lat' dir='ltr'><strong>nou</strong></span> <span class='ocrx_word' id='word_1_177' title='bbox 688 1630 761 1691; x_wconf 85' lang='lat' dir='ltr'><strong>satis</strong></span> <span class='ocrx_word' id='word_1_178' title='bbox 774 1631 915 1710; x_wconf 80' lang='lat' dir='ltr'><strong>expedio.</strong></span> <span class='ocrx_word' id='word_1_179' title='bbox 967 1636 1082 1705; x_wconf 82' lang='lat' dir='ltr'><strong>Cicero,</strong></span> <span class='ocrx_word' id='word_1_180' title='bbox 1102 1658 1117 1694; x_wconf 78' lang='grc' dir='ltr'>(ν</span> <span class='ocrx_word' id='word_1_181' title='bbox 1131 1636 1157 1696; x_wconf 88' lang='lat' dir='ltr'><strong>si</strong></span> <span class='ocrx_word' id='word_1_182' title='bbox 1171 1635 1267 1695; x_wconf 87' lang='lat' dir='ltr'><strong>oeulis</strong></span> <span class='ocrx_word' id='word_1_183' title='bbox 1279 1642 1467 1713; x_wconf 87' lang='lat' dir='ltr'><strong>cerneretur,</strong></span> <span class='ocrx_word' id='word_1_184' title='bbox 1482 1637 1638 1698; x_wconf 82' lang='lat' dir='ltr'><strong>mIrahiIes</strong></span> <span class='ocrx_word' id='word_1_185' title='bbox 1651 1656 1738 1699; x_wconf 86' lang='lat' dir='ltr'><strong>umo-</strong></span> 
     </span>
     <span class='ocr_line' id='line_1_16' title="bbox 143 1721 1739 1809; baseline 0 -19"><span class='ocrx_word' id='word_1_186' title='bbox 143 1731 303 1809; x_wconf 86' lang='lat' dir='ltr'><strong>lntrepres</strong></span> <span class='ocrx_word' id='word_1_187' title='bbox 318 1744 443 1808; x_wconf 88' lang='lat' dir='ltr'><strong>quoque</strong></span> <span class='ocrx_word' id='word_1_188' title='bbox 465 1742 530 1785; x_wconf 89' lang='lat' dir='ltr'><strong>non</strong></span> <span class='ocrx_word' id='word_1_189' title='bbox 554 1721 708 1798; x_wconf 74' lang='lat' dir='ltr'><strong>satisfacit,</strong></span> <span class='ocrx_word' id='word_1_190' title='bbox 724 1722 767 1782; x_wconf 79' lang='lat' dir='ltr'><strong>ita</strong></span> <span class='ocrx_word' id='word_1_191' title='bbox 781 1728 915 1800; x_wconf 80' lang='lat' dir='ltr'><strong>uertens,</strong></span> <span class='ocrx_word' id='word_1_192' title='bbox 965 1747 1016 1789; x_wconf 88' lang='lat' dir='ltr'><strong>res</strong></span> <span class='ocrx_word' id='word_1_193' title='bbox 1042 1728 1188 1789; x_wconf 80' lang='lat' dir='ltr'><strong>excitaret</strong></span> <span class='ocrx_word' id='word_1_194' title='bbox 1215 1726 1423 1806; x_wconf 85' lang='lat' dir='ltr'><strong>sapientiae¹.»</strong></span> <span class='ocrx_word' id='word_1_195' title='bbox 1441 1729 1583 1790; x_wconf 86' lang='lat' dir='ltr'><strong>Clemens</strong></span> <span class='ocrx_word' id='word_1_196' title='bbox 1609 1730 1739 1790; x_wconf 82' lang='lat' dir='ltr'><strong>Alexan·</strong></span> 
     </span>
     <span class='ocr_line' id='line_1_17' title="bbox 146 1814 1737 1901; baseline -0.001 -18"><span class='ocrx_word' id='word_1_197' title='bbox 146 1844 164 1881; x_wconf 85' lang='grc' dir='ltr'><strong>ιι</strong></span> <span class='ocrx_word' id='word_1_198' title='bbox 180 1822 265 1901; x_wconf 86' lang='lat' dir='ltr'><strong>quod</strong></span> <span class='ocrx_word' id='word_1_199' title='bbox 279 1822 344 1900; x_wconf 90' lang='lat' dir='ltr'><strong>ipse</strong></span> <span class='ocrx_word' id='word_1_200' title='bbox 359 1825 468 1879; x_wconf 83' lang='lat' dir='ltr'><strong>natura</strong></span> <span class='ocrx_word' id='word_1_201' title='bbox 479 1834 535 1876; x_wconf 81' lang='grc' dir='ltr'>ειιιι</span> <span class='ocrx_word' id='word_1_202' title='bbox 548 1820 716 1893; x_wconf 89' lang='lat' dir='ltr'><strong>utrumque</strong></span> <span class='ocrx_word' id='word_1_203' title='bbox 730 1814 779 1889; x_wconf 87' lang='lat' dir='ltr'><strong>sit,</strong></span> <span class='ocrx_word' id='word_1_204' title='bbox 796 1815 866 1894; x_wconf 88' lang='lat' dir='ltr'><strong>plus</strong></span> <span class='ocrx_word' id='word_1_205' title='bbox 887 1821 918 1876; x_wconf 92' lang='lat' dir='ltr'><strong>et</strong></span> <span class='ocrx_word' id='word_1_206' title='bbox 967 1822 1074 1883; x_wconf 86' lang='lat' dir='ltr'><strong>drinus</strong></span> <span class='ocrx_word' id='word_1_207' title='bbox 1094 1821 1128 1881; x_wconf 91' lang='lat' dir='ltr'><strong>in</strong></span> <span class='ocrx_word' id='word_1_208' title='bbox 1141 1820 1251 1900; x_wconf 80' lang='lat' dir='ltr'><strong>quInto</strong></span> <span class='ocrx_word' id='word_1_209' title='bbox 1262 1817 1458 1889; x_wconf 81' lang='lat' dir='ltr'><strong>Stromoteon,</strong></span> <span class='ocrx_word' id='word_1_210' title='bbox 1475 1822 1552 1882; x_wconf 88' lang='lat' dir='ltr'><strong>illud</strong></span> <span class='ocrx_word' id='word_1_211' title='bbox 1566 1822 1737 1883; x_wconf 81' lang='lat' dir='ltr'><strong>exPlatone</strong></span> 
     </span>
     <span class='ocr_line' id='line_1_18' title="bbox 143 1906 1736 1994; baseline -0.002 -18"><span class='ocrx_word' id='word_1_212' title='bbox 143 1913 309 1994; x_wconf 71' lang='lat' dir='ltr'><strong>aeqrralc.»</strong></span> <span class='ocrx_word' id='word_1_213' title='bbox 336 1910 430 1991; x_wconf 81' lang='lat' dir='ltr'><strong>Atqui</strong></span> <span class='ocrx_word' id='word_1_214' title='bbox 453 1927 518 1970; x_wconf 86' lang='lat' dir='ltr'><strong>non</strong></span> <span class='ocrx_word' id='word_1_215' title='bbox 539 1906 608 1968; x_wconf 82' lang='lat' dir='ltr'><strong>ideo</strong></span> <span class='ocrx_word' id='word_1_216' title='bbox 626 1915 700 1976; x_wconf 72' lang='lat' dir='ltr'><strong>salte</strong></span> <span class='ocrx_word' id='word_1_217' title='bbox 714 1906 918 1986; x_wconf 71' lang='lat' dir='ltr'><strong>appellabitur</strong></span> <span class='ocrx_word' id='word_1_218' title='bbox 966 1914 1071 1981; x_wconf 86' lang='lat' dir='ltr'><strong>refert,</strong></span> <span class='ocrx_word' id='word_1_219' title='bbox 1100 1913 1275 1973; x_wconf 81' lang='lat' dir='ltr'><strong>«virtutem</strong></span> <span class='ocrx_word' id='word_1_220' title='bbox 1298 1930 1363 1973; x_wconf 89' lang='lat' dir='ltr'><strong>esse</strong></span> <span class='ocrx_word' id='word_1_221' title='bbox 1391 1913 1504 1975; x_wconf 78' lang='lat' dir='ltr'><strong>animae</strong></span> <span class='ocrx_word' id='word_1_222' title='bbox 1532 1914 1736 1994; x_wconf 87' lang='lat' dir='ltr'><strong>pulchritudi-</strong></span> 
     </span>
     <span class='ocr_line' id='line_1_19' title="bbox 143 1998 1109 2085; baseline -0.004 -17"><span class='ocrx_word' id='word_1_223' title='bbox 143 2008 240 2082; x_wconf 84' lang='lat' dir='ltr'><strong>Deus,</strong></span> <span class='ocrx_word' id='word_1_224' title='bbox 256 2004 339 2085; x_wconf 86' lang='lat' dir='ltr'><strong>quod</strong></span> <span class='ocrx_word' id='word_1_225' title='bbox 359 2001 536 2064; x_wconf 82' lang='lat' dir='ltr'><strong>redundans</strong></span> <span class='ocrx_word' id='word_1_226' title='bbox 554 1999 667 2060; x_wconf 85' lang='lat' dir='ltr'><strong>haheat</strong></span> <span class='ocrx_word' id='word_1_227' title='bbox 680 1998 849 2079; x_wconf 81' lang='lat' dir='ltr'><strong>quippiam,</strong></span> <span class='ocrx_word' id='word_1_228' title='bbox 864 2000 919 2061; x_wconf 88' lang='lat' dir='ltr'><strong>sed</strong></span> <span class='ocrx_word' id='word_1_229' title='bbox 967 2025 1041 2068; x_wconf 83' lang='lat' dir='ltr'><strong>nem</strong></span> <span class='ocrx_word' id='word_1_230' title='bbox 1053 2035 1077 2077; x_wconf 64' lang='grc' dir='ltr'><strong>ρ.</strong></span> <span class='ocrx_word' id='word_1_231' title='bbox 1093 2026 1109 2064; x_wconf 85' lang='grc' dir='ltr'>ο</span> 
     </span>
     <span class='ocr_line' id='line_1_20' title="bbox 142 2093 1738 2178; baseline 0.001 -19"><span class='ocrx_word' id='word_1_232' title='bbox 142 2099 232 2178; x_wconf 89' lang='lat' dir='ltr'><strong>quod</strong></span> <span class='ocrx_word' id='word_1_233' title='bbox 240 2113 416 2175; x_wconf 80' lang='lat' dir='ltr'><strong>congruens</strong></span> <span class='ocrx_word' id='word_1_234' title='bbox 424 2094 537 2175; x_wconf 89' lang='lat' dir='ltr'><strong>potius,</strong></span> <span class='ocrx_word' id='word_1_235' title='bbox 548 2097 580 2152; x_wconf 85' lang='lat' dir='ltr'><strong>et</strong></span> <span class='ocrx_word' id='word_1_236' title='bbox 587 2108 813 2153; x_wconf 86' lang='lat' dir='ltr'><strong>commensum.</strong></span> <span class='ocrx_word' id='word_1_237' title='bbox 829 2093 919 2154; x_wconf 87' lang='lat' dir='ltr'><strong>Forte</strong></span> <span class='ocrx_word' id='word_1_238' title='bbox 1008 2097 1049 2160; x_wconf 79' lang='lat' dir='ltr'><strong>At</strong></span> <span class='ocrx_word' id='word_1_239' title='bbox 1061 2094 1146 2159; x_wconf 89' lang='lat' dir='ltr'><strong>enim</strong></span> <span class='ocrx_word' id='word_1_240' title='bbox 1160 2098 1301 2159; x_wconf 86' lang='lat' dir='ltr'><strong>nondum</strong></span> <span class='ocrx_word' id='word_1_241' title='bbox 1313 2098 1380 2177; x_wconf 84' lang='lat' dir='ltr'><strong>ipsa</strong></span> <span class='ocrx_word' id='word_1_242' title='bbox 1393 2117 1449 2177; x_wconf 88' lang='lat' dir='ltr'><strong>per</strong></span> <span class='ocrx_word' id='word_1_243' title='bbox 1462 2115 1527 2158; x_wconf 86' lang='lat' dir='ltr'><strong>sese</strong></span> <span class='ocrx_word' id='word_1_244' title='bbox 1541 2098 1738 2178; x_wconf 86' lang='lat' dir='ltr'><strong>pulchritudo</strong></span> 
     </span>
     <span class='ocr_line' id='line_1_21' title="bbox 142 2186 1738 2270; baseline 0.001 -19"><span class='ocrx_word' id='word_1_245' title='bbox 142 2192 191 2251; x_wconf 86' lang='lat' dir='ltr'><strong>ita</strong></span> <span class='ocrx_word' id='word_1_246' title='bbox 200 2188 399 2251; x_wconf 86' lang='lat' dir='ltr'><strong>scribendum</strong></span> <span class='ocrx_word' id='word_1_247' title='bbox 408 2186 458 2261; x_wconf 81' lang='lat' dir='ltr'><strong>sit,</strong></span> <span class='ocrx_word' id='word_1_248' title='bbox 469 2191 658 2265; x_wconf 69' lang='lat' dir='ltr'><strong>ceptaamtca</strong></span> <span class='ocrx_word' id='word_1_249' title='bbox 665 2188 761 2245; x_wconf 70' lang='grc' dir='ltr'>ἐστικαὶ</span> <span class='ocrx_word' id='word_1_250' title='bbox 768 2192 917 2266; x_wconf 75' lang='grc' dir='ltr'>σύμμετρον.</span> <span class='ocrx_word' id='word_1_251' title='bbox 969 2190 1042 2270; x_wconf 89' lang='lat' dir='ltr'><strong>quid</strong></span> <span class='ocrx_word' id='word_1_252' title='bbox 1060 2190 1108 2259; x_wconf 89' lang='lat' dir='ltr'><strong>sit,</strong></span> <span class='ocrx_word' id='word_1_253' title='bbox 1134 2190 1205 2250; x_wconf 88' lang='lat' dir='ltr'><strong>satis</strong></span> <span class='ocrx_word' id='word_1_254' title='bbox 1219 2189 1385 2250; x_wconf 85' lang='lat' dir='ltr'><strong>extrieesse</strong></span> <span class='ocrx_word' id='word_1_255' title='bbox 1398 2189 1551 2249; x_wconf 86' lang='lat' dir='ltr'><strong>videmur.</strong></span> <span class='ocrx_word' id='word_1_256' title='bbox 1569 2191 1638 2250; x_wconf 92' lang='lat' dir='ltr'><strong>Non</strong></span> <span class='ocrx_word' id='word_1_257' title='bbox 1653 2192 1738 2252; x_wconf 91' lang='lat' dir='ltr'><strong>enim</strong></span> 
     </span>
     <span class='ocr_line' id='line_1_22' title="bbox 145 2276 1741 2361; baseline -0.001 -18"><span class='ocrx_word' id='word_1_258' title='bbox 145 2283 191 2344; x_wconf 89' lang='lat' dir='ltr'><strong>Ut</strong></span> <span class='ocrx_word' id='word_1_259' title='bbox 204 2279 591 2360; x_wconf 81' lang='lat' dir='ltr'><strong>nimimmpuleherlleus</strong></span> <span class='ocrx_word' id='word_1_260' title='bbox 610 2280 775 2355; x_wconf 84' lang='lat' dir='ltr'><strong>propterea</strong></span> <span class='ocrx_word' id='word_1_261' title='bbox 788 2276 917 2355; x_wconf 70' lang='lat' dir='ltr'><strong>dinan,</strong></span> <span class='ocrx_word' id='word_1_262' title='bbox 968 2281 1054 2342; x_wconf 85' lang='lat' dir='ltr'><strong>illam</strong></span> <span class='ocrx_word' id='word_1_263' title='bbox 1078 2281 1118 2342; x_wconf 93' lang='lat' dir='ltr'><strong>ah</strong></span> <span class='ocrx_word' id='word_1_264' title='bbox 1138 2301 1186 2357; x_wconf 90' lang='lat' dir='ltr'><strong>eo,</strong></span> <span class='ocrx_word' id='word_1_265' title='bbox 1212 2281 1296 2360; x_wconf 90' lang='lat' dir='ltr'><strong>qnod</strong></span> <span class='ocrx_word' id='word_1_266' title='bbox 1323 2287 1369 2341; x_wconf 89' lang='lat' dir='ltr'><strong>est</strong></span> <span class='ocrx_word' id='word_1_267' title='bbox 1392 2279 1507 2348; x_wconf 77' lang='lat' dir='ltr'><strong>dmum,</strong></span> <span class='ocrx_word' id='word_1_268' title='bbox 1533 2282 1657 2361; x_wconf 89' lang='lat' dir='ltr'><strong>penitus</strong></span> <span class='ocrx_word' id='word_1_269' title='bbox 1681 2282 1741 2342; x_wconf 78' lang='lat' dir='ltr'><strong>dis</strong></span> 
     </span>
     <span class='ocr_line' id='line_1_23' title="bbox 144 2366 1739 2456; baseline 0.001 -22"><span class='ocrx_word' id='word_1_270' title='bbox 144 2373 415 2456; x_wconf 70' lang='lat' dir='ltr'><strong>quadraturam</strong></span> <span class='ocrx_word' id='word_1_271' title='bbox 428 2389 485 2430; x_wconf 83' lang='lat' dir='ltr'><strong>oon</strong></span> <span class='ocrx_word' id='word_1_272' title='bbox 495 2366 617 2435; x_wconf 72' lang='lat' dir='ltr'><strong>cecedit,</strong></span> <span class='ocrx_word' id='word_1_273' title='bbox 629 2367 663 2428; x_wconf 91' lang='lat' dir='ltr'><strong>id</strong></span> <span class='ocrx_word' id='word_1_274' title='bbox 672 2371 719 2428; x_wconf 85' lang='lat' dir='ltr'><strong>est</strong></span> <span class='ocrx_word' id='word_1_275' title='bbox 729 2368 814 2428; x_wconf 84' lang='lat' dir='ltr'><strong>siose</strong></span> <span class='ocrx_word' id='word_1_276' title='bbox 827 2369 920 2430; x_wconf 89' lang='lat' dir='ltr'><strong>rebus</strong></span> <span class='ocrx_word' id='word_1_277' title='bbox 965 2374 1140 2452; x_wconf 80' lang='lat' dir='ltr'><strong>junximus.</strong></span> <span class='ocrx_word' id='word_1_278' title='bbox 1171 2374 1251 2434; x_wconf 88' lang='lat' dir='ltr'><strong>Nam</strong></span> <span class='ocrx_word' id='word_1_279' title='bbox 1278 2373 1370 2433; x_wconf 91' lang='lat' dir='ltr'><strong>amho</strong></span> <span class='ocrx_word' id='word_1_280' title='bbox 1394 2374 1452 2433; x_wconf 87' lang='lat' dir='ltr'><strong>ista</strong></span> <span class='ocrx_word' id='word_1_281' title='bbox 1477 2374 1623 2434; x_wconf 86' lang='lat' dir='ltr'><strong>nonnihil</strong></span> <span class='ocrx_word' id='word_1_282' title='bbox 1652 2374 1739 2436; x_wconf 82' lang='lat' dir='ltr'><strong>diffe-</strong></span> 
     </span>
     <span class='ocr_line' id='line_1_24' title="bbox 144 2461 1741 2545; baseline -0.001 -18"><span class='ocrx_word' id='word_1_283' title='bbox 144 2465 374 2535; x_wconf 81' lang='lat' dir='ltr'><strong>aecommodat,</strong></span> <span class='ocrx_word' id='word_1_284' title='bbox 389 2462 440 2523; x_wconf 82' lang='lat' dir='ltr'><strong>rel</strong></span> <span class='ocrx_word' id='word_1_285' title='bbox 460 2462 504 2522; x_wconf 84' lang='lat' dir='ltr'><strong>ita</strong></span> <span class='ocrx_word' id='word_1_286' title='bbox 517 2461 584 2541; x_wconf 90' lang='lat' dir='ltr'><strong>ipse</strong></span> <span class='ocrx_word' id='word_1_287' title='bbox 601 2465 790 2539; x_wconf 88' lang='lat' dir='ltr'><strong>temperatus</strong></span> <span class='ocrx_word' id='word_1_288' title='bbox 813 2470 869 2537; x_wconf 90' lang='lat' dir='ltr'><strong>est,</strong></span> <span class='ocrx_word' id='word_1_289' title='bbox 885 2468 921 2524; x_wconf 91' lang='lat' dir='ltr'><strong>ut</strong></span> <span class='ocrx_word' id='word_1_290' title='bbox 969 2472 1054 2527; x_wconf 90' lang='lat' dir='ltr'><strong>runt.</strong></span> <span class='ocrx_word' id='word_1_291' title='bbox 1081 2466 1141 2527; x_wconf 86' lang='lat' dir='ltr'><strong>Sed</strong></span> <span class='ocrx_word' id='word_1_292' title='bbox 1168 2466 1244 2544; x_wconf 90' lang='lat' dir='ltr'><strong>quid</strong></span> <span class='ocrx_word' id='word_1_293' title='bbox 1272 2465 1311 2525; x_wconf 85' lang='lat' dir='ltr'><strong>sit</strong></span> <span class='ocrx_word' id='word_1_294' title='bbox 1337 2464 1426 2538; x_wconf 91' lang='lat' dir='ltr'><strong>illud,</strong></span> <span class='ocrx_word' id='word_1_295' title='bbox 1455 2465 1489 2525; x_wconf 90' lang='lat' dir='ltr'><strong>in</strong></span> <span class='ocrx_word' id='word_1_296' title='bbox 1516 2484 1579 2545; x_wconf 89' lang='lat' dir='ltr'><strong>quo</strong></span> <span class='ocrx_word' id='word_1_297' title='bbox 1606 2466 1741 2527; x_wconf 77' lang='lat' dir='ltr'><strong>invicem</strong></span> 
     </span>
     <span class='ocr_line' id='line_1_25' title="bbox 144 2551 1741 2636; baseline -0.001 -17"><span class='ocrx_word' id='word_1_298' title='bbox 144 2558 229 2619; x_wconf 87' lang='lat' dir='ltr'><strong>nihil</strong></span> <span class='ocrx_word' id='word_1_299' title='bbox 242 2575 307 2619; x_wconf 84' lang='lat' dir='ltr'><strong>non</strong></span> <span class='ocrx_word' id='word_1_300' title='bbox 325 2556 444 2635; x_wconf 83' lang='lat' dir='ltr'><strong>justum</strong></span> <span class='ocrx_word' id='word_1_301' title='bbox 471 2559 502 2613; x_wconf 91' lang='lat' dir='ltr'><strong>et</strong></span> <span class='ocrx_word' id='word_1_302' title='bbox 529 2553 728 2631; x_wconf 84' lang='lat' dir='ltr'><strong>udaequatnm</strong></span> <span class='ocrx_word' id='word_1_303' title='bbox 751 2551 835 2612; x_wconf 88' lang='lat' dir='ltr'><strong>ineo</strong></span> <span class='ocrx_word' id='word_1_304' title='bbox 858 2555 917 2616; x_wconf 85' lang='lat' dir='ltr'><strong>sit:</strong></span> <span class='ocrx_word' id='word_1_305' title='bbox 970 2558 1094 2625; x_wconf 88' lang='lat' dir='ltr'><strong>distant,</strong></span> <span class='ocrx_word' id='word_1_306' title='bbox 1124 2556 1247 2617; x_wconf 83' lang='lat' dir='ltr'><strong>difficile</strong></span> <span class='ocrx_word' id='word_1_307' title='bbox 1275 2561 1320 2616; x_wconf 91' lang='lat' dir='ltr'><strong>est</strong></span> <span class='ocrx_word' id='word_1_308' title='bbox 1339 2556 1510 2634; x_wconf 83' lang='lat' dir='ltr'><strong>judicium3</strong></span> <span class='ocrx_word' id='word_1_309' title='bbox 1545 2557 1638 2636; x_wconf 89' lang='lat' dir='ltr'><strong>idque</strong></span> <span class='ocrx_word' id='word_1_310' title='bbox 1665 2558 1741 2620; x_wconf 87' lang='lat' dir='ltr'><strong>adeo</strong></span> 
     </span>
     <span class='ocr_line' id='line_1_26' title="bbox 145 2644 1743 2730; baseline 0 -20"><span class='ocrx_word' id='word_1_311' title='bbox 145 2668 221 2730; x_wconf 76' lang='lat' dir='ltr'><strong>quae</strong></span> <span class='ocrx_word' id='word_1_312' title='bbox 243 2655 290 2710; x_wconf 88' lang='lat' dir='ltr'><strong>est</strong></span> <span class='ocrx_word' id='word_1_313' title='bbox 304 2661 349 2711; x_wconf 76' lang='grc' dir='ltr'><strong>τσο</strong></span> <span class='ocrx_word' id='word_1_314' title='bbox 361 2657 441 2709; x_wconf 72' lang='grc' dir='ltr'>καλοῦ</span> <span class='ocrx_word' id='word_1_315' title='bbox 454 2645 534 2706; x_wconf 86' lang='lat' dir='ltr'><strong>ratio</strong></span> <span class='ocrx_word' id='word_1_316' title='bbox 559 2644 694 2724; x_wconf 88' lang='lat' dir='ltr'><strong>propria.</strong></span> <span class='ocrx_word' id='word_1_317' title='bbox 721 2645 766 2703; x_wconf 87' lang='lat' dir='ltr'><strong>lta</strong></span> <span class='ocrx_word' id='word_1_318' title='bbox 792 2645 921 2707; x_wconf 85' lang='lat' dir='ltr'><strong>Basilius</strong></span> <span class='ocrx_word' id='word_1_319' title='bbox 969 2669 1029 2726; x_wconf 84' lang='lat' dir='ltr'><strong>usq</strong></span> <span class='ocrx_word' id='word_1_320' title='bbox 1042 2649 1151 2729; x_wconf 75' lang='lat' dir='ltr'><strong>magis,</strong></span> <span class='ocrx_word' id='word_1_321' title='bbox 1167 2655 1198 2710; x_wconf 89' lang='lat' dir='ltr'><strong>et</strong></span> <span class='ocrx_word' id='word_1_322' title='bbox 1211 2648 1372 2709; x_wconf 86' lang='lat' dir='ltr'><strong>communi</strong></span> <span class='ocrx_word' id='word_1_323' title='bbox 1385 2649 1520 2727; x_wconf 77' lang='lat' dir='ltr'><strong>quiedam</strong></span> <span class='ocrx_word' id='word_1_324' title='bbox 1529 2650 1655 2710; x_wconf 86' lang='lat' dir='ltr'><strong>notione</strong></span> <span class='ocrx_word' id='word_1_325' title='bbox 1675 2668 1743 2729; x_wconf 92' lang='lat' dir='ltr'><strong>per-</strong></span> 
     </span>
     <span class='ocr_line' id='line_1_27' title="bbox 144 2736 1744 2823; baseline -0.001 -19"><span class='ocrx_word' id='word_1_326' title='bbox 144 2742 279 2804; x_wconf 84' lang='lat' dir='ltr'><strong>humilia</strong></span> <span class='ocrx_word' id='word_1_327' title='bbox 295 2741 329 2800; x_wconf 94' lang='lat' dir='ltr'><strong>in</strong></span> <span class='ocrx_word' id='word_1_328' title='bbox 347 2737 499 2801; x_wconf 81' lang='lat' dir='ltr'><strong>Psolmum</strong></span> <span class='ocrx_word' id='word_1_329' title='bbox 517 2753 602 2812; x_wconf 78' lang='lat' dir='ltr'><strong>xxix,</strong></span> <span class='ocrx_word' id='word_1_330' title='bbox 617 2736 650 2795; x_wconf 92' lang='lat' dir='ltr'><strong>in</strong></span> <span class='ocrx_word' id='word_1_331' title='bbox 670 2746 808 2816; x_wconf 76' lang='grc' dir='ltr'><strong>συμμετρίᾳ</strong></span> <span class='ocrx_word' id='word_1_332' title='bbox 834 2757 919 2799; x_wconf 82' lang='lat' dir='ltr'><strong>eam-</strong></span> <span class='ocrx_word' id='word_1_333' title='bbox 970 2743 1042 2823; x_wconf 89' lang='lat' dir='ltr'><strong>cipi,</strong></span> <span class='ocrx_word' id='word_1_334' title='bbox 1062 2759 1158 2821; x_wconf 89' lang='lat' dir='ltr'><strong>quam</strong></span> <span class='ocrx_word' id='word_1_335' title='bbox 1175 2741 1320 2821; x_wconf 80' lang='lat' dir='ltr'><strong>explicari</strong></span> <span class='ocrx_word' id='word_1_336' title='bbox 1339 2744 1450 2819; x_wconf 83' lang='lat' dir='ltr'><strong>potest.</strong></span> <span class='ocrx_word' id='word_1_337' title='bbox 1467 2741 1508 2800; x_wconf 84' lang='lat' dir='ltr'><strong>Ut</strong></span> <span class='ocrx_word' id='word_1_338' title='bbox 1521 2758 1560 2799; x_wconf 82' lang='lat' dir='ltr'><strong>ex</strong></span> <span class='ocrx_word' id='word_1_339' title='bbox 1574 2758 1610 2800; x_wconf 88' lang='lat' dir='ltr'><strong>eo</strong></span> <span class='ocrx_word' id='word_1_340' title='bbox 1624 2747 1744 2803; x_wconf 87' lang='lat' dir='ltr'><strong>constet</strong></span> 
     </span>
     <span class='ocr_line' id='line_1_28' title="bbox 145 2825 1743 2913; baseline -0.002 -17"><span class='ocrx_word' id='word_1_341' title='bbox 145 2835 223 2896; x_wconf 88' lang='lat' dir='ltr'><strong>dem</strong></span> <span class='ocrx_word' id='word_1_342' title='bbox 249 2833 366 2895; x_wconf 78' lang='lat' dir='ltr'><strong>saum.</strong></span> <span class='ocrx_word' id='word_1_343' title='bbox 397 2829 578 2904; x_wconf 79' lang='lat' dir='ltr'><strong>«Pulchra,</strong></span> <span class='ocrx_word' id='word_1_344' title='bbox 607 2828 718 2907; x_wconf 79' lang='lat' dir='ltr'><strong>inquil,</strong></span> <span class='ocrx_word' id='word_1_345' title='bbox 748 2834 794 2888; x_wconf 87' lang='lat' dir='ltr'><strong>est</strong></span> <span class='ocrx_word' id='word_1_346' title='bbox 820 2831 921 2891; x_wconf 90' lang='lat' dir='ltr'><strong>omnis</strong></span> <span class='ocrx_word' id='word_1_347' title='bbox 970 2825 1069 2910; x_wconf 79' lang='lat' dir='ltr'><strong>nohIs,</strong></span> <span class='ocrx_word' id='word_1_348' title='bbox 1098 2834 1182 2913; x_wconf 91' lang='lat' dir='ltr'><strong>quod</strong></span> <span class='ocrx_word' id='word_1_349' title='bbox 1202 2832 1284 2912; x_wconf 91' lang='lat' dir='ltr'><strong>apud</strong></span> <span class='ocrx_word' id='word_1_350' title='bbox 1299 2831 1460 2892; x_wconf 84' lang='lat' dir='ltr'><strong>Platonem</strong></span> <span class='ocrx_word' id='word_1_351' title='bbox 1487 2832 1521 2892; x_wconf 90' lang='lat' dir='ltr'><strong>in</strong></span> <span class='ocrx_word' id='word_1_352' title='bbox 1535 2832 1598 2892; x_wconf 90' lang='lat' dir='ltr'><strong>fine</strong></span> <span class='ocrx_word' id='word_1_353' title='bbox 1618 2831 1743 2913; x_wconf 69' lang='lat' dir='ltr'><strong>Hippiae</strong></span> 
     </span>
     <span class='ocr_line' id='line_1_29' title="bbox 145 2922 1744 3007; baseline -0.002 -19"><span class='ocrx_word' id='word_1_354' title='bbox 145 2928 266 3003; x_wconf 88' lang='lat' dir='ltr'><strong>anima,</strong></span> <span class='ocrx_word' id='word_1_355' title='bbox 291 2943 361 3005; x_wconf 83' lang='lat' dir='ltr'><strong>quse</strong></span> <span class='ocrx_word' id='word_1_356' title='bbox 387 2924 422 2983; x_wconf 91' lang='lat' dir='ltr'><strong>in</strong></span> <span class='ocrx_word' id='word_1_357' title='bbox 443 2922 523 2984; x_wconf 86' lang='lat' dir='ltr'><strong>hene</strong></span> <span class='ocrx_word' id='word_1_358' title='bbox 542 2925 714 3000; x_wconf 83' lang='lat' dir='ltr'><strong>temperate</strong></span> <span class='ocrx_word' id='word_1_359' title='bbox 741 2938 921 2985; x_wconf 87' lang='lat' dir='ltr'><strong>commensu</strong></span> <span class='ocrx_word' id='word_1_360' title='bbox 969 2925 1094 3007; x_wconf 72' lang='lat' dir='ltr'><strong>majoris</strong></span> <span class='ocrx_word' id='word_1_361' title='bbox 1110 2925 1316 2991; x_wconf 79' lang='lat' dir='ltr'><strong>aitsocrates,</strong></span> <span class='ocrx_word' id='word_1_362' title='bbox 1337 2945 1352 2980; x_wconf 80' lang='grc' dir='ltr'>ε</span> <span class='ocrx_word' id='word_1_363' title='bbox 1365 2924 1508 3002; x_wconf 87' lang='lat' dir='ltr'><strong>quamsit</strong></span> <span class='ocrx_word' id='word_1_364' title='bbox 1521 2941 1643 2999; x_wconf 86' lang='lat' dir='ltr'><strong>rerum,</strong></span> <span class='ocrx_word' id='word_1_365' title='bbox 1659 2925 1744 3003; x_wconf 88' lang='lat' dir='ltr'><strong>quod</strong></span> 
     </span>
     <span class='ocr_line' id='line_1_30' title="bbox 146 3012 1743 3100; baseline -0.001 -21"><span class='ocrx_word' id='word_1_366' title='bbox 146 3019 348 3100; x_wconf 83' lang='lat' dir='ltr'><strong>propriarum</strong></span> <span class='ocrx_word' id='word_1_367' title='bbox 361 3013 543 3076; x_wconf 76' lang='lat' dir='ltr'><strong>inemtatum</strong></span> <span class='ocrx_word' id='word_1_368' title='bbox 556 3012 796 3073; x_wconf 48' lang='lat' dir='ltr'><strong>consideratur&amp;</strong></span> <span class='ocrx_word' id='word_1_369' title='bbox 812 3034 828 3071; x_wconf 78' lang='lat' dir='ltr'><strong>a</strong></span> <span class='ocrx_word' id='word_1_370' title='bbox 970 3019 1003 3079; x_wconf 85' lang='lat' dir='ltr'><strong>iu</strong></span> <span class='ocrx_word' id='word_1_371' title='bbox 1015 3016 1179 3078; x_wconf 89' lang='lat' dir='ltr'><strong>Proverhio</strong></span> <span class='ocrx_word' id='word_1_372' title='bbox 1201 3016 1333 3077; x_wconf 88' lang='lat' dir='ltr'><strong>dieitur:</strong></span> <span class='ocrx_word' id='word_1_373' title='bbox 1351 3033 1421 3094; x_wconf 80' lang='lat' dir='ltr'><strong>quae</strong></span> <span class='ocrx_word' id='word_1_374' title='bbox 1435 3015 1564 3094; x_wconf 82' lang='lat' dir='ltr'><strong>pulchra</strong></span> <span class='ocrx_word' id='word_1_375' title='bbox 1578 3021 1662 3092; x_wconf 90' lang='lat' dir='ltr'><strong>sunt,</strong></span> <span class='ocrx_word' id='word_1_376' title='bbox 1679 3034 1743 3077; x_wconf 88' lang='lat' dir='ltr'><strong>esse</strong></span> 
     </span>
     <span class='ocr_line' id='line_1_31' title="bbox 191 3104 1744 3190; baseline 0 -20"><span class='ocrx_word' id='word_1_377' title='bbox 191 3110 283 3190; x_wconf 76' lang='lat' dir='ltr'><strong>Apud</strong></span> <span class='ocrx_word' id='word_1_378' title='bbox 306 3109 475 3187; x_wconf 79' lang='lat' dir='ltr'><strong>Diogenem</strong></span> <span class='ocrx_word' id='word_1_379' title='bbox 501 3104 657 3166; x_wconf 79' lang='lat' dir='ltr'><strong>Leontium</strong></span> <span class='ocrx_word' id='word_1_380' title='bbox 682 3105 763 3165; x_wconf 89' lang='lat' dir='ltr'><strong>Zeno</strong></span> <span class='ocrx_word' id='word_1_381' title='bbox 795 3113 869 3166; x_wconf 70' lang='grc' dir='ltr'>καλὸν</span> <span class='ocrx_word' id='word_1_382' title='bbox 890 3104 922 3164; x_wconf 90' lang='lat' dir='ltr'><strong>id</strong></span> <span class='ocrx_word' id='word_1_383' title='bbox 970 3109 1105 3171; x_wconf 87' lang='lat' dir='ltr'><strong>difficilia</strong></span> <span class='ocrx_word' id='word_1_384' title='bbox 1113 3109 1314 3169; x_wconf 75' lang='lat' dir='ltr'><strong>l,aloannes</strong></span> <span class='ocrx_word' id='word_1_385' title='bbox 1326 3107 1515 3187; x_wconf 83' lang='lat' dir='ltr'><strong>Philoponua</strong></span> <span class='ocrx_word' id='word_1_386' title='bbox 1523 3107 1602 3168; x_wconf 89' lang='lat' dir='ltr'><strong>lihro</strong></span> <span class='ocrx_word' id='word_1_387' title='bbox 1612 3109 1744 3188; x_wconf 90' lang='lat' dir='ltr'><strong>septimo</strong></span> 
     </span>
     <span class='ocr_line' id='line_1_32' title="bbox 147 3196 1743 3281; baseline -0.002 -17"><span class='ocrx_word' id='word_1_388' title='bbox 147 3222 217 3264; x_wconf 74' lang='lat' dir='ltr'><strong>esse</strong></span> <span class='ocrx_word' id='word_1_389' title='bbox 240 3201 358 3277; x_wconf 83' lang='lat' dir='ltr'><strong>delinit,</strong></span> <span class='ocrx_word' id='word_1_390' title='bbox 382 3198 460 3281; x_wconf 81' lang='lat' dir='ltr'><strong>qued</strong></span> <span class='ocrx_word' id='word_1_391' title='bbox 489 3196 530 3259; x_wconf 84' lang='lat' dir='ltr'><strong>ud</strong></span> <span class='ocrx_word' id='word_1_392' title='bbox 553 3216 637 3257; x_wconf 81' lang='lat' dir='ltr'><strong>usum</strong></span> <span class='ocrx_word' id='word_1_393' title='bbox 665 3198 713 3257; x_wconf 79' lang='lat' dir='ltr'><strong>sui</strong></span> <span class='ocrx_word' id='word_1_394' title='bbox 742 3196 921 3258; x_wconf 81' lang='lat' dir='ltr'><strong>moderatum</strong></span> <span class='ocrx_word' id='word_1_395' title='bbox 971 3203 1005 3263; x_wconf 90' lang='lat' dir='ltr'><strong>in</strong></span> <span class='ocrx_word' id='word_1_396' title='bbox 1018 3201 1230 3267; x_wconf 79' lang='lat' dir='ltr'><strong>Heraemeron,</strong></span> <span class='ocrx_word' id='word_1_397' title='bbox 1248 3201 1347 3280; x_wconf 86' lang='lat' dir='ltr'><strong>eapite</strong></span> <span class='ocrx_word' id='word_1_398' title='bbox 1368 3200 1743 3280; x_wconf 80' lang='lat' dir='ltr'><strong>v1,depulchrohono-</strong></span> 
     </span>
     <span class='ocr_line' id='line_1_33' title="bbox 146 3288 1743 3374; baseline -0.003 -18"><span class='ocrx_word' id='word_1_399' title='bbox 146 3293 227 3356; x_wconf 54' lang='lat' dir='ltr'><strong>este.</strong></span> <span class='ocrx_word' id='word_1_400' title='bbox 247 3294 286 3354; x_wconf 90' lang='lat' dir='ltr'><strong>Et</strong></span> <span class='ocrx_word' id='word_1_401' title='bbox 308 3292 433 3353; x_wconf 88' lang='lat' dir='ltr'><strong>Procius</strong></span> <span class='ocrx_word' id='word_1_402' title='bbox 455 3289 537 3351; x_wconf 88' lang='lat' dir='ltr'><strong>hhro</strong></span> <span class='ocrx_word' id='word_1_403' title='bbox 557 3288 692 3349; x_wconf 89' lang='lat' dir='ltr'><strong>seeundo</strong></span> <span class='ocrx_word' id='word_1_404' title='bbox 716 3289 751 3349; x_wconf 91' lang='lat' dir='ltr'><strong>in</strong></span> <span class='ocrx_word' id='word_1_405' title='bbox 777 3288 922 3350; x_wconf 71' lang='lat' dir='ltr'><strong>Timorem</strong></span> <span class='ocrx_word' id='word_1_406' title='bbox 971 3312 1032 3374; x_wconf 89' lang='lat' dir='ltr'><strong>que</strong></span> <span class='ocrx_word' id='word_1_407' title='bbox 1058 3294 1132 3372; x_wconf 80' lang='lat' dir='ltr'><strong>agit,</strong></span> <span class='ocrx_word' id='word_1_408' title='bbox 1162 3297 1193 3354; x_wconf 90' lang='lat' dir='ltr'><strong>et</strong></span> <span class='ocrx_word' id='word_1_409' title='bbox 1220 3292 1313 3354; x_wconf 86' lang='lat' dir='ltr'><strong>ambo</strong></span> <span class='ocrx_word' id='word_1_410' title='bbox 1341 3291 1474 3352; x_wconf 85' lang='lat' dir='ltr'><strong>invicem</strong></span> <span class='ocrx_word' id='word_1_411' title='bbox 1502 3292 1638 3367; x_wconf 65' lang='lat' dir='ltr'><strong>contem</strong></span> <span class='ocrx_word' id='word_1_412' title='bbox 1667 3301 1743 3355; x_wconf 69' lang='lat' dir='ltr'><strong>acite</strong></span> 
     </span>
     <span class='ocr_line' id='line_1_34' title="bbox 148 3381 1745 3465; baseline -0.001 -17"><span class='ocrx_word' id='word_1_413' title='bbox 148 3386 288 3449; x_wconf 86' lang='lat' dir='ltr'><strong>Platonis</strong></span> <span class='ocrx_word' id='word_1_414' title='bbox 303 3393 335 3445; x_wconf 74' lang='lat' dir='ltr'><strong>rt</strong></span> <span class='ocrx_word' id='word_1_415' title='bbox 347 3392 413 3445; x_wconf 73' lang='grc' dir='ltr'>καλὰ</span> <span class='ocrx_word' id='word_1_416' title='bbox 426 3400 491 3443; x_wconf 90' lang='lat' dir='ltr'><strong>non</strong></span> <span class='ocrx_word' id='word_1_417' title='bbox 504 3381 620 3456; x_wconf 89' lang='lat' dir='ltr'><strong>miuus,</strong></span> <span class='ocrx_word' id='word_1_418' title='bbox 636 3398 732 3460; x_wconf 89' lang='lat' dir='ltr'><strong>quam</strong></span> <span class='ocrx_word' id='word_1_419' title='bbox 747 3383 836 3460; x_wconf 65' lang='grc' dir='ltr'>ἀγαιὰζ</span> <span class='ocrx_word' id='word_1_420' title='bbox 852 3398 922 3460; x_wconf 76' lang='lat' dir='ltr'><strong>quae</strong></span> <span class='ocrx_word' id='word_1_421' title='bbox 971 3386 1076 3465; x_wconf 86' lang='lat' dir='ltr'><strong>itaque</strong></span> <span class='ocrx_word' id='word_1_422' title='bbox 1099 3385 1158 3445; x_wconf 89' lang='lat' dir='ltr'><strong>diei</strong></span> <span class='ocrx_word' id='word_1_423' title='bbox 1178 3383 1246 3445; x_wconf 83' lang='lat' dir='ltr'><strong>vult</strong></span> <span class='ocrx_word' id='word_1_424' title='bbox 1273 3384 1312 3444; x_wconf 85' lang='lat' dir='ltr'><strong>ah</strong></span> <span class='ocrx_word' id='word_1_425' title='bbox 1328 3403 1376 3460; x_wconf 89' lang='lat' dir='ltr'><strong>eo,</strong></span> <span class='ocrx_word' id='word_1_426' title='bbox 1401 3384 1485 3463; x_wconf 90' lang='lat' dir='ltr'><strong>quod</strong></span> <span class='ocrx_word' id='word_1_427' title='bbox 1500 3389 1545 3444; x_wconf 91' lang='lat' dir='ltr'><strong>est</strong></span> <span class='ocrx_word' id='word_1_428' title='bbox 1565 3393 1661 3460; x_wconf 76' lang='grc' dir='ltr'>κηλεῖν,</span> <span class='ocrx_word' id='word_1_429' title='bbox 1685 3384 1745 3446; x_wconf 90' lang='lat' dir='ltr'><strong>hoc</strong></span> 
     </span>
     <span class='ocr_line' id='line_1_35' title="bbox 151 3472 1745 3555; baseline 0 -18"><span class='ocrx_word' id='word_1_430' title='bbox 151 3500 170 3537; x_wconf 83' lang='lat' dir='ltr'><strong>a</strong></span> <span class='ocrx_word' id='word_1_431' title='bbox 191 3477 366 3545; x_wconf 83' lang='lat' dir='ltr'><strong>harmonia,</strong></span> <span class='ocrx_word' id='word_1_432' title='bbox 397 3481 428 3536; x_wconf 90' lang='lat' dir='ltr'><strong>et</strong></span> <span class='ocrx_word' id='word_1_433' title='bbox 445 3473 637 3553; x_wconf 79' lang='lat' dir='ltr'><strong>symmetria,</strong></span> <span class='ocrx_word' id='word_1_434' title='bbox 660 3478 691 3534; x_wconf 93' lang='lat' dir='ltr'><strong>et</strong></span> <span class='ocrx_word' id='word_1_435' title='bbox 716 3472 825 3533; x_wconf 89' lang='lat' dir='ltr'><strong>ordine</strong></span> <span class='ocrx_word' id='word_1_436' title='bbox 848 3491 922 3533; x_wconf 90' lang='lat' dir='ltr'><strong>con-</strong></span> <span class='ocrx_word' id='word_1_437' title='bbox 973 3482 1019 3539; x_wconf 87' lang='lat' dir='ltr'><strong>est</strong></span> <span class='ocrx_word' id='word_1_438' title='bbox 1037 3476 1175 3546; x_wconf 82' lang='lat' dir='ltr'><strong>mulcere,</strong></span> <span class='ocrx_word' id='word_1_439' title='bbox 1188 3476 1378 3550; x_wconf 66' lang='lat' dir='ltr'><strong>velamen,</strong></span> <span class='ocrx_word' id='word_1_440' title='bbox 1395 3476 1439 3536; x_wconf 88' lang='lat' dir='ltr'><strong>ait</strong></span> <span class='ocrx_word' id='word_1_441' title='bbox 1458 3476 1632 3555; x_wconf 85' lang='lat' dir='ltr'><strong>Dionysius.</strong></span> <span class='ocrx_word' id='word_1_442' title='bbox 1649 3478 1745 3538; x_wconf 91' lang='lat' dir='ltr'><strong>Porro</strong></span> 
     </span>
     <span class='ocr_line' id='line_1_36' title="bbox 146 3564 1745 3650; baseline -0.001 -18"><span class='ocrx_word' id='word_1_443' title='bbox 146 3576 244 3632; x_wconf 82' lang='lat' dir='ltr'><strong>stam.</strong></span> <span class='ocrx_word' id='word_1_444' title='bbox 256 3592 271 3627; x_wconf 82' lang='grc' dir='ltr'>ν</span> <span class='ocrx_word' id='word_1_445' title='bbox 285 3570 368 3644; x_wconf 75' lang='lat' dir='ltr'><strong>limo,</strong></span> <span class='ocrx_word' id='word_1_446' title='bbox 383 3568 524 3645; x_wconf 87' lang='lat' dir='ltr'><strong>inquam,</strong></span> <span class='ocrx_word' id='word_1_447' title='bbox 544 3564 708 3644; x_wconf 72' lang='lat' dir='ltr'><strong>«pulchra,</strong></span> <span class='ocrx_word' id='word_1_448' title='bbox 717 3570 749 3625; x_wconf 88' lang='lat' dir='ltr'><strong>et</strong></span> <span class='ocrx_word' id='word_1_449' title='bbox 761 3565 844 3625; x_wconf 88' lang='lat' dir='ltr'><strong>hona</strong></span> <span class='ocrx_word' id='word_1_450' title='bbox 857 3582 923 3625; x_wconf 88' lang='lat' dir='ltr'><strong>esse</strong></span> <span class='ocrx_word' id='word_1_451' title='bbox 973 3587 1065 3630; x_wconf 91' lang='lat' dir='ltr'><strong>omne</strong></span> <span class='ocrx_word' id='word_1_452' title='bbox 1079 3569 1246 3650; x_wconf 87' lang='lat' dir='ltr'><strong>pulchrum</strong></span> <span class='ocrx_word' id='word_1_453' title='bbox 1255 3568 1299 3629; x_wconf 83' lang='lat' dir='ltr'><strong>uit</strong></span> <span class='ocrx_word' id='word_1_454' title='bbox 1308 3585 1373 3628; x_wconf 88' lang='lat' dir='ltr'><strong>esse</strong></span> <span class='ocrx_word' id='word_1_455' title='bbox 1382 3567 1513 3641; x_wconf 90' lang='lat' dir='ltr'><strong>honum,</strong></span> <span class='ocrx_word' id='word_1_456' title='bbox 1528 3574 1561 3628; x_wconf 85' lang='lat' dir='ltr'><strong>at</strong></span> <span class='ocrx_word' id='word_1_457' title='bbox 1574 3586 1639 3628; x_wconf 90' lang='lat' dir='ltr'><strong>non</strong></span> <span class='ocrx_word' id='word_1_458' title='bbox 1652 3587 1745 3630; x_wconf 89' lang='lat' dir='ltr'><strong>omne</strong></span> 
     </span>
     <span class='ocr_line' id='line_1_37' title="bbox 147 3655 1745 3740; baseline -0.001 -16"><span class='ocrx_word' id='word_1_459' title='bbox 147 3662 332 3724; x_wconf 82' lang='lat' dir='ltr'><strong>contendit:</strong></span> <span class='ocrx_word' id='word_1_460' title='bbox 362 3659 522 3738; x_wconf 90' lang='lat' dir='ltr'><strong>Siquidem</strong></span> <span class='ocrx_word' id='word_1_461' title='bbox 545 3675 649 3733; x_wconf 91' lang='lat' dir='ltr'><strong>omne,</strong></span> <span class='ocrx_word' id='word_1_462' title='bbox 679 3657 763 3737; x_wconf 88' lang='lat' dir='ltr'><strong>quod</strong></span> <span class='ocrx_word' id='word_1_463' title='bbox 784 3662 830 3719; x_wconf 90' lang='lat' dir='ltr'><strong>est</strong></span> <span class='ocrx_word' id='word_1_464' title='bbox 856 3657 925 3737; x_wconf 91' lang='lat' dir='ltr'><strong>pul·</strong></span> <span class='ocrx_word' id='word_1_465' title='bbox 972 3661 1093 3722; x_wconf 88' lang='lat' dir='ltr'><strong>honum</strong></span> <span class='ocrx_word' id='word_1_466' title='bbox 1110 3679 1174 3722; x_wconf 88' lang='lat' dir='ltr'><strong>esse</strong></span> <span class='ocrx_word' id='word_1_467' title='bbox 1187 3655 1379 3740; x_wconf 66' lang='lat' dir='ltr'><strong>pulchruml.</strong></span> <span class='ocrx_word' id='word_1_468' title='bbox 1402 3661 1482 3720; x_wconf 87' lang='lat' dir='ltr'><strong>Nam</strong></span> <span class='ocrx_word' id='word_1_469' title='bbox 1495 3665 1611 3738; x_wconf 81' lang='lat' dir='ltr'><strong>aegroto</strong></span> <span class='ocrx_word' id='word_1_470' title='bbox 1624 3661 1745 3723; x_wconf 82' lang='lat' dir='ltr'><strong>medice</strong></span> 
     </span>
     <span class='ocr_line' id='line_1_38' title="bbox 148 3752 1745 3834; baseline -0.002 -17"><span class='ocrx_word' id='word_1_471' title='bbox 148 3756 274 3831; x_wconf 86' lang='lat' dir='ltr'><strong>chrum,</strong></span> <span class='ocrx_word' id='word_1_472' title='bbox 284 3754 404 3814; x_wconf 88' lang='lat' dir='ltr'><strong>honum</strong></span> <span class='ocrx_word' id='word_1_473' title='bbox 411 3756 489 3813; x_wconf 60' lang='lat' dir='ltr'><strong>oste.</strong></span> <span class='ocrx_word' id='word_1_474' title='bbox 505 3772 520 3808; x_wconf 84' lang='lat' dir='ltr'><strong>r</strong></span> <span class='ocrx_word' id='word_1_475' title='bbox 973 3754 1059 3834; x_wconf 91' lang='lat' dir='ltr'><strong>potio</strong></span> <span class='ocrx_word' id='word_1_476' title='bbox 1072 3753 1153 3814; x_wconf 88' lang='lat' dir='ltr'><strong>hona</strong></span> <span class='ocrx_word' id='word_1_477' title='bbox 1167 3759 1223 3827; x_wconf 89' lang='lat' dir='ltr'><strong>est,</strong></span> <span class='ocrx_word' id='word_1_478' title='bbox 1245 3769 1310 3813; x_wconf 91' lang='lat' dir='ltr'><strong>non</strong></span> <span class='ocrx_word' id='word_1_479' title='bbox 1323 3757 1430 3812; x_wconf 88' lang='lat' dir='ltr'><strong>tamen</strong></span> <span class='ocrx_word' id='word_1_480' title='bbox 1444 3752 1593 3830; x_wconf 80' lang='lat' dir='ltr'><strong>pulchra3</strong></span> <span class='ocrx_word' id='word_1_481' title='bbox 1610 3772 1666 3813; x_wconf 87' lang='lat' dir='ltr'><strong>nee</strong></span> <span class='ocrx_word' id='word_1_482' title='bbox 1680 3772 1745 3814; x_wconf 91' lang='lat' dir='ltr'><strong>non</strong></span> 
     </span>
     <span class='ocr_line' id='line_1_39' title="bbox 191 3841 1746 3924; baseline -0.001 -17"><span class='ocrx_word' id='word_1_483' title='bbox 191 3849 245 3908; x_wconf 85' lang='lat' dir='ltr'><strong>VI.</strong></span> <span class='ocrx_word' id='word_1_484' title='bbox 271 3845 420 3920; x_wconf 81' lang='lat' dir='ltr'><strong>eroeirca</strong></span> <span class='ocrx_word' id='word_1_485' title='bbox 444 3860 519 3904; x_wconf 86' lang='lat' dir='ltr'><strong>vera</strong></span> <span class='ocrx_word' id='word_1_486' title='bbox 554 3841 764 3922; x_wconf 83' lang='lat' dir='ltr'><strong>pulchritudo,</strong></span> <span class='ocrx_word' id='word_1_487' title='bbox 794 3860 864 3922; x_wconf 79' lang='lat' dir='ltr'><strong>quae</strong></span> <span class='ocrx_word' id='word_1_488' title='bbox 891 3842 924 3903; x_wconf 85' lang='lat' dir='ltr'><strong>iu</strong></span> <span class='ocrx_word' id='word_1_489' title='bbox 973 3846 1078 3913; x_wconf 85' lang='lat' dir='ltr'><strong>sectio,</strong></span> <span class='ocrx_word' id='word_1_490' title='bbox 1099 3844 1149 3905; x_wconf 82' lang='lat' dir='ltr'><strong>vel</strong></span> <span class='ocrx_word' id='word_1_491' title='bbox 1167 3844 1299 3919; x_wconf 83' lang='lat' dir='ltr'><strong>adustio,</strong></span> <span class='ocrx_word' id='word_1_492' title='bbox 1311 3851 1343 3905; x_wconf 85' lang='lat' dir='ltr'><strong>et</strong></span> <span class='ocrx_word' id='word_1_493' title='bbox 1355 3844 1382 3902; x_wconf 91' lang='lat' dir='ltr'><strong>si</strong></span> <span class='ocrx_word' id='word_1_494' title='bbox 1397 3860 1459 3921; x_wconf 87' lang='lat' dir='ltr'><strong>qua</strong></span> <span class='ocrx_word' id='word_1_495' title='bbox 1479 3842 1539 3903; x_wconf 85' lang='lat' dir='ltr'><strong>aha</strong></span> <span class='ocrx_word' id='word_1_496' title='bbox 1551 3849 1624 3904; x_wconf 89' lang='lat' dir='ltr'><strong>sunt</strong></span> <span class='ocrx_word' id='word_1_497' title='bbox 1637 3863 1746 3924; x_wconf 85' lang='lat' dir='ltr'><strong>aspera</strong></span> 
     </span>
     <span class='ocr_line' id='line_1_40' title="bbox 149 3935 1747 4019; baseline -0.002 -19"><span class='ocrx_word' id='word_1_498' title='bbox 149 3938 380 4019; x_wconf 79' lang='lat' dir='ltr'><strong>animopotius,</strong></span> <span class='ocrx_word' id='word_1_499' title='bbox 391 3952 486 4015; x_wconf 90' lang='lat' dir='ltr'><strong>quam</strong></span> <span class='ocrx_word' id='word_1_500' title='bbox 499 3936 534 3994; x_wconf 93' lang='lat' dir='ltr'><strong>in</strong></span> <span class='ocrx_word' id='word_1_501' title='bbox 548 3952 677 4013; x_wconf 88' lang='lat' dir='ltr'><strong>corpore</strong></span> <span class='ocrx_word' id='word_1_502' title='bbox 689 3935 836 4012; x_wconf 85' lang='lat' dir='ltr'><strong>cernitur,</strong></span> <span class='ocrx_word' id='word_1_503' title='bbox 847 3936 925 3995; x_wconf 91' lang='lat' dir='ltr'><strong>utin</strong></span> <span class='ocrx_word' id='word_1_504' title='bbox 974 3944 1005 3998; x_wconf 91' lang='lat' dir='ltr'><strong>et</strong></span> <span class='ocrx_word' id='word_1_505' title='bbox 1017 3936 1187 4014; x_wconf 81' lang='lat' dir='ltr'><strong>injuermdu</strong></span> <span class='ocrx_word' id='word_1_506' title='bbox 1195 3935 1347 4009; x_wconf 81' lang='lat' dir='ltr'><strong>remedia3</strong></span> <span class='ocrx_word' id='word_1_507' title='bbox 1360 3952 1425 3994; x_wconf 92' lang='lat' dir='ltr'><strong>non</strong></span> <span class='ocrx_word' id='word_1_508' title='bbox 1442 3939 1548 3994; x_wconf 85' lang='lat' dir='ltr'><strong>tamen</strong></span> <span class='ocrx_word' id='word_1_509' title='bbox 1561 3943 1637 4011; x_wconf 70' lang='grc' dir='ltr'>ννλὰ,</span> <span class='ocrx_word' id='word_1_510' title='bbox 1654 3937 1687 3996; x_wconf 95' lang='lat' dir='ltr'><strong>id</strong></span> <span class='ocrx_word' id='word_1_511' title='bbox 1700 3941 1747 3997; x_wconf 90' lang='lat' dir='ltr'><strong>est</strong></span> 
     </span>
     <span class='ocr_line' id='line_1_41' title="bbox 151 4026 1747 4112; baseline -0.002 -20"><span class='ocrx_word' id='word_1_512' title='bbox 151 4032 255 4112; x_wconf 85' lang='lat' dir='ltr'><strong>prima</strong></span> <span class='ocrx_word' id='word_1_513' title='bbox 263 4029 403 4091; x_wconf 86' lang='lat' dir='ltr'><strong>oratione</strong></span> <span class='ocrx_word' id='word_1_514' title='bbox 423 4027 576 4089; x_wconf 79' lang='lat' dir='ltr'><strong>Maximus</strong></span> <span class='ocrx_word' id='word_1_515' title='bbox 589 4026 702 4105; x_wconf 79' lang='lat' dir='ltr'><strong>Tyrius</strong></span> <span class='ocrx_word' id='word_1_516' title='bbox 715 4026 840 4102; x_wconf 72' lang='lat' dir='ltr'><strong>indicat,</strong></span> <span class='ocrx_word' id='word_1_517' title='bbox 856 4032 925 4086; x_wconf 91' lang='lat' dir='ltr'><strong>tum</strong></span> <span class='ocrx_word' id='word_1_518' title='bbox 971 4027 1110 4108; x_wconf 80' lang='lat' dir='ltr'><strong>pulchra,</strong></span> <span class='ocrx_word' id='word_1_519' title='bbox 1128 4028 1204 4107; x_wconf 88' lang='lat' dir='ltr'><strong>quia</strong></span> <span class='ocrx_word' id='word_1_520' title='bbox 1216 4044 1280 4088; x_wconf 90' lang='lat' dir='ltr'><strong>non</strong></span> <span class='ocrx_word' id='word_1_521' title='bbox 1294 4026 1444 4101; x_wconf 88' lang='lat' dir='ltr'><strong>mulcent,</strong></span> <span class='ocrx_word' id='word_1_522' title='bbox 1460 4044 1562 4105; x_wconf 84' lang='lat' dir='ltr'><strong>neque</strong></span> <span class='ocrx_word' id='word_1_523' title='bbox 1575 4033 1687 4088; x_wconf 81' lang='lat' dir='ltr'><strong>vocant</strong></span> <span class='ocrx_word' id='word_1_524' title='bbox 1706 4029 1747 4089; x_wconf 90' lang='lat' dir='ltr'><strong>ad</strong></span> 
     </span>
     <span class='ocr_line' id='line_1_42' title="bbox 150 4118 1749 4199; baseline -0.002 -15"><span class='ocrx_word' id='word_1_525' title='bbox 150 4124 186 4184; x_wconf 90' lang='lat' dir='ltr'><strong>in</strong></span> <span class='ocrx_word' id='word_1_526' title='bbox 199 4122 314 4184; x_wconf 77' lang='lat' dir='ltr'><strong>virtute</strong></span> <span class='ocrx_word' id='word_1_527' title='bbox 326 4121 439 4181; x_wconf 88' lang='lat' dir='ltr'><strong>sitaest</strong></span> <span class='ocrx_word' id='word_1_528' title='bbox 461 4119 559 4187; x_wconf 93' lang='lat' dir='ltr'><strong>omni,</strong></span> <span class='ocrx_word' id='word_1_529' title='bbox 575 4123 645 4178; x_wconf 90' lang='lat' dir='ltr'><strong>tum</strong></span> <span class='ocrx_word' id='word_1_530' title='bbox 668 4118 702 4177; x_wconf 91' lang='lat' dir='ltr'><strong>in</strong></span> <span class='ocrx_word' id='word_1_531' title='bbox 721 4137 759 4180; x_wconf 85' lang='lat' dir='ltr'><strong>ea</strong></span> <span class='ocrx_word' id='word_1_532' title='bbox 776 4118 923 4188; x_wconf 87' lang='lat' dir='ltr'><strong>maxime,</strong></span> <span class='ocrx_word' id='word_1_533' title='bbox 974 4137 1018 4195; x_wconf 89' lang='lat' dir='ltr'><strong>se,</strong></span> <span class='ocrx_word' id='word_1_534' title='bbox 1042 4119 1096 4180; x_wconf 90' lang='lat' dir='ltr'><strong>sed</strong></span> <span class='ocrx_word' id='word_1_535' title='bbox 1123 4119 1285 4181; x_wconf 82' lang='lat' dir='ltr'><strong>offendunt</strong></span> <span class='ocrx_word' id='word_1_536' title='bbox 1310 4118 1424 4199; x_wconf 89' lang='lat' dir='ltr'><strong>potius.</strong></span> <span class='ocrx_word' id='word_1_537' title='bbox 1448 4119 1567 4179; x_wconf 87' lang='lat' dir='ltr'><strong>Verum</strong></span> <span class='ocrx_word' id='word_1_538' title='bbox 1591 4118 1672 4180; x_wconf 67' lang='lat' dir='ltr'><strong>lesia</strong></span> <span class='ocrx_word' id='word_1_539' title='bbox 1690 4120 1749 4182; x_wconf 88' lang='lat' dir='ltr'><strong>ista</strong></span> 
     </span>
     <span class='ocr_line' id='line_1_43' title="bbox 151 4210 1747 4298; baseline -0.002 -22"><span class='ocrx_word' id='word_1_540' title='bbox 151 4233 225 4298; x_wconf 78' lang='lat' dir='ltr'><strong>quae</strong></span> <span class='ocrx_word' id='word_1_541' title='bbox 252 4215 286 4275; x_wconf 90' lang='lat' dir='ltr'><strong>in</strong></span> <span class='ocrx_word' id='word_1_542' title='bbox 312 4211 523 4296; x_wconf 88' lang='lat' dir='ltr'><strong>proportione,</strong></span> <span class='ocrx_word' id='word_1_543' title='bbox 553 4214 585 4271; x_wconf 91' lang='lat' dir='ltr'><strong>et</strong></span> <span class='ocrx_word' id='word_1_544' title='bbox 608 4211 743 4291; x_wconf 77' lang='lat' dir='ltr'><strong>qrredam</strong></span> <span class='ocrx_word' id='word_1_545' title='bbox 769 4211 926 4290; x_wconf 87' lang='lat' dir='ltr'><strong>aptatione</strong></span> <span class='ocrx_word' id='word_1_546' title='bbox 974 4215 1058 4280; x_wconf 90' lang='lat' dir='ltr'><strong>sunt,</strong></span> <span class='ocrx_word' id='word_1_547' title='bbox 1075 4215 1106 4273; x_wconf 91' lang='lat' dir='ltr'><strong>et</strong></span> <span class='ocrx_word' id='word_1_548' title='bbox 1119 4212 1159 4272; x_wconf 87' lang='lat' dir='ltr'><strong>ad</strong></span> <span class='ocrx_word' id='word_1_549' title='bbox 1172 4210 1327 4291; x_wconf 84' lang='lat' dir='ltr'><strong>plebeiam</strong></span> <span class='ocrx_word' id='word_1_550' title='bbox 1341 4210 1504 4287; x_wconf 87' lang='lat' dir='ltr'><strong>trutinam,</strong></span> <span class='ocrx_word' id='word_1_551' title='bbox 1523 4229 1587 4273; x_wconf 89' lang='lat' dir='ltr'><strong>non</strong></span> <span class='ocrx_word' id='word_1_552' title='bbox 1601 4211 1640 4273; x_wconf 89' lang='lat' dir='ltr'><strong>ad</strong></span> <span class='ocrx_word' id='word_1_553' title='bbox 1653 4216 1747 4274; x_wconf 86' lang='lat' dir='ltr'><strong>state-</strong></span> 
     </span>
    </p>
   </div>
   <div class='ocr_carea' id='block_1_3' title="bbox 101 4512 1753 5493">
    <p class='ocr_par' dir='ltr' id='par_1_3' title="bbox 101 4512 1753 5493">
     <span class='ocr_line' id='line_1_44' title="bbox 192 4512 1750 4590; baseline -0.003 -18"><span class='ocrx_word' id='word_1_554' title='bbox 192 4534 213 4572; x_wconf 86' lang='grc' dir='ltr'><strong>ιι</strong></span> <span class='ocrx_word' id='word_1_555' title='bbox 231 4516 337 4573; x_wconf 72' lang='lat' dir='ltr'><strong>Mum.</strong></span> <span class='ocrx_word' id='word_1_556' title='bbox 356 4513 459 4588; x_wconf 73' lang='grc' dir='ltr'>Διᾶγὰρ</span> <span class='ocrx_word' id='word_1_557' title='bbox 472 4514 502 4567; x_wconf 67' lang='grc' dir='ltr'><strong>τί)</strong></span> <span class='ocrx_word' id='word_1_558' title='bbox 514 4513 590 4568; x_wconf 72' lang='grc' dir='ltr'>καλὸν</span> <span class='ocrx_word' id='word_1_559' title='bbox 605 4512 631 4566; x_wconf 77' lang='lat' dir='ltr'><strong>cI</strong></span> <span class='ocrx_word' id='word_1_560' title='bbox 645 4517 695 4567; x_wconf 83' lang='grc' dir='ltr'>τῶν</span> <span class='ocrx_word' id='word_1_561' title='bbox 710 4513 840 4586; x_wconf 76' lang='grc' dir='ltr'>στοιχείων</span> <span class='ocrx_word' id='word_1_562' title='bbox 854 4515 927 4586; x_wconf 75' lang='grc' dir='ltr'>γιγό-</span> <span class='ocrx_word' id='word_1_563' title='bbox 1012 4532 1027 4571; x_wconf 84' lang='lat' dir='ltr'><strong>e</strong></span> <span class='ocrx_word' id='word_1_564' title='bbox 1044 4513 1176 4570; x_wconf 75' lang='lat' dir='ltr'><strong>Proetus.</strong></span> <span class='ocrx_word' id='word_1_565' title='bbox 1196 4514 1246 4584; x_wconf 75' lang='grc' dir='ltr'>Τὴν</span> <span class='ocrx_word' id='word_1_566' title='bbox 1261 4513 1392 4588; x_wconf 76' lang='grc' dir='ltr'>ἁρμονίαν,</span> <span class='ocrx_word' id='word_1_567' title='bbox 1410 4515 1450 4567; x_wconf 77' lang='grc' dir='ltr'><strong>καί</strong></span> <span class='ocrx_word' id='word_1_568' title='bbox 1465 4514 1509 4583; x_wconf 79' lang='grc' dir='ltr'>τὴν</span> <span class='ocrx_word' id='word_1_569' title='bbox 1530 4517 1692 4590; x_wconf 72' lang='grc' dir='ltr'>συμμετρίαν,</span> <span class='ocrx_word' id='word_1_570' title='bbox 1709 4520 1750 4572; x_wconf 75' lang='grc' dir='ltr'><strong>καί</strong></span> 
     </span>
     <span class='ocr_line' id='line_1_45' title="bbox 151 4595 1694 4673; baseline -0.001 -18"><span class='ocrx_word' id='word_1_571' title='bbox 151 4619 225 4656; x_wconf 84' lang='grc' dir='ltr'>νασιν</span> <span class='ocrx_word' id='word_1_572' title='bbox 236 4598 413 4671; x_wconf 75' lang='grc' dir='ltr'>ἇλληλοοχίιιι,</span> <span class='ocrx_word' id='word_1_573' title='bbox 429 4598 457 4660; x_wconf 77' lang='grc' dir='ltr'><strong>ἇς</strong></span> <span class='ocrx_word' id='word_1_574' title='bbox 470 4595 610 4669; x_wconf 74' lang='grc' dir='ltr'>ίμαρμογιίς</span> <span class='ocrx_word' id='word_1_575' title='bbox 623 4615 691 4668; x_wconf 74' lang='grc' dir='ltr'>φησι,</span> <span class='ocrx_word' id='word_1_576' title='bbox 702 4596 743 4648; x_wconf 81' lang='grc' dir='ltr'><strong>καί</strong></span> <span class='ocrx_word' id='word_1_577' title='bbox 753 4595 778 4649; x_wconf 79' lang='grc' dir='ltr'><strong>τί</strong></span> <span class='ocrx_word' id='word_1_578' title='bbox 786 4601 836 4650; x_wconf 79' lang='grc' dir='ltr'>τῶν</span> <span class='ocrx_word' id='word_1_579' title='bbox 848 4596 926 4650; x_wconf 79' lang='grc' dir='ltr'>ὄντων</span> <span class='ocrx_word' id='word_1_580' title='bbox 975 4597 1019 4666; x_wconf 67' lang='grc' dir='ltr'>τὴν</span> <span class='ocrx_word' id='word_1_581' title='bbox 1035 4597 1112 4660; x_wconf 79' lang='grc' dir='ltr'>τάξιν·</span> <span class='ocrx_word' id='word_1_582' title='bbox 1123 4602 1199 4653; x_wconf 80' lang='grc' dir='ltr'>ταῦτα</span> <span class='ocrx_word' id='word_1_583' title='bbox 1209 4598 1257 4671; x_wconf 72' lang='grc' dir='ltr'><strong>γὰρ</strong></span> <span class='ocrx_word' id='word_1_584' title='bbox 1271 4599 1345 4652; x_wconf 59' lang='grc' dir='ltr'>καλώ·</span> <span class='ocrx_word' id='word_1_585' title='bbox 1356 4600 1405 4652; x_wconf 71' lang='grc' dir='ltr'>πᾶν</span> <span class='ocrx_word' id='word_1_586' title='bbox 1419 4597 1446 4652; x_wconf 74' lang='lat' dir='ltr'><strong>dl</strong></span> <span class='ocrx_word' id='word_1_587' title='bbox 1460 4599 1490 4652; x_wconf 73' lang='lat' dir='ltr'><strong>tl&gt;</strong></span> <span class='ocrx_word' id='word_1_588' title='bbox 1500 4600 1585 4665; x_wconf 68' lang='grc' dir='ltr'>καλὸν,</span> <span class='ocrx_word' id='word_1_589' title='bbox 1595 4599 1694 4673; x_wconf 69' lang='grc' dir='ltr'>ἀγαθόν.</span> 
     </span>
     <span class='ocr_line' id='line_1_46' title="bbox 151 4677 1750 4755; baseline -0.001 -15"><span class='ocrx_word' id='word_1_590' title='bbox 151 4685 266 4740; x_wconf 73' lang='grc' dir='ltr'>ιῧτιιιιτοι</span> <span class='ocrx_word' id='word_1_591' title='bbox 284 4682 404 4743; x_wconf 63' lang='lat' dir='ltr'><strong>wotos&lt;</strong></span> <span class='ocrx_word' id='word_1_592' title='bbox 420 4682 555 4752; x_wconf 74' lang='grc' dir='ltr'>διαρκοῦσι,</span> <span class='ocrx_word' id='word_1_593' title='bbox 572 4680 704 4752; x_wconf 80' lang='grc' dir='ltr'>λεγόμεναι</span> <span class='ocrx_word' id='word_1_594' title='bbox 718 4677 795 4751; x_wconf 73' lang='grc' dir='ltr'>φιλίαι</span> <span class='ocrx_word' id='word_1_595' title='bbox 819 4679 928 4733; x_wconf 74' lang='grc' dir='ltr'>καίτοι·</span> <span class='ocrx_word' id='word_1_596' title='bbox 1013 4680 1034 4754; x_wconf 63' lang='grc' dir='ltr'><strong>μ’</strong></span> <span class='ocrx_word' id='word_1_597' title='bbox 1047 4680 1144 4736; x_wconf 72' lang='lat' dir='ltr'><strong>Putre.</strong></span> <span class='ocrx_word' id='word_1_598' title='bbox 1165 4682 1262 4744; x_wconf 70' lang='grc' dir='ltr'>Διινοος</span> <span class='ocrx_word' id='word_1_599' title='bbox 1279 4684 1309 4734; x_wconf 79' lang='grc' dir='ltr'>ἂν</span> <span class='ocrx_word' id='word_1_600' title='bbox 1331 4685 1447 4755; x_wconf 78' lang='grc' dir='ltr'>παρεῖχεν</span> <span class='ocrx_word' id='word_1_601' title='bbox 1467 4681 1572 4754; x_wconf 79' lang='grc' dir='ltr'>ἔρωτας,</span> <span class='ocrx_word' id='word_1_602' title='bbox 1597 4683 1618 4736; x_wconf 89' lang='grc' dir='ltr'><strong>εί</strong></span> <span class='ocrx_word' id='word_1_603' title='bbox 1638 4689 1750 4739; x_wconf 79' lang='grc' dir='ltr'>τοιοῦτον</span> 
     </span>
     <span class='ocr_line' id='line_1_47' title="bbox 151 4758 1491 4837; baseline -0.003 -15"><span class='ocrx_word' id='word_1_604' title='bbox 151 4766 251 4823; x_wconf 62' lang='lat' dir='ltr'><strong>water.</strong></span> <span class='ocrx_word' id='word_1_605' title='bbox 462 4814 465 4819; x_wconf 91' lang='lat'><em>.</em></span> <span class='ocrx_word' id='word_1_606' title='bbox 978 4758 1063 4831; x_wconf 80' lang='grc' dir='ltr'>ίιιιιῆς</span> <span class='ocrx_word' id='word_1_607' title='bbox 1077 4761 1180 4818; x_wconf 76' lang='grc' dir='ltr'>εἴδωλον</span> <span class='ocrx_word' id='word_1_608' title='bbox 1187 4763 1319 4837; x_wconf 80' lang='grc' dir='ltr'>παρείχετο</span> <span class='ocrx_word' id='word_1_609' title='bbox 1334 4763 1367 4826; x_wconf 75' lang='grc' dir='ltr'><strong>είς</strong></span> <span class='ocrx_word' id='word_1_610' title='bbox 1376 4764 1430 4837; x_wconf 62' lang='grc' dir='ltr'>ἄψιν</span> <span class='ocrx_word' id='word_1_611' title='bbox 1444 4763 1491 4818; x_wconf 83' lang='grc' dir='ltr'>ίόν.</span> 
     </span>
     <span class='ocr_line' id='line_1_48' title="bbox 101 4843 1677 4921; baseline -0.003 -15"><span class='ocrx_word' id='word_1_612' title='bbox 101 4864 107 4870; x_wconf 86' lang='grc'><strong>”</strong></span> <span class='ocrx_word' id='word_1_613' title='bbox 194 4849 211 4905; x_wconf 87' lang='lat' dir='ltr'><em>b</em></span> <span class='ocrx_word' id='word_1_614' title='bbox 230 4850 324 4905; x_wconf 73' lang='grc' dir='ltr'>Λιιιιι.</span> <span class='ocrx_word' id='word_1_615' title='bbox 344 4846 426 4901; x_wconf 70' lang='grc' dir='ltr'>Καλὸν</span> <span class='ocrx_word' id='word_1_616' title='bbox 440 4845 466 4900; x_wconf 75' lang='lat' dir='ltr'><strong>dl</strong></span> <span class='ocrx_word' id='word_1_617' title='bbox 487 4847 526 4901; x_wconf 75' lang='grc' dir='ltr'><strong>ὅτι</strong></span> <span class='ocrx_word' id='word_1_618' title='bbox 544 4844 618 4908; x_wconf 69' lang='grc' dir='ltr'>αὐτὸς</span> <span class='ocrx_word' id='word_1_619' title='bbox 638 4851 682 4901; x_wconf 78' lang='grc' dir='ltr'><strong>τοῦ</strong></span> <span class='ocrx_word' id='word_1_620' title='bbox 696 4845 764 4918; x_wconf 68' lang='grc' dir='ltr'>μίσει</span> <span class='ocrx_word' id='word_1_621' title='bbox 778 4846 853 4900; x_wconf 82' lang='grc' dir='ltr'>σλίον</span> <span class='ocrx_word' id='word_1_622' title='bbox 866 4843 927 4912; x_wconf 71' lang='lat' dir='ltr'><strong>lael,</strong></span> <span class='ocrx_word' id='word_1_623' title='bbox 1012 4863 1033 4918; x_wconf 74' lang='lat' dir='ltr'><strong>q</strong></span> <span class='ocrx_word' id='word_1_624' title='bbox 1051 4848 1137 4903; x_wconf 72' lang='lat' dir='ltr'><strong>Cultu.</strong></span> <span class='ocrx_word' id='word_1_625' title='bbox 1157 4847 1207 4915; x_wconf 75' lang='grc' dir='ltr'>Τὴν</span> <span class='ocrx_word' id='word_1_626' title='bbox 1222 4846 1310 4919; x_wconf 70' lang='grc' dir='ltr'>ἀρετὴν</span> <span class='ocrx_word' id='word_1_627' title='bbox 1320 4848 1350 4902; x_wconf 76' lang='grc' dir='ltr'><strong>τὸ</strong></span> <span class='ocrx_word' id='word_1_628' title='bbox 1359 4848 1451 4910; x_wconf 83' lang='grc' dir='ltr'>κάλλος</span> <span class='ocrx_word' id='word_1_629' title='bbox 1464 4849 1594 4921; x_wconf 53' lang='lat' dir='ltr'><strong>vicwile</strong></span> <span class='ocrx_word' id='word_1_630' title='bbox 1606 4843 1677 4902; x_wconf 84' lang='grc' dir='ltr'>εἶναι.</span> 
     </span>
     <span class='ocr_line' id='line_1_49' title="bbox 151 4926 1750 5005; baseline 0.001 -18"><span class='ocrx_word' id='word_1_631' title='bbox 151 4932 359 5005; x_wconf 74' lang='grc' dir='ltr'>καίσίμμετρον.</span> <span class='ocrx_word' id='word_1_632' title='bbox 1013 4928 1138 4985; x_wconf 77' lang='grc' dir='ltr'>ΙιΡιιτο</span> <span class='ocrx_word' id='word_1_633' title='bbox 1159 4929 1189 4985; x_wconf 85' lang='lat' dir='ltr'><strong>in</strong></span> <span class='ocrx_word' id='word_1_634' title='bbox 1210 4929 1267 4986; x_wconf 82' lang='lat' dir='ltr'><strong>line</strong></span> <span class='ocrx_word' id='word_1_635' title='bbox 1281 4932 1374 5001; x_wconf 71' lang='lat' dir='ltr'><strong>Hipp.</strong></span> <span class='ocrx_word' id='word_1_636' title='bbox 1409 4928 1477 5002; x_wconf 84' lang='grc' dir='ltr'><strong>Ἐγὼ</strong></span> <span class='ocrx_word' id='word_1_637' title='bbox 1498 4926 1540 4982; x_wconf 72' lang='grc' dir='ltr'>οὖν</span> <span class='ocrx_word' id='word_1_638' title='bbox 1557 4950 1598 5003; x_wconf 89' lang='grc' dir='ltr'><strong>μοι</strong></span> <span class='ocrx_word' id='word_1_639' title='bbox 1624 4933 1708 4997; x_wconf 80' lang='grc' dir='ltr'>δοκῶ,</span> <span class='ocrx_word' id='word_1_640' title='bbox 1727 4928 1750 4988; x_wconf 78' lang='grc' dir='ltr'>ὧ</span> 
     </span>
     <span class='ocr_line' id='line_1_50' title="bbox 194 5005 1749 5087; baseline 0 -16"><span class='ocrx_word' id='word_1_641' title='bbox 194 5015 315 5071; x_wconf 76' lang='grc' dir='ltr'>οΒιειι.</span> <span class='ocrx_word' id='word_1_642' title='bbox 334 5012 403 5081; x_wconf 75' lang='grc' dir='ltr'>Καλὴ</span> <span class='ocrx_word' id='word_1_643' title='bbox 428 5011 471 5085; x_wconf 78' lang='grc' dir='ltr'>μὲν</span> <span class='ocrx_word' id='word_1_644' title='bbox 488 5005 531 5065; x_wconf 76' lang='lat' dir='ltr'><strong>elo</strong></span> <span class='ocrx_word' id='word_1_645' title='bbox 549 5015 618 5067; x_wconf 79' lang='grc' dir='ltr'>τιῖσα</span> <span class='ocrx_word' id='word_1_646' title='bbox 631 5012 695 5085; x_wconf 73' lang='grc' dir='ltr'><strong>ψσχὴ</strong></span> <span class='ocrx_word' id='word_1_647' title='bbox 716 5011 731 5080; x_wconf 73' lang='grc' dir='ltr'>ἡ</span> <span class='ocrx_word' id='word_1_648' title='bbox 750 5010 775 5065; x_wconf 76' lang='lat' dir='ltr'><strong>lv</strong></span> <span class='ocrx_word' id='word_1_649' title='bbox 794 5011 930 5085; x_wconf 74' lang='grc' dir='ltr'>συμμετρίᾳ</span> <span class='ocrx_word' id='word_1_650' title='bbox 982 5010 1232 5083; x_wconf 75' lang='grc' dir='ltr'>Ἱστιιία,ιίιρελτῖσθαι</span> <span class='ocrx_word' id='word_1_651' title='bbox 1254 5010 1303 5066; x_wconf 72' lang='lat' dir='ltr'><strong>dat</strong></span> <span class='ocrx_word' id='word_1_652' title='bbox 1321 5016 1364 5079; x_wconf 79' lang='grc' dir='ltr'><strong>τῆς</strong></span> <span class='ocrx_word' id='word_1_653' title='bbox 1378 5010 1522 5084; x_wconf 74' lang='grc' dir='ltr'>ἀμφοτέρων</span> <span class='ocrx_word' id='word_1_654' title='bbox 1548 5012 1619 5085; x_wconf 69' lang='grc' dir='ltr'>ἡμῶν</span> <span class='ocrx_word' id='word_1_655' title='bbox 1643 5014 1749 5087; x_wconf 80' lang='grc' dir='ltr'>ὁμιλίας.</span> 
     </span>
     <span class='ocr_line' id='line_1_51' title="bbox 153 5094 1750 5174; baseline -0.001 -19"><span class='ocrx_word' id='word_1_656' title='bbox 153 5105 209 5155; x_wconf 77' lang='grc' dir='ltr'>τῶν</span> <span class='ocrx_word' id='word_1_657' title='bbox 221 5097 318 5151; x_wconf 82' lang='grc' dir='ltr'>οίιείιον</span> <span class='ocrx_word' id='word_1_658' title='bbox 331 5097 457 5168; x_wconf 77' lang='grc' dir='ltr'>δυνάμεων</span> <span class='ocrx_word' id='word_1_659' title='bbox 464 5095 628 5168; x_wconf 69' lang='grc' dir='ltr'>θεωροομίνη.</span> <span class='ocrx_word' id='word_1_660' title='bbox 978 5096 1022 5165; x_wconf 78' lang='grc' dir='ltr'>τὴν</span> <span class='ocrx_word' id='word_1_661' title='bbox 1037 5094 1236 5174; x_wconf 71' lang='grc' dir='ltr'>γὰρταροιμίαν,</span> <span class='ocrx_word' id='word_1_662' title='bbox 1246 5096 1271 5159; x_wconf 81' lang='lat' dir='ltr'><strong>t,</strong></span> <span class='ocrx_word' id='word_1_663' title='bbox 1283 5096 1307 5150; x_wconf 87' lang='grc' dir='ltr'><strong>τί</strong></span> <span class='ocrx_word' id='word_1_664' title='bbox 1317 5114 1377 5150; x_wconf 83' lang='grc' dir='ltr'>ποτε</span> <span class='ocrx_word' id='word_1_665' title='bbox 1390 5095 1467 5168; x_wconf 77' lang='grc' dir='ltr'>λέγει,</span> <span class='ocrx_word' id='word_1_666' title='bbox 1481 5095 1520 5167; x_wconf 77' lang='grc' dir='ltr'><strong>τὸ,</strong></span> <span class='ocrx_word' id='word_1_667' title='bbox 1529 5097 1666 5167; x_wconf 61' lang='lat' dir='ltr'><strong>pelenda&amp;</strong></span> <span class='ocrx_word' id='word_1_668' title='bbox 1674 5100 1750 5164; x_wconf 77' lang='grc' dir='ltr'><strong>καλὰ,</strong></span> 
     </span>
     <span class='ocr_line' id='line_1_52' title="bbox 194 5176 1209 5260; baseline -0.007 -22"><span class='ocrx_word' id='word_1_669' title='bbox 194 5181 217 5238; x_wconf 78' lang='lat' dir='ltr'><strong>d</strong></span> <span class='ocrx_word' id='word_1_670' title='bbox 234 5180 314 5237; x_wconf 73' lang='lat' dir='ltr'><strong>Dios.</strong></span> <span class='ocrx_word' id='word_1_671' title='bbox 328 5180 427 5236; x_wconf 70' lang='lat' dir='ltr'><strong>[Inar.</strong></span> <span class='ocrx_word' id='word_1_672' title='bbox 441 5176 490 5235; x_wconf 86' lang='lat' dir='ltr'><strong>lib.</strong></span> <span class='ocrx_word' id='word_1_673' title='bbox 504 5178 565 5235; x_wconf 85' lang='lat' dir='ltr'><strong>VII.</strong></span> <span class='ocrx_word' id='word_1_674' title='bbox 584 5178 666 5232; x_wconf 77' lang='grc' dir='ltr'>ίίαλδν</span> <span class='ocrx_word' id='word_1_675' title='bbox 682 5178 718 5242; x_wconf 80' lang='grc' dir='ltr'><strong>δὲ,</strong></span> <span class='ocrx_word' id='word_1_676' title='bbox 734 5180 772 5233; x_wconf 77' lang='grc' dir='ltr'><strong>ὅτι</strong></span> <span class='ocrx_word' id='word_1_677' title='bbox 786 5179 930 5251; x_wconf 69' lang='grc' dir='ltr'>συμμέτρως</span> <span class='ocrx_word' id='word_1_678' title='bbox 979 5181 1098 5260; x_wconf 74' lang='grc' dir='ltr'>δοκῶμεν</span> <span class='ocrx_word' id='word_1_679' title='bbox 1112 5178 1209 5232; x_wconf 78' lang='grc' dir='ltr'>εἰδέναι.</span> 
     </span>
     <span class='ocr_line' id='line_1_53' title="bbox 154 5254 1753 5339; baseline -0.001 -21"><span class='ocrx_word' id='word_1_680' title='bbox 154 5263 280 5339; x_wconf 70' lang='grc' dir='ltr'>ίχειιιρδς</span> <span class='ocrx_word' id='word_1_681' title='bbox 293 5262 337 5331; x_wconf 70' lang='grc' dir='ltr'>τὴν</span> <span class='ocrx_word' id='word_1_682' title='bbox 348 5262 434 5316; x_wconf 76' lang='grc' dir='ltr'>ίωιτοΰ</span> <span class='ocrx_word' id='word_1_683' title='bbox 441 5261 537 5333; x_wconf 76' lang='grc' dir='ltr'>χρείαν</span> <span class='ocrx_word' id='word_1_684' title='bbox 1017 5272 1031 5328; x_wconf 69' lang='lat' dir='ltr'><strong>l</strong></span> <span class='ocrx_word' id='word_1_685' title='bbox 1048 5270 1158 5329; x_wconf 70' lang='lat' dir='ltr'><strong>Pateor·</strong></span> <span class='ocrx_word' id='word_1_686' title='bbox 1176 5261 1229 5313; x_wconf 79' lang='grc' dir='ltr'>ίίᾶν</span> <span class='ocrx_word' id='word_1_687' title='bbox 1246 5260 1288 5332; x_wconf 70' lang='grc' dir='ltr'>μὲν</span> <span class='ocrx_word' id='word_1_688' title='bbox 1304 5254 1347 5313; x_wconf 69' lang='grc' dir='ltr'>οἷον</span> <span class='ocrx_word' id='word_1_689' title='bbox 1361 5260 1437 5313; x_wconf 69' lang='grc' dir='ltr'>καλὸν</span> <span class='ocrx_word' id='word_1_690' title='bbox 1448 5259 1548 5332; x_wconf 67' lang='grc' dir='ltr'>ἀγαθόν·</span> <span class='ocrx_word' id='word_1_691' title='bbox 1560 5260 1646 5315; x_wconf 65' lang='lat' dir='ltr'><strong>odada</strong></span> <span class='ocrx_word' id='word_1_692' title='bbox 1655 5262 1681 5316; x_wconf 77' lang='grc' dir='ltr'><strong>δὲ</strong></span> <span class='ocrx_word' id='word_1_693' title='bbox 1696 5262 1753 5335; x_wconf 72' lang='grc' dir='ltr'><strong>ἀγα·</strong></span> 
     </span>
     <span class='ocr_line' id='line_1_54' title="bbox 981 5350 1125 5424; baseline 0 -14"><span class='ocrx_word' id='word_1_694' title='bbox 981 5350 1027 5412; x_wconf 68' lang='lat' dir='ltr'><strong>0qu</strong></span> <span class='ocrx_word' id='word_1_695' title='bbox 1037 5354 1125 5424; x_wconf 59' lang='grc' dir='ltr'>χαλίί·</span> 
     </span>
     <span class='ocr_line' id='line_1_55' title="bbox 186 5439 369 5493; baseline -0.011 -7"><span class='ocrx_word' id='word_1_696' title='bbox 186 5443 197 5486; x_wconf 88' lang='lat' dir='ltr'><strong>t</strong></span> <span class='ocrx_word' id='word_1_697' title='bbox 210 5441 255 5485; x_wconf 71' lang='lat' dir='ltr'><strong>(tic</strong></span> <span class='ocrx_word' id='word_1_698' title='bbox 268 5442 294 5485; x_wconf 75' lang='lat' dir='ltr'><strong>de</strong></span> <span class='ocrx_word' id='word_1_699' title='bbox 308 5439 369 5493; x_wconf 71' lang='lat' dir='ltr'><strong>ome.</strong></span> 
     </span>
    </p>
   </div>
   <div class='ocr_carea' id='block_1_4' title="bbox 0 0 2036 6204">
    <p class='ocr_par' dir='ltr' id='par_1_4' title="bbox 0 0 2036 6204">
     <span class='ocr_line' id='line_1_56' title="bbox 0 0 2036 6204; baseline 0 0"><span class='ocrx_word' id='word_1_700' title='bbox 0 0 2036 6204; x_wconf 95' lang='lat' dir='ltr'><strong> </strong></span> 
     </span>
    </p>
   </div>
  </div>
 </body>
</html>
