4096 6190
361 346 421 408 tec
875 344 1201 410 incommodabit
1222 346 1440 411 DOGMATUM

360 515 437 575 dum
470 514 635 575 existerent
670 511 723 591 qui
759 511 939 590 loquentem
975 511 1130 573 audirent.
1181 518 1289 574 octavo
1306 531 1314 573 ε
1330 512 1782 594 ubiupeoomeetptsodillerre
1794 512 1953 595 probaten

364 607 559 686 aPostquam
579 609 684 666 autem
703 603 846 684 producti
866 608 948 678 sunt,
970 602 1025 682 qui
1043 603 1131 684 opitl·
1181 605 1234 666 illo
1258 607 1324 687 lpse
1342 606 1409 667 loeo
1421 605 1567 674 hauhei.
1589 604 1699 687 Anpeti
1717 624 1824 667 earum
1843 623 1954 688 scarpo

360 715 428 761 cem
441 715 563 760 exvooe
577 696 726 759 deberent
737 700 915 775 agnoscere,
931 696 1019 773 eujus
1029 695 1133 756 invisi·
1181 697 1279 759 ot'derd
1291 708 1435 779 πρόσωπον,
1453 697 1485 758 id
1499 702 1545 758 est
1557 695 1665 778 facien
1678 697 1742 779 (sed
1756 714 1953 779 properabas

359 789 429 851 hilis
451 795 498 853 est
523 788 706 863 substantia,
730 794 805 848 tunc
832 787 1026 868 precedebat
1057 804 1128 856 vox,
1181 789 1322 870 sumpsit)
1342 789 1448 851 Patris
1467 790 1534 851 mei.
1553 790 1670 864 «Quod
1689 792 1725 865 si,
1739 791 1858 870 inquit,
1874 789 1953 853 idem

359 888 452 962 prout
465 884 529 944 Deo
547 882 649 943 risum
663 885 726 956 est;
742 894 821 960 opus
840 886 946 942 autem
960 896 1068 941 vocem
1086 887 1133 942 est
1181 887 1227 943 est
1239 890 1308 960 φύσις
1321 888 1352 943 et
1364 888 1510 963 πρόσωπον,
1528 898 1677 944 converso
1692 898 1841 943 sermone
1862 882 1950 943 dien:

358 980 535 1037 secutum‘.
560 996 576 1033 a
600 971 689 1047 Quod
711 971 865 1032 Theodori
892 971 1009 1033 dietim
1032 971 1133 1033 Philo·
1180 975 1291 1053 Angeli
1303 991 1413 1036 earum
1430 991 1553 1054 semper
1572 974 1679 1036 ridant
1693 979 1845 1036 nntnram
1861 974 1953 1036 Putris

357 1085 459 1147 ponus
468 1067 587 1129 irridet.
1180 1066 1243 1127 mei
1262 1067 1318 1147 qui
1339 1067 1373 1127 in
1392 1067 1476 1128 ecelis
1503 1071 1559 1127 est.
1586 1067 1680 1146 Atqu
1698 1066 1892 1147 impossibile
1911 1072 1953 1129 est

398 1161 438 1221 At
464 1158 592 1220 Basilius
628 1155 833 1219 seleuciensis
859 1154 998 1217 oratione
1031 1155 1132 1237 prima
1179 1159 1250 1235 hoc,
1266 1165 1297 1221 et
1310 1159 1519 1221 fleriomnina
1533 1178 1598 1221 non
1613 1164 1732 1240 potest3
1748 1160 1950 1240 quemadmo-

358 1252 592 1315 eamdemillum
605 1249 760 1311 Theodori
772 1247 1129 1330 sententiamapprobnt,
1179 1252 1257 1312 dum
1282 1254 1364 1313 Deus
1380 1252 1520 1313 Verbum
1539 1271 1597 1312 nos
1619 1253 1707 1313 docet
1724 1254 1769 1312 ita
1792 1253 1949 1333 loquens:

357 1350 389 1407 et
410 1344 449 1406 iis
467 1342 569 1406 verbis
589 1342 735 1422 exprimit
750 1360 758 1400 z
782 1360 797 1399 a
811 1340 891 1401 Nam
913 1340 987 1419 quia
1000 1339 1131 1403 infinitae
1178 1341 1275 1403 Deum
1289 1362 1371 1404 neno
1386 1343 1461 1405 uidet
1478 1362 1608 1424 unquam
1622 1358 1632 1403 .·
1649 1342 1838 1425 Untpmrtus,
1850 1346 1906 1426 qui
1914 1355 1951 1407 ert

357 1438 541 1518 angelorum
563 1434 778 1497 multitudines
803 1450 873 1512 que
894 1431 1011 1493 fiebant
1028 1433 1129 1494 intue-
1179 1432 1416 1506 triumuiris,
1430 1436 1491 1518 ipse
1498 1435 1660 1499 enarravit.
1674 1436 1947 1512 Porrocumdixit,

357 1530 489 1606 bantur3
513 1529 662 1592 tectorem
686 1532 792 1587 autem
818 1525 924 1585 videre
952 1542 1016 1585 uon
1043 1530 1129 1605 pote·
1179 1544 1273 1588 nemo
1293 1529 1391 1589 Deum
1409 1529 1496 1605 vidit,
1512 1546 1579 1589 non
1595 1527 1634 1589 de
1651 1527 1837 1589 hominibus
1855 1528 1948 1591 solnm

356 1628 443 1699 rent;
470 1620 507 1701 (si
533 1620 659 1702 quidem
687 1617 799 1680 divinoe
820 1622 940 1677 nature
960 1618 1131 1696 proprietas
1178 1618 1238 1680 hoc
1261 1619 1348 1697 dixit,
1372 1621 1425 1682 sed
1449 1621 1544 1682 etiam
1566 1621 1605 1681 de
1626 1621 1755 1700 angelis.
1776 1622 1825 1682 De
1845 1627 1948 1684 cetero

356 1714 420 1789 illa,
447 1720 483 1774 ut
508 1711 670 1774 invisibilis
692 1711 741 1786 sit,
763 1709 846 1790 ipsos
862 1708 955 1769 etiem
975 1708 1130 1787 angelicos
1178 1712 1949 1794 explicetAceplnlus,quitandemspdamPshis

356 1806 463 1868 oculos
479 1802 609 1885 excedit)
625 1803 737 1865 merito
756 1819 841 1862 nunc
862 1817 972 1862 vocem
988 1802 1127 1877 assumit,
1177 1803 1317 1865 videntes
1328 1805 1431 1884 angeli
1448 1811 1594 1867 naturam
1608 1823 1673 1867 non
1691 1806 1814 1883 vident,
1830 1809 1857 1868 si
1871 1806 1947 1870 iden
2035 1818 2036 1853 l

357 1916 426 1978 qrrae
440 1898 479 1960 ed
501 1912 638 1970 sensum,
652 1900 684 1956 et
697 1892 935 1955 admirationem
952 1892 1030 1971 ejus,
1046 1893 1128 1973 qnod
1178 1901 1234 1971 est,
1252 1903 1288 1958 ut
1305 1916 1360 1958 vos
1378 1897 1488 1973 dicitis,
1505 1902 1626 1972 natura,
1646 1898 1731 1978 qnod
1751 1908 1943 1979 redama»

356 1989 461 2059 fiebat,
476 1989 661 2069 angelorum
674 1993 763 2048 cetos
776 1983 975 2047 sedeone.»
1178 1989 1237 2064 Qui
1256 1989 1342 2051 lacus
1354 1990 1505 2053 Anestesii
1525 1990 1661 2070 proiecto
1677 1989 1834 2052 mirificus
1852 1996 1906 2066 est,
1919 2000 1947 2054 st

396 2080 574 2144 Anastasius
601 2097 675 2142 vero
703 2075 842 2141 Sinaita¹
867 2076 947 2137 libro
962 2077 1064 2157 primo
1095 2077 1129 2139 in
1178 2079 1212 2140 in
1226 2081 1332 2143 Graeeo
1343 2090 1477 2163 προσώπου
1491 2081 1618 2143 nomine
1632 2081 1781 2163 ambigue
1795 2084 1946 2146 mnilletn

355 2172 562 2238 Herenneran
571 2171 688 2241 scribit,
700 2169 842 2231 homines
851 2168 1129 2249 queminessentiu
1177 2178 1240 2234 tur.
1271 2175 1351 2236 Nam
1378 2185 1521 2256 πρόσοικον,
1550 2192 1612 2254 qne
1629 2174 1732 2236 differt
1751 2195 1771 2236 a
1791 2186 1872 2257 φαοπ,
1885 2194 1946 2258 per·

355 2284 421 2330 non
450 2266 609 2343 ridebant,
638 2282 696 2325 nec
722 2262 828 2323 ridere
859 2266 988 2342 possunt
1013 2263 1126 2343 angeli,
1177 2284 1276 2328 mnam
1307 2266 1479 2347 signiticat3
1514 2270 1547 2328 ot
1576 2267 1611 2327 in
1635 2267 1688 2328 illo
1706 2268 1848 2331 Martha?
1872 2269 1943 2343 ιω),
2036 2266 2037 2321 3

355 2359 441 2440 prius
469 2361 503 2420 in
525 2376 618 2420 mnne
642 2356 764 2417 melina.
793 2353 991 2430 «Homines,
1014 2354 1125 2435 inquit,
1176 2358 1295 2440 faeiem.
1329 2359 1399 2420 Non
1429 2363 1529 2439 potest
1553 2365 1658 2421 autem
1682 2358 1784 2421 rideri
1807 2379 1943 2441 persons,

355 2452 473 2531 angelis
493 2453 594 2512 Deum
614 2449 827 2522 ostenderunt,
842 2463 937 2526 quem
958 2446 1043 2525 prius
1063 2462 1128 2509 non
1177 2452 1254 2530 quin
1266 2456 1376 2512 natura
1387 2451 1538 2512 videntum.
1553 2452 1614 2513 Sed
1632 2456 1762 2532 apparet
1777 2452 1944 2535 inde,quld

353 2537 1127 2619 videbant.Mirueulaincomprehensibiliallieum
1176 2543 1354 2604 Anastasius
1388 2544 1427 2604 de
1459 2543 1542 2604 clere
1570 2549 1601 2605 et
1628 2545 1794 2625 perspicue
1827 2546 1881 2609 Dei
1904 2548 1944 2608 vi·

353 2651 447 2698 suum
467 2635 594 2716 hymnis
614 2632 822 2707 celebrabant,
845 2634 876 2690 et
895 2648 960 2690 non
981 2630 1129 2693 ridebant
1175 2635 1262 2697 sione
1285 2636 1432 2711 senserit3
1448 2654 1543 2715 quam
1572 2636 1699 2717 quidem
1721 2656 1798 2699 eum
1811 2639 1944 2719 ipsisan

353 2746 448 2808 quam
466 2726 673 2788 celebrabant.
689 2724 839 2787 Ferehant
862 2740 945 2797 eum,
961 2722 1016 2802 qui
1037 2725 1128 2785 vehe
1175 2727 1252 2806 gelis
1280 2728 1432 2806 detrahat,
1449 2727 1547 2789 multo
1560 2729 1665 2789 minus
1677 2729 1862 2791 hominibus
1874 2749 1941 2793 rnn-
2037 2748 2038 2809 ι

352 2819 455 2897 batur,
474 2819 602 2887 Throni,
625 2822 655 2879 et
676 2834 740 2878 non
759 2814 914 2893 videbant,
934 2831 1029 2894 quem
1046 2815 1126 2878 lere-
1175 2820 1309 2881 cesserit.

353 2912 439 2973 bant.
458 2911 648 2982 Adorabant,
668 2914 699 2969 et
718 2906 931 2987 glorificabant
946 2908 1076 2981 assidue,
1096 2916 1127 2971 et
1215 2912 1266 2973 lv.
1290 2915 1405 2974 Auctor
1432 2918 1581 2993 preterea
1604 2914 1744 2975 homine
1767 2914 1815 2978 De
1831 2917 1943 2978 οαιιοιιο

352 3004 431 3065 citra
442 3004 610 3076 silentium,
625 3020 678 3064 sex
693 3001 767 3073 elus,
784 3006 815 3061 et
828 2999 943 3061 multos
954 2999 1060 3061 oeulos
1073 3000 1126 3062 he·
1173 3003 1248 3065 sicto
1262 3004 1407 3086 Bepara,
1422 3023 1492 3084 quse
1504 3006 1662 3071 Athanasii
1676 3025 1796 3069 nornen
1811 3009 1940 3089 praelert,

352 3096 469 3171 henim,
491 3103 522 3158 et
542 3115 606 3158 non
624 3093 910 3156 animadvertebant
924 3111 1018 3172 quem
1036 3110 1126 3155 orna-
1173 3096 1311 3158 divinem
1329 3098 1439 3178 ipsam,
1453 3098 1535 3158 utin
1550 3117 1583 3159 se
1600 3104 1656 3167 est,
1675 3100 1843 3162 essentiam
1857 3121 1895 3164 ne
1906 3100 1941 3163 nb

352 3187 428 3250 baut
447 3188 602 3251 laudibus.
626 3187 725 3248 Flexis
744 3185 848 3265 itaque
868 3185 999 3264 genibus
1024 3187 1125 3266 cupie-
1172 3189 1301 3250 homine
1312 3189 1440 3269 quidem
1453 3190 1794 3273 Christomderiputnt.
1806 3194 1942 3255 Namilla

351 3280 438 3356 bant,
449 3281 604 3354 sitiebant,
616 3281 756 3352 orabunt,
766 3277 918 3358 supplices
926 3277 1125 3357 postulabunt
1173 3282 1275 3360 angeli
1305 3279 1401 3342 verba
1427 3282 1466 3342 ad
1490 3281 1613 3346 beatam
1639 3283 1815 3364 Virginem,
1849 3285 1941 3347 Virtus
2038 3312 2039 3329 ι

352 3373 456 3435 ridere
474 3392 557 3446 eum,
574 3372 628 3453 qui
646 3391 711 3434 non
728 3371 861 3444 videtur,
882 3370 1120 3449 aspiceremus,
1172 3372 1324 3434 Altissimi
1348 3372 1527 3435 obumbrabit
1550 3375 1607 3436 tibi
1616 3375 1639 3451 '‚
1668 3378 1842 3455 declarans,
1870 3378 1940 3440 rb't

352 3466 406 3544 qui
420 3484 484 3526 non
501 3466 581 3527 rudit
592 3464 650 3525 sub
664 3466 833 3544 aspectum,
845 3467 900 3523 eut
914 3461 1123 3525 etiamsolum
1173 3466 1246 3527 inde
1259 3466 1404 3541 formata,
1419 3466 1533 3545 inquit,
1548 3467 1653 3530 videre
1662 3476 1776 3549 posset,
1793 3474 1939 3551 quatenus

351 3563 501 3637 tanquam
511 3557 545 3617 in
559 3555 683 3637 speculo
698 3562 729 3617 et
740 3556 903 3635 eenigmnte
917 3555 950 3615 in
964 3573 1038 3616 eum
1052 3574 1124 3617 ocu·
1172 3562 1291 3639 poterat
1304 3559 1420 3634 videre,
1441 3558 1495 3639 qui
1514 3561 1548 3620 in
1566 3560 1632 3641 ejus
1649 3567 1740 3623 utero
1755 3562 1937 3643 gestabatur,

351 3649 397 3710 los
410 3649 555 3729 deligere,
567 3654 598 3709 et
611 3666 675 3709 non
687 3653 846 3728 poterunt;
860 3652 1026 3728 propterea
1038 3649 1123 3728 quod
1171 3650 1271 3730 speeie
1285 3656 1441 3712 carentem
1456 3651 1565 3714 Deum.
1582 3654 1651 3715 Non
1664 3654 1751 3716 enirn
1764 3657 1937 3717 existiman·

350 3742 390 3803 ed
403 3742 541 3805 divinam
551 3740 715 3802 essentiam
728 3740 970 3821 appropinquari
980 3756 1044 3801 non
1065 3758 1121 3820 po-
1171 3742 1325 3820 domest,
1347 3744 1518 3806 secundnm
1540 3746 1711 3826 simplicem
1736 3753 1858 3809 nataure
1874 3764 1938 3829 pro

350 3839 419 3907 test,
440 3852 543 3914 neque
556 3852 593 3895 ea
610 3838 711 3914 potest
723 3832 955 3912 comprehendi.
969 3854 986 3889 ο
1170 3836 1342 3916 prietatem,
1364 3838 1499 3918 potuisse
1524 3839 1684 3919 Virginem
1711 3841 1818 3903 videre
1845 3842 1936 3902 bem

390 3927 459 3989 Non
489 3927 594 3988 minus
627 3944 770 4006 expresse
794 3926 852 3985 istu
882 3930 955 3986 sunt
981 3924 1121 4004 ejusdem
1171 3928 1270 4004 illum,
1292 3930 1348 4010 qui
1364 3930 1399 3991 in
1416 3930 1483 4011 ipsa
1494 3931 1696 3994 habitaverat.
1713 3933 1781 3994 Hoc
1800 3934 1884 3995 enim
1899 3951 1937 3993 ne

349 4018 703 4098 Anastnsiiinlibro‚qui
714 4015 818 4098 Ὀοηγοτ
827 4017 1013 4094 inscribitur,
1022 4019 1122 4099 capite
1170 4019 1235 4099 ipsa
1248 4021 1374 4101 quidem
1383 4021 1530 4099 animata,
1545 4022 1714 4101 rationalis,
1728 4031 1761 4085 et
1768 4025 1936 4105 intelligere

384 4378 406 4417 a
423 4360 528 4418 Τιιεου.
545 4358 630 4415 Mors.
655 4356 730 4429 apud
756 4357 836 4413 Joan.
861 4354 966 4427 Philop.
989 4355 1060 4413 lihl
1081 4354 1119 4414 de
1166 4378 1231 4425 πον,
1247 4359 1396 4434 ἂντιατρέφω
1418 4360 1575 4434 τὴνφωνὴν,
1597 4364 1638 4417 καὶ
1656 4362 1733 4437 λέγω,
1748 4366 1935 4440 imolen&

347 4445 454 4503 Μιοιιιίἰ
467 4447 641 4512 treat.,cap.
657 4456 723 4497 xxii.
744 4439 805 4493 Ὅτι
818 4440 864 4512 γὰρ
882 4436 912 4508 ἦν
926 4440 1013 4493 λοιπὸν
1029 4439 1060 4494 τὰ
1074 4441 1117 4494 τὸν
1166 4440 1247 4498 αὐτῶν
1263 4443 1407 4506 διαπαντὸς
1426 4445 1543 4517 βλέπουσι
1561 4446 1606 4514 τὴν
1627 4447 1697 4517 φύσιν
1717 4453 1764 4502 τοῦ
1784 4451 1877 4521 πατρὸς
1889 4470 1934 4523 ραι

347 4527 495 4601 δημιουργὸν
517 4524 649 4597 ὀφείλοντα
668 4524 750 4597 μαθεῖν
772 4522 813 4576 διὰ
833 4527 877 4590 τῆς
897 4528 989 4594 φωνῆς,
1013 4522 1117 4596 ἀόρατον
1165 4532 1208 4580 τοῦ
1232 4524 1256 4579 ἐν
1275 4530 1326 4589 τοῖς
1348 4527 1469 4601 οὐρανοῖς.
1494 4528 1559 4582 ἀλλὰ
1582 4528 1629 4602 μὴν
1651 4528 1771 4584 ἀδύνατον
1793 4540 1879 4601 τοῦτο,
1895 4536 1934 4586 καὶ

347 4612 409 4665 ὄντα
422 4610 466 4678 τὴν
478 4609 579 4673 οὐσίαν,
603 4610 659 4662 τότε
680 4610 812 4680 προηγεῖτο
834 4605 877 4679 μὲν
896 4608 911 4675 ἡ
931 4605 998 4678 φωνὴ
1012 4606 1118 4661 κατὰτὸ
1164 4611 1291 4673 παντελῶς
1305 4609 1450 4684 ἀμήχανον,
1464 4612 1544 4674 καθὼς
1561 4611 1633 4675 οὗτος
1647 4612 1662 4665 b
1675 4613 1728 4676 θεὸς
1741 4616 1819 4686 λόγος
1832 4617 1933 4669 διδάσκοι

347 4695 434 4748 δοκοῦν
449 4698 486 4765 τῷ
500 4692 559 4764 θεῷ,
574 4691 657 4745 ιῖπιτο
671 4691 698 4745 dl
712 4695 742 4764 τῇ
756 4696 824 4764 φωνῇ
838 4691 868 4745 τὸ
883 4689 964 4762 ἔργον.
1163 4691 1229 4765 ἡμᾶς
1241 4694 1331 4765 λέγων·
1346 4694 1507 4748 inebriabi
1522 4694 1601 4760 οὐδεὶς
1616 4695 1709 4767 ἑώρακα
1717 4698 1934 4771 summipote-

385 4776 507 4833 bBlsu..
523 4777 635 4831 διανοοῦ.
660 4772 764 4841 Ἐπειδὴ
778 4773 825 4847 γὰρ
840 4773 896 4846 ἄρτι
910 4774 1052 4827 nimietati
1065 4781 1116 4829 τῶν
1164 4777 1234 4848 γενὴς
1248 4778 1263 4829 b
1276 4775 1404 4839 uitetur
1421 4775 1445 4831 ἓν
1460 4780 1514 4840 τοῖς
1535 4779 1636 4843 κόλποις
1652 4785 1697 4833 τοῦ
1717 4783 1824 4853 πατρὸς,
1848 4780 1934 4846 ἰκτῖνος

348 4860 459 4934 ἀγγέλων
481 4858 506 4912 αἱ
529 4858 643 4931 μυριάδες
665 4856 749 4930 ἐώρων
771 4855 814 4929 μὲν
836 4857 1012 4930 τὰφινοφιινα,
1032 4856 1115 4911 τονδὶ
1165 4857 1309 4931 ἐξηγήσατο.
1327 4858 1493 4915 stabiclis
1507 4861 1585 4924 οὺδτις
1607 4863 1663 4917 θεὸν
1687 4862 1812 4935 imputo,
1830 4864 1860 4917 nii
1882 4868 1933 4937 περὶ

346 4947 464 4999 ποιοῦντα
478 4942 575 5013 βλέπειν
587 4939 633 4994 οὐκ
641 4938 739 5013 ἴσχυον·
750 4939 888 5012 inspiciret
897 4939 944 5011 γὰρ
953 4940 993 4992 καὶ
1003 4937 1115 5013 ἀγγέλων
1164 4941 1296 5015 ἀνθρώπων
1318 4944 1393 5014 μόνον
1416 4947 1490 4999 τοῦτο
1512 4943 1624 5017 εἴρηκεν,
1649 4945 1714 5000 ἀλλὰ
1739 4948 1780 5000 καὶ
1808 4950 1864 5019 περὶ
1885 4955 1931 5003 τῶν

346 5027 485 5100 οφθαλρονς
509 5023 686 5091 ebrietates
708 5021 791 5087 edelar
814 5022 925 5078 ditesco·
952 5022 1051 5088 εἰκότως
1074 5027 1114 5078 νῦν
1163 5024 1283 5098 ἀγγέλων.
1300 5027 1392 5081 Λοιπὸν
1405 5028 1527 5100 hestrut
1546 5026 1681 5100 Ἀκέφαλος
1698 5036 1751 5094 πῶς
1764 5032 1932 5104 vespm

346 5110 527 5183 προαλαμοάνιι
541 5105 623 5181 φωνὴν
637 5106 697 5179 προς
712 5103 832 5174 αἴσθησιν,
847 5106 889 5159 καὶ
903 5106 984 5179 θαῦμα
997 5110 1041 5160 τοῦ
1050 5126 1117 5178 φινο·
1163 5114 1206 5163 τοῦ
1216 5109 1307 5182 πατρὸς
1320 5109 1345 5164 οἱ
1358 5110 1599 5183 indocilitatis<
1613 5110 1739 5183 τὴνφύσιν
1753 5112 1783 5168 οὔ
1793 5115 1930 5186 βλέπουσιν,

348 5194 420 5264 μόνον
434 5196 546 5247 κινοῦσαν
561 5197 611 5246 τῶν
626 5188 737 5262 ἀγγέλων
752 5190 808 5253 τοὺς
821 5191 923 5262 δήμους.
1164 5191 1186 5245 εἰ
1201 5191 1249 5263 ἄρα
1261 5192 1351 5247 ταύτόν
1365 5191 1427 5258 ἐστι,
1442 5194 1505 5247 καθὰ
1519 5197 1632 5266 ptume,
1647 5194 1664 5263 b
1679 5198 1759 5268 φύσις,
1774 5198 1815 5251 καὶ
1829 5200 1858 5252 rb
1870 5201 1930 5269 xpe

382 5291 396 5330 c
414 5274 510 5332 Adest.
525 5275 556 5330 in
574 5270 685 5344 Ὃδηγῷ.
697 5270 727 5326 El
739 5271 766 5326 tt
779 5270 867 5327 ταῦτὶιν
882 5274 950 5344 φύσις
964 5275 1004 5328 καὶ
1016 5276 1115 5345 πρόσω·
1163 5294 1256 5330 omme.

374 5519 382 5562 l
399 5516 461 5563 lom.
475 5517 482 5561 l
497 5516 598 5562 btttiotb.
611 5517 711 5563 Ραιινιν.
720 5537 748 5550 -
759 5517 773 5559 t
784 5519 834 5562 tuo.
849 5528 863 5559 ι.
