3956 6168
356 299 407 360 DE
426 300 501 409 DFp)
522 303 665 379 ufflouu
684 306 1033 384 rubrumiuruuo,
1055 306 1128 369 ulli.
1151 306 1189 383 V,
1211 305 1295 368 GAP.
1318 305 1371 367 ill.
1593 307 1652 366 siu

70 462 393 542 comportantem
416 464 500 544 ejus,
523 486 589 531 non
609 475 645 533 ut
664 488 734 537 eam
756 490 830 553 opa-
879 472 969 549 aao,
985 472 1213 535 hortationibus
1226 472 1353 553 paoem
1366 470 1654 550 solemniaco

69 560 166 630 fetus,
191 554 244 616 led
270 560 393 621 utnon
420 576 553 638 operans
577 580 666 641 eam,
696 564 832 645 optimus
879 566 1015 627 rioribus
1034 566 1146 627 avertit
1165 570 1197 627 et
1212 566 1253 627 ad
1269 564 1400 627 meliora
1418 563 1580 624 mavortii.
1596 564 1654 624 Ne

70 651 247 725 appareat.»
271 648 315 708 Aa
333 648 484 713 subinde:
503 653 565 713 ani
581 653 675 719 homo
694 675 759 718 non
778 657 834 719 ho·
881 677 1037 739 qumquam
1045 655 1654 720 tamennolentivimiacitutmeliorum

70 738 148 805 bem
169 738 234 817 ojus
254 741 395 823 nequitur
417 747 472 821 pot
491 749 639 824 mutem,
667 767 731 812 uon
754 756 834 812 esset
881 752 920 811 sit
934 752 1095 832 particeps,
1116 770 1157 813 ne
1171 750 1353 812 mnatitutos
1369 753 1490 809 naturae
1503 748 1654 810 terminos

70 848 156 910 penes
171 849 243 897 eum
261 832 369 913 tugano
387 851 468 897 eam.
486 858 502 893 a
528 837 623 905 item:
646 860 662 901 ο
682 840 717 901 ln
729 841 832 904 bomi-
881 842 1027 905 immutet
1039 852 1097 904 ν.»

70 922 153 985 nibus
171 922 290 989 bonum
313 944 352 989 ιιι
371 926 446 1006 fuga
462 928 537 991 moli
558 931 697 1010 primum
719 934 831 1011 exisfit,
922 936 1096 997 Dindoehus
1125 953 1249 1015 quoquo
1272 932 1412 995 Photices
1434 933 1597 1014 episeopus
1619 932 1654 999 in

70 1015 148 1095 orpus
161 1022 344 1097 potestatem
358 1037 480 1083 neeesse
499 1026 546 1083 ost
562 1040 627 1087 eoae
645 1024 675 1085 ei
693 1026 747 1105 qui
766 1026 835 1088 unilt
881 1026 961 1089 libro
979 1026 1015 1088 do
1027 1026 1209 1108 Persectsboe
1231 1024 1390 1108 spirituali
1398 1024 1410 1061 ¹
1422 1044 1432 1084 ι
1458 1047 1473 1083 α
1492 1025 1595 1087 Liberi
1608 1044 1655 1086 ar·

70 1126 128 1171 esso
149 1109 259 1187 bouus,
288 1117 324 1177 ut
349 1112 388 1177 sit
410 1132 505 1194 penes
527 1115 630 1195 ipsum
649 1136 715 1181 non
734 1118 834 1181 baara
881 1117 967 1180 bitrii
990 1124 1135 1199 potestas,
1165 1118 1280 1197 inqiut,
1311 1124 1357 1179 est
1379 1117 1522 1179 voluntas
1540 1117 1654 1179 anima
1762 1152 1767 1162 -

70 1202 188 1279 nuum,
210 1209 269 1269 otc.
300 1205 408 1285 Liquet
435 1206 529 1286 igitur
558 1208 744 1273 beneficium
768 1230 834 1275 esse
881 1211 1042 1273 rationalis
1062 1229 1133 1291 quaa
1156 1215 1298 1291 prompte
1317 1215 1461 1270 movetur
1482 1229 1545 1289 quo
1563 1209 1653 1286 velit,

70 1294 180 1359 homiui
201 1302 387 1377 potestatem
410 1300 596 1380 suscipiendi
620 1309 790 1383 paccatum,
814 1324 834 1367 a
882 1303 932 1365 eui
955 1303 1083 1383 quidem
1105 1309 1182 1363 tunc
1202 1301 1400 1363 suadebimus
1423 1307 1460 1364 ut
1481 1302 1521 1363 ad
1537 1302 1656 1363 bonnm

70 1405 125 1467 quo
144 1388 269 1468 quidam
288 1407 321 1450 se
343 1389 510 1467 abstinens,
534 1398 690 1472 spectetur
710 1401 741 1456 et
760 1414 832 1479 pro·
881 1400 1005 1457 tantum
1027 1399 1171 1476 prompta
1193 1394 1248 1470 sit,
1279 1412 1351 1455 cum
1376 1394 1569 1469 memoriam,
1582 1394 1657 1455 mali

71 1477 162 1556 hatur,
184 1487 215 1545 ot
232 1500 298 1543 non
320 1482 418 1547 aliter.
442 1482 552 1549 lbera
573 1486 668 1564 igitur
685 1493 834 1568 potestate
881 1486 971 1549 bonis
981 1487 1220 1567 captationibus
1229 1487 1523 1566 consumpserimus.
1535 1509 1550 1545 a
1564 1486 1658 1548 Vides

71 1571 181 1634 rutulis
201 1579 232 1635 at
252 1573 320 1635 vitii
344 1573 515 1641 honoratus
533 1580 580 1637 est
601 1576 696 1641 homo
717 1579 834 1643 babens
882 1581 1010 1642 uthans
1023 1580 1159 1641 hominis
1177 1579 1356 1640 facultatem
1368 1578 1521 1640 liherain
1539 1579 1658 1645 bonum
1754 1630 1759 1641 .

71 1670 173 1733 nature
185 1665 300 1735 horum
318 1667 528 1746 cognitionem
541 1687 612 1748 quae
629 1671 664 1731 in
680 1673 834 1735 aetianam
881 1672 1038 1734 malumve
1051 1672 1258 1753 propensione
1272 1671 1429 1735 metiatur.

71 1756 167 1825 tenire
190 1765 329 1839 possum.
355 1780 371 1816 ν
401 1760 439 1824 Et
465 1764 501 1821 ut
522 1766 629 1841 posteo
652 1762 831 1844 loquitur¹r
922 1764 1020 1825 Multo
1040 1764 1081 1825 ad
1102 1763 1245 1825 eamdem
1267 1764 1453 1824 mutantium
1474 1782 1617 1843 supressa
1628 1769 1659 1825 et
1683 1787 1765 1833 aar,
1787 1790 1828 1833 ss.

74 1850 256 1921 «Pacatum
270 1852 385 1917 taciens
398 1858 508 1932 sponte
521 1859 635 1933 peceat,
652 1861 688 1920 ut
701 1857 755 1937 qui
769 1876 834 1919 non
882 1855 1013 1917 illustria
1033 1855 1162 1917 Basilius
1175 1855 1264 1916 affert
1283 1854 1485 1916 seleuciensis
1499 1856 1660 1935 episcopua
1697 1841 1814 1887 ΝΜ·

72 1943 158 2020 posit
170 1943 257 2009 aliter
267 1945 429 2013 axvututa
443 1944 566 2024 degere,
582 1946 642 2009 nist
656 1966 834 2027 ponawum
882 1948 1022 2010 oratione
1044 1948 1182 2009 secundo
1204 1946 1239 2008 de
1256 1945 1381 2023 Adamo,
1399 1946 1558 2027 inquibus
1570 1947 1659 2008 liberi

72 2033 308 2101 staurarium
324 2054 460 2115 agero.»
483 2037 601 2111 Quibus
614 2056 654 2099 ex
669 2042 771 2102 verbis
785 2042 833 2102 in«
883 2039 1001 2101 arbitrii
1021 2045 1142 2120 partem
1165 2045 1341 2119 utramque,
1366 2057 1436 2118 quae
1456 2038 1660 2118 intelligentia

72 2144 155 2206 super
168 2128 275 2208 liquet,
289 2129 365 2208 quid
379 2129 418 2197 sie
431 2146 468 2191 eo
481 2130 680 2197 statuendum
698 2133 738 2194 sit
750 2134 835 2213 quod
883 2137 915 2194 at
936 2133 1095 2193 voluntate
1119 2132 1293 2193 continetur
1324 2137 1406 2192 recta
1435 2131 1478 2192 sic
1506 2131 1657 2210 explicata

72 2218 245 2297 pibusdam
259 2221 370 2302 plutei,
382 2226 564 2301 potestatem
574 2223 720 2302 peccandi
732 2244 835 2307 nequo
886 2246 902 2283 o
921 2225 1037 2287 Cetera
1061 2226 1155 2304 igitur
1177 2224 1359 2286 animalium
1386 2241 1502 2303 genera
1522 2224 1661 2284 formans

71 2310 233 2374 libertatem
243 2332 308 2375 esse
318 2331 420 2392 neque
432 2314 663 2393 perfectionem.
672 2316 835 2390 Quodesm
883 2319 1034 2395 conditor,
1057 2318 1194 2379 immotis
1214 2322 1336 2378 natura
1353 2316 1473 2396 legibus
1484 2315 1657 2385 adstrinxit,

71 2404 182 2479 tubum
195 2405 247 2466 illa
256 2406 324 2486 ipsa
334 2406 395 2491 Titi
404 2406 574 2492 Bostrensis
585 2408 681 2473 verbu
693 2409 836 2473 demons-
883 2429 985 2491 neque
995 2410 1129 2472 liberum
1140 2410 1220 2471 inest
1230 2409 1268 2470 iis
1278 2408 1440 2470 arbitrium
1454 2407 1661 2487 inutramquo

72 2500 155 2559 trant.
172 2497 233 2561 Etsi
250 2498 336 2561 euim
355 2498 502 2578 pecoaudi
523 2500 601 2561 aotio
623 2500 691 2581 ipsa
710 2519 775 2565 nou
796 2502 836 2565 sit
883 2508 1005 2583 partem
1028 2506 1213 2582 potestatem
1236 2519 1325 2562 suam
1347 2499 1505 2577 dividens,
1529 2518 1588 2560 noo
1609 2518 1659 2560 ra-

72 2589 224 2667 porteotio,
241 2590 341 2670 quabs
355 2596 448 2653 eatae
461 2608 556 2670 quum
569 2592 713 2655 moralem
731 2594 833 2657 nomi·
883 2595 978 2657 tionis
1002 2594 1182 2674 dijudicatio
1204 2593 1398 2673 agendorum
1418 2592 1572 2653 delectum
1585 2610 1662 2672 pon·
1697 2674 1702 2679 ι

72 2686 149 2759 nant,
164 2701 234 2762 quse
249 2681 357 2743 virtuti
367 2682 424 2745 soli
438 2701 473 2744 ac
486 2688 568 2747 recte
580 2682 666 2747 facus
678 2686 832 2765 convenit,
883 2687 1008 2765 darana,
1022 2688 1075 2749 aad
1089 2686 1182 2748 amul
1193 2686 1358 2765 imperavit
1372 2691 1494 2763 natura,
1508 2684 1548 2745 ad
1564 2703 1659 2764 agen-

72 2776 167 2849 tamen
189 2793 315 2855 pecome
337 2792 426 2854 posse
449 2776 513 2837 sive
535 2777 638 2855 potius
660 2776 835 2856 abjudicare
883 2777 1659 2857 <lumtestinat,noncuriosoimperiumexpendens.

72 2882 150 2943 poue
166 2872 337 2947 pacsanum,
358 2872 423 2931 tam
437 2873 483 2928 est
495 2867 645 2933 libertatis
658 2887 754 2948 quam
767 2889 836 2950 per·
884 2871 985 2933 Homo
1009 2890 1083 2932 vero
1101 2870 1221 2933 rabone
1242 2869 1389 2949 preditam
1410 2874 1441 2929 ei
1462 2868 1596 2947 eligendi
1618 2869 1662 2929 ta-

71 2956 208 3033 teotionis,
230 2964 324 3039 etque
347 2959 381 3023 iu
403 2959 487 3023 hunc
510 2960 607 3027 finem
623 2961 741 3023 uibuta
757 2967 835 3027 esta
884 2962 996 3024 oultmo
1007 2967 1136 3025 ornatus
1150 2966 1197 3022 est
1208 2979 1245 3022 ao
1257 2961 1356 3022 libano
1378 2959 1508 3021 arbitrio
1522 2959 1660 3040 resplen-

72 3049 127 3111 lleo
140 3050 236 3115 libero
249 3052 412 3131 utriusque
425 3051 553 3117 uacuus
573 3052 705 3129 bomini,
726 3073 766 3118 ne
780 3060 835 3118 uui
884 3054 956 3131 det,
985 3054 1081 3116 talem
1105 3052 1224 3115 hahens
1250 3052 1348 3114 animi
1377 3051 1563 3114 sententiam
1590 3070 1661 3130 quas

71 3141 158 3203 vitare
171 3148 330 3222 peecatum
345 3161 411 3204 non
430 3149 542 3224 posset,
564 3146 778 3211 autvirtutam
791 3146 835 3209 sio
883 3146 1000 3209 nullium
1028 3146 1182 3208 uoluntati
1212 3146 1323 3221 servit,
1357 3145 1407 3205 sui
1437 3143 1516 3223 juris
1541 3143 1662 3206 babens

71 3235 230 3297 casamo
244 3235 359 3301 coleret
370 3241 406 3305 ut
419 3237 516 3301 virtus
530 3221 595 3298 e'sse
609 3238 772 3303 domarat.
884 3239 1090 3320 propositum,
1102 3244 1133 3300 at
1146 3238 1340 3318 agendorum
1356 3236 1540 3301 electionem
1551 3256 1616 3318 praa
1628 3256 1661 3299 sa

10 3356 51 3393 aa.
105 3328 168 3393 Vll.
190 3328 409 3393 Theodoretus
426 3328 503 3390 item
532 3329 590 3390 sub
615 3329 741 3393 initium
763 3329 835 3393 libri
883 3330 1004 3409 ferens,
1031 3330 1081 3392 oui
1110 3331 1157 3391 vis
1188 3329 1292 3391 afferri
1324 3328 1412 3389 nulla
1438 3333 1549 3408 potest.
1581 3329 1662 3393 Hinc

72 3418 165 3497 pilati
179 3426 286 3487 contra
309 3422 451 3489 Graecosr
468 3421 598 3486 «Deum
617 3422 754 3501 quidem,
779 3422 833 3499 ait,
884 3423 1016 3487 alterum
1040 3423 1137 3503 eligit,
1162 3421 1296 3483 alterum
1309 3439 1366 3501 pro
1393 3439 1430 3481 eo
1451 3439 1487 3481 aa
1500 3419 1603 3481 visum
1615 3428 1663 3483 est

72 3513 304 3577 omnibusverbi
316 3512 365 3575 sui
380 3513 590 3593 doctrinaeque
604 3515 686 3579 rivos
703 3515 834 3577 incom-
881 3509 1022 3597 respuit,
1046 3533 1148 3577 unum
1176 3518 1352 3591 eversatur,
1377 3513 1511 3574 altanum
1530 3514 1663 3594 amplec-

71 3606 438 3686 amputandarum
456 3606 652 3669 audientium
667 3607 766 3672 ubera
783 3626 836 3669 ιω
882 3608 972 3673 titur.
984 3608 1016 3667 ὒν
1045 3609 1182 3688 Apparet
1201 3606 1236 3667 in
1257 3605 1307 3668 his
1328 3606 1431 3667 vorbis
1450 3610 1516 3667 tom
1531 3606 1663 3667 rationis

72 3694 179 3759 luntata
204 3698 272 3763 fiori
296 3703 334 3765 ut
355 3698 408 3763 ulii
434 3698 570 3767 sitientes
596 3699 753 3776 acuunt,
782 3700 835 3761 alii
880 3698 1034 3778 judicium
1060 3699 1145 3779 quod
1168 3718 1185 3761 a
1206 3698 1347 3778 pluribus
1368 3716 1469 3759 unum
1493 3698 1662 3778 quodpiam

72 3790 170 3866 procul
193 3791 349 3867 incedant,
369 3791 392 3855 ii
413 3791 556 3855 videlieet
576 3791 631 3871 qui
649 3792 690 3859 ud
711 3810 764 3858 eus
785 3810 836 3857 res
883 3792 1025 3869 secernit,
1041 3791 1316 3872 quamuoluntatis
1329 3791 1436 3852 electio
1450 3791 1664 3871 hooqnodest

71 3882 210 3959 optandas
223 3882 365 3951 animum
377 3902 443 3947 uou
462 3883 625 3951 uiducaant.
644 3884 686 3949 At
697 3883 835 3946 medicus
884 3885 1024 3945 oblatum
1036 3889 1146 3965 sponte
1161 3883 1346 3959 asciscentis,
1362 3883 1422 3944 hoc
1444 3888 1490 3943 est
1505 3883 1582 3944 citra
1596 3883 1661 3944 vim

72 3974 236 4045 animumn
253 3992 364 4039 eorum
381 3975 575 4043 voluntatem
588 3994 654 4041 nou
672 3976 764 4057 cogit.
781 3976 836 4056 qui
884 3996 920 4037 ac
932 3976 1157 4039 necessitatem.
1183 3975 1271 4050 Quod
1289 3975 1385 4035 etiam
1404 3975 1517 4036 AEnoas
1535 3976 1662 4036 Gazreus
1686 3983 1832 4053 mmm,

71 4068 251 4130 ouationem
266 4072 430 4147 respuunt.
447 4069 525 4133 Cum
538 4068 624 4133 enim
639 4067 719 4149 juris
736 4068 786 4135 sui
799 4088 836 4133 uo
883 4068 928 4130 ita
941 4069 1061 4144 definit,
1081 4067 1160 4131 «sui
1169 4067 1251 4145 juris
1264 4084 1330 4128 esse
1339 4066 1532 4128 voluntatem
1542 4067 1658 4145 dicens,

72 4157 209 4223 -ihortatis
232 4160 353 4225 ratione
380 4160 540 4241 praeditam
561 4166 705 4227 neumam
728 4161 834 4225 condi·
883 4179 953 4242 qurs
966 4178 1024 4241 pro
1036 4164 1185 4240 potestate
1196 4177 1332 4238 sursum,
1340 4160 1524 4222 deorsumve
1534 4162 1658 4237 transit,

1693 981 1814 1026 Diodoobo·

101 4376 308 4432 altisonum.
338 4374 402 4429 Πᾶσι
423 4373 472 4448 γὰρ
494 4376 547 4437 τοῖς
566 4373 721 4448 Ιρφοριῗσθαι
744 4375 833 4451 poulo·
882 4375 921 4428 aab
932 4374 990 4447 γίνη
1000 4373 1351 4447 διαπλάττωνὸδηριουργδς,
1361 4374 1447 4447 νόμους
1456 4370 1577 4442 ἀκινήτοις
1586 4372 1659 4443 ἔδησα

71 4457 144 4526 pirosa
157 4459 253 4533 πρσχίιι
280 4457 313 4512 τὰ
337 4458 444 4530 νάματα·
466 4457 532 4511 ἀλλὰ
552 4458 582 4512 ab
604 4464 655 4512 τῶν
670 4457 833 4531 ἀαροωρίνων
882 4457 983 4530 φόστωςν
1003 4458 1044 4512 sai
1057 4457 1197 4530 προαίρισις
1217 4455 1261 4510 οὖα
1281 4455 1346 4512 ἔστιν
1367 4456 1449 4521 αυτοῖς
1468 4454 1506 4510 ἔπ’
1526 4455 1600 4530 ἄμφω
1614 4457 1657 4526 τὴν

71 4538 200 4613 &stipator
213 4543 271 4604 ταις
291 4539 336 4613 μὲν
353 4541 471 4613 προσάγει
486 4540 626 4613 διψῶντας,
639 4543 696 4604 τους
708 4541 734 4597 u
747 4541 834 4615 πόρρω
882 4540 992 4605 ἐξουσίαν
1003 4541 1144 4614 ριρῐζσυσα·
1155 4540 1211 4595 otti
1219 4541 1339 4614 λοφιηισῦ
1349 4541 1467 4615 διάκρισις
1473 4543 1658 4613 ζυγοστατσΰσιι

70 4630 137 4693 ποιεῖ,
149 4626 217 4687 asor
231 4625 274 4679 rio
282 4625 370 4696 ἵμερον
383 4624 448 4697 ἔχειν
471 4624 561 4692 ἥκιστα
585 4626 763 4698 βουλομένους,
778 4625 793 4681 i
806 4626 833 4681 bi
882 4624 1238 4697 rocambarbaram·
1251 4622 1307 4679 ἀλλ’
1316 4623 1380 4697 δραι
1390 4642 1417 4677 τι
1425 4623 1517 4679 absiso
1528 4624 1606 4694 φύσις,
1616 4626 1657 4680 καὶ

70 4714 149 4774 τιτῶν
161 4709 244 4782 ψυχῶν
260 4707 344 4785 ἰατρὸς
352 4706 396 4777 τὴν
420 4713 470 4765 τῶν
495 4707 539 4767 obs
554 4706 687 4769 λθιλόντων
702 4709 832 4765 &alviso
882 4707 915 4771 εἰς
929 4708 1083 4779 cispitatico
1099 4706 1230 4780 ἐπείγεται,
1247 4706 1280 4781 μὴ
1291 4707 1531 4780 πολυπραγμονοῦσα
1539 4708 1569 4765 ab
1578 4710 1654 4781 πρόσ-

71 4790 272 4865 τῆςθερατιίαςοῦ
288 4791 397 4865 βιάζεται
410 4796 528 4869 γνώμην,
551 4791 720 4865 αὐτοκράτορα
731 4790 778 4865 γὰρ
792 4792 833 4853 καὶ
881 4811 973 4867 suppa·
996 4791 1122 4865 ἅνθρωπος
1140 4791 1166 4845 δὲ
1188 4792 1258 4868 λόγῳ
1280 4790 1419 4863 τετίμηται,
1443 4791 1484 4851 isal
1505 4792 1654 4864 προαιρέσει,

71 4868 262 4943 &uitiatori-ip
276 4873 378 4946 λογικὴν
393 4872 463 4945 ptari
478 4877 670 4948 δημιουργήσας,
678 4875 832 4947 παραινέσεσι
880 4879 1040 4948 κεκόσμηται,
1056 4876 1098 4928 καὶ
1108 4872 1255 4948 αὖτεξουσίῳ
1264 4876 1350 4949 γνώμῃ
1362 4874 1505 4946 ἀστράπτει,
1517 4875 1654 4946 βουλήματι

70 4951 120 5021 μὲν,
133 4959 170 5010 καὶ
182 4959 277 5031 νόμοις,
291 4958 332 5010 aul
346 4961 397 5011 τῶν
414 4957 533 5030 χειρόνων
548 4948 833 5032 auspicaretur&
880 4957 1021 5012 ἀδούλωτον
1039 4956 1105 5032 ἔχων
1120 4957 1150 5012 ab
1172 4960 1297 5031 φρόνημα,
1317 4957 1497 5012 αὖτοδέσποτον
1511 4955 1588 5033 ἔχων,
1609 4956 1653 5025 τὴν

70 5037 162 5107 κρείττω
169 5042 309 5121 προτρέπιι·
326 5038 511 5115 obstrepatur
525 5038 551 5094 bi
565 5040 598 5114 μὴ
614 5040 766 5113 βσυλομίνην
781 5046 832 5095 τῶν
880 5042 1009 5116 πρόθεσιν,
1030 5040 1146 5094 dilector
1166 5042 1258 5105 δεικνὺς
1274 5047 1325 5095 τῶν
1347 5040 1472 5114 πρακτέων
1491 5037 1535 5106 τὴν
1548 5038 1651 5113 αἵρεσιν·

71 5115 192 5190 ἆμινόνων
221 5124 387 5197 ραταλαχιῖν,
409 5122 453 5175 ἵνα
467 5122 500 5195 μὴ
521 5125 673 5196 παριαινήσῃ
688 5125 745 5185 τοὺς
760 5124 831 5196 ὅρους
872 5123 987 5179 4ἐντεῦθεν
1009 5123 1039 5177 ab
1058 5123 1101 5197 μὲν
1116 5121 1251 5196 luitprant,
1274 5124 1304 5178 ab
1318 5122 1345 5177 bt
1359 5123 1418 5196 πρὸς
1434 5122 1463 5176 ab
1476 5124 1651 5196 δοαοῦνπαρα-

71 5206 110 5268 *bt
121 5206 217 5275 piam
879 5208 1010 5282 πίρπεται·
1026 5207 1067 5260 καὶ
1084 5207 1114 5261 rb
1132 5206 1175 5278 μὲν
1185 5206 1372 5281 ἀποστρέφεται,
1387 5210 1424 5279 τῷ
1433 5204 1459 5259 ul
1468 5206 1633 5283 apocabatur.

103 5286 215 5347 bition..
230 5293 343 5348 θωνα.
362 5289 400 5344 Τὰ
420 5289 463 5363 μὲν
483 5284 527 5344 οὖν
546 5290 612 5344 ἄλλα
625 5295 675 5344 τῶν
689 5291 761 5353 ζώων
776 5289 831 5358 ἔθνη

95 5489 105 5533 t
119 5489 161 5540 lib.
175 5495 202 5541 ll.
218 5496 260 5541 ool.
271 5494 320 5541 rra.
332 5517 360 5530 -
370 5494 457 5540 biom.
471 5495 495 5541 V.
508 5494 613 5541 biblioth.
625 5493 725 5549 Parrum,
739 5506 760 5549 o,
774 5505 795 5547 ν.
