3942 6168
294 353 356 415 2l0
804 351 1132 415 Tflnotoatccsstttl
1153 350 1382 414 DOGMATUM.

295 517 413 581 nescire
424 522 531 579 mmen
543 516 618 597 quid
637 518 717 579 Deus
734 517 904 580 meandum
921 523 1066 580 neumam
1155 516 1208 578 Vi.
1231 516 1337 596 Neque
1351 534 1426 579 vero
1445 517 1552 597 cyrilli
1566 519 1633 581 hec
1647 522 1741 582 unius
1759 527 1874 584 enen·

295 611 344 688 sit,
359 610 413 672 sed
426 609 528 672 solum
541 628 724 689 cognoscem
734 629 873 673 noncsse
887 611 1062 673 neuma.»
1115 610 1223 685 tentia,
1247 609 1301 671 aed
1323 611 1465 672 omnium
1486 610 1550 672 fere
1571 619 1712 675 veterum
1735 616 1788 695 qui
1804 616 1875 678 Aac

295 702 443 766 Proeclarc
461 702 521 765 hoc
541 703 668 783 quidem
688 703 830 783 cyrillus,
851 722 890 765 en
909 723 972 784 quo
989 704 1067 766 illud
1115 720 1271 766 moeorum
1281 702 1345 765 sive
1359 703 1625 766 Eunomianomm
1638 708 1838 769 temeritatem
1852 716 1877 770 et

294 798 431 877 primum
440 796 571 858 efficitur
583 797 667 876 quod
681 796 812 875 probare
822 797 987 875 voluimus,
999 799 1067 859 nul-
1115 796 1284 857 amentiam
1303 795 1421 876 scriptis
1445 797 1507 856 suis
1530 794 1748 860 confiderunt:
1777 801 1828 862 Dei
1851 820 1876 864 se

293 889 357 951 lam
366 890 421 951 Dei
434 890 653 969 proprietatem
666 889 766 968 ipsam
785 889 852 968 ejus
866 890 1018 951 essentiam
1037 896 1068 953 et
1116 888 1280 950 essentiam
1293 887 1466 968 cujusmodi
1480 895 1526 949 est
1538 890 1573 949 in
1586 909 1617 951 se
1631 892 1877 972 comprehendere

293 991 323 1046 τὸ
337 990 362 1043 τί
374 994 405 1057 ῆν
429 984 492 1044 slva
525 981 715 1061 significare,
746 982 800 1044 aed
833 983 950 1062 aliquid
983 984 1067 1063 quod
1116 980 1316 1059 gloriantium
1336 998 1374 1041 ec
1394 981 1472 1059 ipso,
1498 982 1583 1061 quod
1605 982 1694 1045 illum
1716 984 1878 1063 ingenitum

292 1074 333 1136 ad
345 1074 432 1136 illam
445 1073 530 1135 velut
543 1074 733 1136 adhaeresoit.
746 1074 834 1149 Quod
843 1076 882 1137 de
895 1079 1068 1138 communi·
1116 1091 1182 1134 esse
1195 1073 1319 1147 scirem,
1331 1090 1393 1152 quo
1403 1072 1554 1134 vocabulo
1563 1079 1665 1136 totum
1672 1075 1731 1137 hoc
1740 1077 1878 1156 quidquid

293 1165 351 1228 bus
360 1168 468 1229 itidem
481 1167 633 1229 Maximus
642 1167 726 1247 apud
740 1169 945 1248 Euthymium
958 1170 1001 1231 sic
1014 1171 1068 1232 do
1116 1170 1162 1226 est
1185 1166 1266 1226 Deus
1292 1164 1444 1225 contineri
1470 1166 1631 1245 putabant.
1651 1168 1724 1243 Hcs,
1749 1168 1876 1248 inquam,

293 1256 381 1319 cet¹:
402 1259 591 1335 «Quadam,
606 1260 719 1339 inquit,
734 1260 848 1321 divinae
861 1267 982 1324 naanae
996 1282 1067 1325 acn-
1116 1257 1257 1320 catholici
1278 1257 1323 1319 illi
1345 1257 1508 1336 scriptores
1531 1259 1641 1321 eodem
1664 1279 1726 1341 quo
1748 1278 1821 1322 usus
1841 1269 1879 1323 est

292 1350 816 1431 gruentiasignificant,ncnautem
825 1353 1067 1435 indicantipsam
1116 1350 1248 1429 Cyrillus
1267 1355 1452 1429 argumento
1473 1350 1664 1427 refellebant,
1689 1360 1726 1414 ut
1750 1354 1876 1429 Basiliis,

292 1449 448 1520 nattuam,
464 1444 548 1523 quod
566 1444 693 1523 quidem
706 1443 950 1507 differentiarum
962 1466 1065 1510 essen-
1116 1444 1281 1522 Gregorius
1295 1449 1436 1521 uterque,
1452 1444 1660 1506 Nazianzenus
1675 1453 1706 1507 et
1723 1447 1876 1526 Nyssenas‚

292 1536 635 1598 tiamconstituentium
653 1538 938 1617 propriumcstt.»
1117 1536 1334 1612 Damascenus,
1350 1536 1550 1615 Augustinus,
1564 1537 1677 1617 aliique
1694 1538 1777 1600 bene
1789 1540 1877 1617 multi,

332 1630 413 1689 Tum
426 1647 499 1690 vero
514 1629 587 1690 novi
606 1630 766 1709 enjusdam
774 1633 1067 1710 argumentiansam
1116 1646 1194 1707 quos
1216 1629 1250 1688 in
1272 1628 1397 1708 propria
1413 1629 1560 1708 quamde
1579 1648 1616 1690 ec
1636 1632 1789 1692 vocabulo
1807 1633 1880 1692 imti-

292 1721 344 1782 ille
356 1723 421 1802 ipse
435 1722 521 1783 locus
534 1722 640 1802 Cyrilli
658 1724 842 1803 suppeditat.
864 1727 963 1800 Quam
982 1729 1066 1787 enim
1115 1726 1239 1781 tuemus
1261 1721 1468 1800 disputatione
1498 1720 1677 1783 referemus.
1699 1725 1766 1784 Hoc
1788 1730 1879 1786 auen

292 1815 422 1893 ingeniti
431 1815 653 1895 proprietatem
661 1823 755 1895 negat
764 1817 937 1896 significare
947 1819 1021 1898 pud
1028 1820 1066 1880 sit
1115 1815 1291 1887 comtitutc,
1317 1814 1360 1874 ita
1380 1814 1508 1874 demum
1528 1814 1793 1877 ratiocinahimur.
1808 1819 1880 1878 tium

293 1908 374 1968 Deus
408 1914 462 1968 aut
488 1907 555 1986 ejus
588 1915 674 1969 ουσίαν
710 1915 741 1969 et
767 1909 982 1987 substantiam,
1012 1913 1066 1973 sed
1115 1907 1217 1967 omnis
1239 1912 1351 1967 natura
1373 1925 1443 1985 quae
1467 1925 1505 1966 ex
1525 1924 1638 1984 genere
1662 1927 1697 1968 ac
1720 1909 1879 1971 differentia

291 2001 421 2061 modum
434 2001 651 2061 tautummodo
670 2006 702 2060 et
719 2002 806 2080 quasi
820 2002 1014 2065 affectionem
1027 2005 1064 2065 il·
1115 2000 1322 2078 componitur,
1338 1999 1380 2059 sic
1399 1999 1490 2077 objici
1509 2000 1688 2078 cogitationi
1707 2008 1821 2063 nostrae
1839 2004 1878 2062 in·

292 2091 365 2167 lius;
381 2110 450 2153 eam
468 2093 629 2171 dupliciter
647 2093 790 2172 usurpari
804 2094 918 2155 indicat
930 2097 947 2156 J
949 2114 1065 2158 oannes
1113 2091 1271 2170 telligique
1281 2110 1299 2152 a
1308 2091 1398 2152 nobis
1411 2090 1532 2167 debeat,
1548 2098 1584 2152 ut
1596 2093 1631 2152 in
1645 2112 1682 2154 ea
1695 2094 1810 2173 gradus
1821 2098 1878 2175 qni-

292 2185 507 2261 Damascenus,
522 2185 659 2265 primum
669 2203 705 2247 ea
718 2187 838 2246 ratione
852 2205 914 2266 qua
925 2190 983 2249 toti
996 2190 1063 2249 Tri·
1114 2182 1188 2244 dam
1201 2184 1396 2245 delineentur
1407 2183 1547 2244 essentiae
1561 2186 1648 2263 quasi
1661 2186 1808 2263 dntincd,
1817 2204 1881 2267 qno

291 2276 380 2338 nitati
397 2278 542 2338 convenit
561 2282 592 2337 et
610 2277 694 2338 idem
714 2284 760 2338 est
779 2279 863 2358 quod
881 2298 938 2339 noa
950 2280 1064 2360 sactum
1114 2293 1184 2335 rum
1206 2276 1285 2337 alius
1307 2278 1482 2337 communis
1502 2276 1541 2337 sit
1560 2294 1633 2337 cum
1645 2279 1764 2340 arctans
1786 2279 1881 2341 formis

291 2387 393 2449 neque
412 2377 553 2437 meatum,
575 2369 687 2430 deiude
703 2375 856 2447 quatenus
874 2389 939 2433 non
955 2379 1064 2434 natum
1114 2387 1191 2446 quas
1204 2369 1287 2430 idem
1305 2386 1405 2447 genus
1422 2368 1645 2448 complectittu,
1658 2371 1736 2431 alius
1749 2373 1880 2452 proprius

291 2479 392 2540 neque
405 2461 445 2522 ab
458 2461 518 2521 alio
537 2462 705 2540 procedens
718 2462 880 2539 significat,
895 2482 957 2543 quc
971 2468 1064 2528 modo
1114 2479 1176 2541 quo
1188 2462 1228 2522 ab
1239 2462 1299 2522 illis
1313 2479 1383 2540 quae
1398 2460 1455 2522 suh
1470 2462 1579 2523 eadem
1588 2469 1662 2524 sunt
1671 2466 1880 2526 communitate

292 2554 374 2614 Patri
394 2553 451 2614 soli
471 2554 624 2632 congruit.
651 2574 667 2611 ιι
689 2555 866 2634 Ingenitum
888 2557 984 2633 enim,
1009 2560 1062 2634 ait,
1114 2553 1215 2629 distat,
1231 2554 1380 2633 quoniam
1397 2555 1451 2615 Dei
1469 2560 1505 2615 ut
1522 2574 1541 2614 a
1556 2556 1647 2616 nobis
1662 2557 1780 2637 percipi
1793 2564 1881 2638 potest

291 2646 383 2706 unico
398 2663 421 2705 n
443 2647 548 2707 Graece
568 2645 717 2725 scriptum
733 2645 806 2727 (hoc
826 2654 931 2708 autem
950 2656 996 2710 est
1009 2659 1065 2732 ἀγί.
1113 2648 1256 2707 omnium
1269 2648 1302 2706 in
1316 2665 1353 2708 σο
1371 2647 1560 2708 confessione
1574 2648 1633 2709 situ
1645 2655 1692 2709 est
1710 2651 1839 2711 essentia
1851 2656 1880 2711 ut

290 2736 374 2819 νητον)
390 2755 455 2798 non
477 2736 593 2799 factum
615 2755 717 2819 neque
744 2745 882 2801 creatum
901 2740 1062 2820 significat,
1113 2738 1153 2799 sit
1169 2758 1219 2799 ens
1232 2759 1251 2799 α
1263 2739 1362 2820 serpso,
1385 2740 1444 2799 hcc
1462 2744 1508 2800 est
1526 2741 1645 2802 anullo
1664 2747 1814 2818 creatam
1833 2761 1879 2804 ne

290 2830 422 2891 Gemino
435 2835 541 2891 autem
554 2850 619 2891 non
641 2831 801 2911 scriptum,
819 2831 913 2913 (quod
926 2838 971 2893 est
991 2843 1062 2916 ἁγια-
1113 2849 1196 2892 oesse
1218 2837 1263 2893 est
1282 2832 1340 2892 hac
1362 2832 1396 2891 in
1419 2832 1599 2893 delinitione
1624 2839 1793 2915 utrumque
1814 2835 1881 2897 illud
1962 2910 1963 2915 ρ

289 2920 373 3003 νητον)
385 2940 442 2982 non
454 2930 556 2983 actum
570 2942 629 2985 neo
641 2942 681 2985 en
694 2924 754 2984 alio
771 2942 836 2985 esse
849 2925 1001 3005 significat
1009 2936 1031 2987 ⁰.
1045 2949 1060 2985 υ
1114 2923 1258 2985 inveniri.
1288 2925 1353 2985 Erit
1379 2925 1475 3003 igitur
1495 2934 1524 2987 τι
1538 2935 1566 2987 ιν
1588 2926 1652 2987 sive
1671 2945 1720 2988 ens
1744 2946 1848 3006 genus,
1864 2948 1879 2988 a
1962 2942 1963 2969 ί

290 3014 354 3075 Hac
362 3019 493 3095 utraque
507 3016 730 3095 significatione
743 3016 875 3096 Cyrlllus
893 3034 994 3097 neque
1014 3037 1065 3098 ge-
1114 3017 1204 3097 serpso
1217 3036 1292 3078 vero
1305 3035 1363 3078 esse
1377 3017 1560 3095 differentia,
1577 3036 1648 3097 qum
1667 3019 1730 3081 late
1749 3020 1879 3081 diffusam

290 3120 350 3166 nus
363 3125 464 3187 neque
478 3107 683 3169 differentiam
692 3109 841 3189 appellari
849 3110 1064 3190 patiturillam
1114 3126 1170 3188 per
1188 3110 1293 3170 omnia
1317 3127 1389 3188 quoe
1410 3116 1483 3170 sunt
1506 3112 1629 3190 generis
1653 3112 1879 3191 amplitudinem

289 3198 420 3277 ingeniti
439 3200 629 3261 notionem:
658 3201 786 3263 Modum
806 3202 891 3262 enim
915 3203 1066 3265 duntaxat
1114 3202 1155 3262 ad
1177 3220 1274 3263 unam
1297 3202 1383 3263 velut
1406 3203 1540 3281 speciem
1568 3204 1624 3265 Dei
1649 3205 1826 3284 restringat.
1846 3206 1880 3267 lt

290 3298 500 3368 assenattuae,
515 3293 600 3371 quod
614 3297 764 3372 tanqamm
777 3294 918 3354 accidens
935 3296 1064 3357 minime
1113 3300 1262 3355 neutrum
1288 3295 1417 3355 omnino
1442 3294 1502 3355 dici
1525 3313 1597 3356 vere
1622 3301 1734 3375 potest.
1764 3298 1825 3358 Nec
1846 3298 1879 3358 de
1961 3304 1962 3361 ξ

290 3383 460 3463 separabile
492 3384 593 3444 eidem
624 3384 833 3463 adjungimus.
858 3385 944 3447 ldcm
970 3380 1087 3467 porro¹
1113 3386 1220 3466 priori,
1238 3387 1297 3447 hcc
1316 3392 1363 3447 est
1376 3404 1502 3466 genere,
1527 3389 1713 3449 contendam
1731 3389 1790 3450 hcc
1808 3389 1877 3465 loco,
1961 3384 1962 3419 ί

290 3475 423 3555 Cyrillus
442 3476 477 3535 in
495 3475 617 3555 dialogo
638 3476 772 3538 secundo
791 3475 826 3538 de
853 3475 1010 3549 Trics'tate,
1030 3482 1064 3541 in
1113 3496 1228 3539 necea
1248 3478 1349 3538 dicam
1363 3497 1432 3557 quac
1450 3478 1484 3538 in
1503 3479 1614 3539 scholis
1633 3479 1878 3561 philosophorum

289 3566 343 3628 illa
355 3568 422 3647 ipsa
439 3567 565 3648 ingeniti
577 3569 763 3653 proprietate
780 3569 981 3648 demonstrat,
996 3573 1065 3634 nul·
1113 3571 1327 3632 vehementius
1350 3571 1507 3649 agitantia
1524 3580 1575 3634 :ct
1587 3581 1616 3632 ιν
1637 3590 1754 3652 vagum
1772 3580 1803 3635 et
1816 3592 1878 3635 con

289 3660 357 3721 lum
370 3676 403 3721 se
416 3676 515 3740 genus
529 3660 592 3721 Deo
610 3665 641 3722 et
660 3662 768 3723 creatis
785 3679 952 3724 commune
972 3665 1064 3726 rebus
1112 3663 1217 3724 dnum
1234 3662 1350 3741 aliquid
1360 3681 1436 3739 csse,
1455 3681 1556 3742 neque
1573 3664 1749 3726 distinctam
1770 3672 1802 3727 et
1818 3666 1877 3727 ido

290 3753 464 3814 admittere.
480 3754 603 3815 Etenim
616 3753 780 3835 ingenitam
802 3760 952 3834 tanquam
964 3775 1064 3836 genus
1113 3774 1206 3817 neam
1228 3755 1336 3834 generi
1357 3755 1572 3816 constituendo
1595 3756 1739 3817 notitiam
1768 3774 1875 3837 parcre.
1960 3784 1961 3791 ι

290 3864 330 3907 ax
342 3864 432 3927 [equo
446 3865 482 3909 ac
495 3845 635 3908 similiter
648 3847 687 3908 de
700 3848 839 3927 utrisque
857 3848 917 3910 dici
934 3867 999 3910 non
1008 3868 1063 3930 pa-
1113 3850 1227 3909 Demus
1235 3847 1322 3925 illud,
1334 3847 1385 3907 vel
1397 3847 1577 3909 omittamus
1592 3848 1695 3927 potius
1707 3865 1750 3909 an
1763 3851 1803 3911 sit
1817 3866 1879 3930 pro

289 3939 376 4014 titur,
392 3945 423 4000 et
440 3940 511 4001 idsi
531 3939 683 4019 quispiam
699 3947 824 4017 asserat,
840 3948 987 4002 extremae
1003 3943 1062 4002 im-
1113 3941 1180 4020 pria
1195 3957 1294 4019 genus
1309 3956 1460 4019 querere.
1476 3941 1520 4001 De
1536 3940 1634 4001 altera
1651 3946 1751 4020 parte,
1772 3941 1827 4003 hoc
1839 3946 1879 4002 est

289 4031 410 4112 pietatis
427 4034 509 4093 etin
527 4033 626 4094 Deum
639 4032 835 4094 contumeliae
858 4033 976 4095 crimen
999 4050 1063 4096 esse
1113 4033 1287 4095 differentia
1305 4033 1344 4093 sit
1366 4033 1467 4093 omnis
1491 4038 1596 4094 nostm
1616 4032 1879 4112 dispondaeus

289 4124 373 4186 dicit.
389 4126 477 4199 Quod
491 4130 596 4187 autem
605 4127 644 4187 dc
655 4126 794 4205 ingenito
803 4125 918 4201 scribit,
929 4127 1063 4205 idipsum
1112 4126 1207 4204 igitur
1218 4144 1282 4185 non
1296 4125 1380 4185 videt
1389 4143 1428 4185 ex
1440 4125 1567 4185 illorum
1575 4142 1653 4203 quos
1662 4126 1749 4205 attigi
1758 4142 1877 4188 consen·

289 4223 321 4278 et
346 4216 386 4278 de
403 4216 561 4297 qrdbusvis
582 4218 650 4278 aliis
676 4218 913 4297 proprietatibus
932 4219 1064 4298 intelligi
1112 4219 1199 4280 sione
1222 4223 1365 4279 veterum
1382 4217 1415 4278 id
1436 4217 1526 4294 effici,
1542 4221 1578 4277 ut
1597 4224 1717 4294 υοσωης
1736 4236 1774 4280 ca
1800 4217 1877 4279 diffe-

289 4308 366 4387 vult,
378 4328 512 4388 quarum
525 4309 667 4371 omnium
676 4326 742 4371 non
750 4310 904 4371 dissimilis
913 4316 959 4372 est
970 4311 1061 4372 ratio.
1112 4311 1213 4372 nentia
1226 4328 1290 4372 essa
1304 4315 1438 4390 nequeat
1456 4328 1475 4371 a
1495 4327 1603 4372 scassa
1625 4309 1828 4372 nonabalict
1847 4308 1877 4370 ld

326 4532 348 4573 a
367 4518 434 4574 Cin.
451 4516 496 4575 31.
517 4516 597 4575 Τίνας.
617 4514 668 4572 Οὔκ
679 4518 707 4572 ἂν
720 4514 758 4588 είη
777 4518 807 4574 τί)
819 4516 951 4591 ἀγέννητον
970 4516 1059 4584 odola,
1109 4523 1140 4593 τῇ
1159 4518 1231 4591 cteta
1249 4523 1293 4573 τοῦ
1312 4518 1367 4572 θεοῦ
1385 4518 1558 4590 σημαίνουσα,
1578 4517 1624 4571 οὖν
1642 4520 1671 4571 ds
1693 4516 1732 4587 αίη
1751 4519 1803 4573 καθ’
1818 4518 1876 4590 ipis

291 4599 320 4653 οὔ
332 4601 356 4655 τί
367 4599 418 4656 ίστι
429 4603 550 4673 σημαῖνον
569 4601 632 4656 κατὰ
650 4602 720 4675 ρίσιν
739 4603 806 4668 θεὸς,
819 4601 881 4655 ἀλλ’
898 4603 937 4656 dn
955 4603 1061 4656 τοιῶσδί
1110 4602 1191 4656 atate
1206 4601 1263 4655 τίδὲ
1274 4604 1359 4666 τοῦτο,
1373 4601 1387 4654 d
1400 4600 1471 4663 εἰδὼς
1484 4600 1522 4654 ὅτι
1534 4616 1579 4673 παρ
1592 4600 1709 4673 ἀγένητος
1721 4598 1784 4656 ίστιν
1795 4602 1808 4655 d
1818 4600 1874 4664 aa«,

292 4681 352 4748 ίστι,
364 4683 405 4737 καὶ
417 4685 500 4757 ὥσπιρ
519 4683 558 4740 tet
570 4693 620 4739 τῶν
639 4686 740 4751 ἄλλων,
760 4682 824 4740 ίδιον
843 4684 919 4739 αὐτοῦ
933 4686 1058 4758 τυγχάνει.
1111 4684 1180 4741 οὔπω
1190 4686 1214 4739 τί
1227 4683 1278 4739 ἐστι
1289 4683 1353 4737 αατίι
1366 4684 1436 4756 ρίσιν
1450 4682 1588 4738 ἐπίσταται·
1606 4683 1667 4737 ἀλλ’
1680 4685 1719 4739 ὅτι
1730 4686 1760 4740 τὸ
1773 4684 1874 4757 μηγινί·
1958 4700 1959 4763 γ

291 4767 357 4825 Mox
370 4785 377 4822 ι
391 4767 440 4834 Της
451 4765 535 4830 οὐσίας
547 4774 590 4823 τοῦ
602 4769 657 4822 θεοῦ
676 4770 705 4823 τίν
723 4769 854 4841 ἀγέννητον
876 4769 910 4830 ὡς
922 4768 1060 4841 ἀχώριστον
1111 4770 1166 4822 σθαι
1178 4768 1293 4840 προσίστι
1306 4772 1336 4841 τῇ
1349 4766 1422 4838 οὐσίᾳ
1435 4765 1522 4820 αὐτοῦ.

290 4852 661 4924 αατηγορηθησιται;ὥσπιρᾶν
680 4852 702 4906 ιί
718 4853 759 4906 καί
770 4852 935 4914 κατὰπαντὸς
947 4853 1062 4924 σώματος
1147 4852 1164 4906 ί)
1189 4852 1291 4907 Manias.
1316 4848 1376 4903 Τινὰ
1400 4850 1443 4923 μὲν
1468 4849 1516 4923 γὰρ
1539 4851 1665 4922 πρέποντα
1689 4854 1720 4924 τῇ
1742 4852 1793 4922 tela
1813 4850 1873 4921 pion

291 4940 392 5009 χρῶμα·
406 4933 468 4988 ἀλλ’
479 4934 524 4988 οὒκ
535 4933 561 4988 its
572 4941 621 4990 τῶν
634 4934 777 5009 ἀχωρίστους
787 4937 930 5008 προσόντων
943 4934 968 4987 αί
981 4934 1061 4988 οὐσίαι
1111 4935 1288 5005 σημαίνουσιν,
1301 4932 1347 4987 οὖν
1358 4932 1433 5001 σίντην
1446 4933 1491 5001 τὴν
1508 4933 1578 5005 φύσιν
1594 4933 1729 5004 μηνύουσι,
1750 4935 1805 5008 ὕπερ
1815 4931 1872 4987 ttae

291 5019 469 5086 νοηθησονται,
490 5017 550 5071 ἀλλ’
569 5015 592 5079 ἔξ
605 5013 640 5072 ὧν
654 5018 712 5072 τίσιν
732 5011 812 5072 αὗται·
826 5020 909 5091 ὥσπερ
921 5016 965 5070 οὖα
977 5017 1006 5069 ίίν
1026 5036 1062 5080 τις
1111 5024 1162 5071 τῶν
1175 5016 1301 5072 οὖσιιυδῶν
1316 5016 1357 5070 καί
1369 5022 1521 5070 συστατικῶν
1533 5017 1673 5088 διαριυρῶν.

293 5097 365 5168 ιίδείη
377 5098 419 5154 τὸν
431 5100 528 5165 κύκνον,
542 5103 598 5170 ἤτοι
609 5101 652 5170 τὴν
672 5103 746 5175 χιόνα
764 5100 788 5154 τί
800 5100 863 5155 κατὰ
874 5100 943 5173 ρίσιν
957 5098 1027 5165 είσ1ν,
1041 5099 1063 5152 εί
1149 5116 1163 5156 c
1180 5099 1259 5155 ίοιιι.
1276 5099 1400 5156 damasc
1417 5098 1438 5155 ί.
1456 5096 1493 5155 de
1511 5098 1594 5164 Fide,
1610 5115 1634 5153 c.
1652 5114 1691 5155 11.
1711 5096 1745 5152 'l'd
1765 5096 1871 5170 ἀγένητον

294 5181 365 5253 μάθοι
378 5183 453 5254 μόνον
466 5184 504 5237 dn
514 5184 588 5239 λευκὰ
599 5185 677 5239 ταῦτά
689 5180 764 5239 ἔστιν·
774 5182 802 5239 οὔ
814 5183 1016 5258 γὰρίγλευαότης
1030 5180 1063 5246 εἰς
1112 5180 1420 5256 δι’ίνίιςυγραρίμενον,
1433 5180 1463 5236 ιδ
1476 5182 1599 5246 declaras,
1612 5182 1667 5249 ητοι
1680 5182 1709 5236 rt
1723 5178 1868 5255 μὴνγτνίμι·
1957 5188 1958 5213 ί

293 5261 378 5316 οὒσίαν
389 5266 549 5333 νοηθησεται,
566 5266 631 5321 ἀλλά
642 5287 665 5322 τι
676 5274 726 5322 τῶν
738 5270 769 5341 τῇ
781 5266 853 5339 odola
871 5268 1014 5340 προσόντων
1025 5286 1032 5332 3
1046 5264 1062 5332 t,
1112 5284 1155 5319 νον
1168 5264 1290 5338 σημαίνει·
1305 5266 1335 5320 τί)
1346 5266 1373 5321 dt
1385 5262 1517 5338 ἆγίννητον
1530 5262 1571 5319 διὰ
1583 5271 1634 5319 τῶν
1651 5264 1696 5319 tta
1714 5283 1727 5318 ν
1740 5286 1752 5319 ν
1769 5262 1837 5333 δηλοῖ
1843 5260 1870 5314 τὺ

292 5342 375 5399 τοίνυν
387 5347 518 5420 ἂγίννητος
528 5349 608 5420 ριυνη,
621 5349 646 5403 ἕν
658 5369 682 5406 τι
693 5356 744 5405 τῶν
761 5350 904 5423 προσόντων
918 5347 1063 5422 ἀχωρίστους
1115 5348 1148 5420 μὴ
1162 5346 1284 5421 γεννηθέν.

320 5564 331 5606 t
344 5558 388 5609 τίι.
402 5560 432 5607 til
