3952 6170
332 306 391 366 ild
445 302 447 307 ’
834 296 1158 361 rflaonodtooauu
1181 296 1410 359 llOtillrlTUlI.

330 471 415 531 tione
437 482 537 548 pianes
555 468 602 528 ira
624 467 664 528 sit
683 465 858 547 puniendis.
889 465 975 525 Hauc
998 468 1103 523 sutem
1153 461 1281 523 adhibet
1298 462 1491 541 Augustinus
1505 460 1531 495 ¹⁰
1550 467 1583 523 et
1604 462 1771 540 Gregorius
1793 462 1902 541 linguas

330 576 430 642 pransa
444 560 694 622 comtitutionem
715 560 795 620 iram
815 557 990 637 nuncupari
1010 561 1102 635 atque
1152 555 1207 634 qui
1225 560 1307 616 recte
1325 553 1557 634 simplicitatem
1571 554 1626 615 Dei
1640 572 1764 615 causum
1778 574 1841 615 essa
1859 558 1901 621 aii.

329 670 394 714 esse
417 654 553 714 Ioannes
572 653 607 713 iu
628 652 794 731 Evangelio
818 650 951 711 ostendit
972 649 1099 710 dicens:
1153 664 1208 706 eur
1231 666 1289 708 nee
1312 648 1369 721 ua,
1387 666 1444 707 nec
1466 646 1532 708 ulla
1553 646 1675 708 allectio
1698 647 1761 707 alia
1782 647 1901 709 cadatin

330 744 423 808 Nots'o
435 745 616 826 viperarum,
633 745 700 826 quis
718 743 891 805 monstrauit
906 740 986 803 vobs
997 740 1102 822 sagae
1152 738 1252 800 Deum
1262 738 1298 800 ¹¹.
1313 740 1354 801 Ut
1362 740 1508 801 haeretico
1518 740 1641 800 Vorstio
1650 756 1706 820 per
1715 738 1903 800 muctisdmu

327 838 467 918 afuturo
480 836 591 898 iro¹iu
607 837 684 898 Vide
698 836 847 916 Cpr-illum
856 833 1102 896 Alexandrinum
1151 831 1221 893 illos
1248 834 1367 909 Patres,
1396 833 1460 893 imo
1488 850 1545 913 per
1573 833 1748 912 Scripturas
1777 833 1854 912 ipsas
1880 839 1903 893 et

327 930 428 1009 quiin
446 928 525 990 libro
544 931 653 1009 quinto
674 936 776 989 contro
794 928 950 990 lulianum
969 927 1102 987 ostendit
1151 925 1352 986 christianam
1370 925 1501 998 omnino
1519 925 1616 986 fldem
1633 932 1721 986 muto
1740 942 1805 986 ome
1817 926 1901 1001 lineet,

327 1022 591 1102 quemadmodum
609 1022 701 1097 selus,
724 1021 757 1082 id
777 1027 833 1095 est,
853 1018 1025 1100 indignatio
1045 1019 1100 1079 ad·
1149 1018 1373 1095 quivoiunute
1383 1019 1482 1079 Deum
1491 1017 1721 1080 immutabilem
1734 1034 1903 1098 msenegarc

327 1132 433 1175 versus
459 1120 633 1194 peccatores
661 1114 736 1175 citra
763 1113 905 1193 periectas
932 1111 1100 1173 divinitatis
1150 1127 1243 1171 ausus
1256 1118 1313 1187 est,
1329 1129 1428 1190 eoque
1446 1111 1580 1172 maxime
1599 1111 1683 1190 quod
1705 1112 1820 1172 «Deus
1835 1128 1903 1190 qua

326 1205 473 1286 injuriam
494 1207 593 1267 inesse
612 1207 675 1267 ileo
695 1222 787 1267 sama
801 1206 923 1266 Littera
936 1209 1098 1265 testentur.
1149 1202 1222 1263 dam
1239 1203 1274 1263 iu
1293 1210 1434 1283 tempore
1457 1205 1558 1284 reipsa
1576 1204 1643 1264 vult
1661 1220 1731 1284 qua
1750 1210 1902 1265 anteana

366 1299 560 1378 Augustinus
583 1317 658 1361 vero
686 1299 801 1378 purtim
825 1298 978 1359 ultionem
1000 1297 1100 1376 ipsam
1148 1293 1242 1355 luit.»
1255 1297 1322 1369 Quo
1332 1296 1674 1376 etillareferripossunt
1683 1296 1903 1376 quaeeriptum

325 1408 513 1471 poenamque
536 1408 602 1453 esse
622 1391 690 1452 vsrlt
713 1391 794 1451 iram
808 1391 876 1465 ilai,
893 1390 1008 1469 purtim
1018 1389 1101 1468 judi-
1149 1386 1333 1468 plerumque
1351 1393 1574 1449 commemorat
1591 1389 1630 1449 de
1649 1388 1705 1450 Dei
1723 1388 1901 1468 paenitentis,

325 1483 410 1545 oium
423 1483 572 1563 ejusdem.
585 1484 620 1543 In
634 1480 818 1543 Eucliridr‘o
829 1482 934 1542 erum:
954 1482 1025 1541 am
1038 1481 1097 1542 hu·
1149 1481 1383 1560 mutationeque
1393 1480 1524 1543 consilii.

325 1576 437 1652 manle,
455 1575 510 1653 ait,
531 1575 669 1636 motibus
686 1575 835 1635 uanslato
853 1573 1099 1649 vocabulario·
1188 1573 1249 1633 Sed
1267 1574 1326 1634 ieta
1344 1574 1500 1635 levissima
1517 1578 1591 1634 sunt
1608 1591 1645 1634 ao
1667 1573 1841 1654 perfacilem
1857 1572 1901 1633 bu·
1924 1602 1952 1652 p.

323 1666 406 1728 dicta
419 1668 487 1747 ejus
505 1684 576 1747 quaa
595 1667 722 1729 nonnisi
732 1668 818 1746 justa
835 1672 891 1743 est,
907 1668 963 1728 irae
982 1682 1098 1728 nomen
1147 1662 1223 1724 bant
1240 1666 1370 1726 exitum.
1387 1665 1434 1726 Ad
1448 1682 1543 1745 quem
1565 1665 1760 1746 aptissImum
1782 1664 1855 1726 illud
1866 1671 1902 1726 est
1915 1656 1950 1750 ,s

323 1760 442 1840 accepit
451 1760 473 1821 ⁸.
490 1780 506 1818 r
522 1762 560 1821 Et
572 1760 649 1821 alibi
666 1780 673 1820 :
688 1760 869 1833 «Quoniam
877 1758 1098 1839 difficillimum
1148 1755 1257 1817 Isidori
1269 1775 1306 1818 ex
1321 1777 1357 1819 eo
1367 1775 1461 1837 quem
1470 1758 1564 1837 paulo
1578 1763 1650 1819 ante
1664 1756 1899 1829 ciuvimusloco,

323 1858 369 1913 est
386 1858 422 1913 ut
435 1853 530 1914 homo
544 1853 663 1933 ailquid
676 1852 813 1914 vindicet
825 1852 893 1913 sine
907 1852 965 1928 ua,
981 1852 1098 1913 vindic
1146 1848 1200 1908 uhi
1220 1851 1360 1929 postilla
1378 1852 1416 1911 dc
1436 1851 1491 1911 Dei
1514 1850 1686 1927 iracundia,
1707 1851 1847 1913 universe
1867 1852 1901 1911 sie

322 1950 387 2006 tam
402 1945 456 2005 nei
471 1963 542 2024 quae
556 1946 624 2007 sine
638 1945 873 2025 perturbatione
888 1944 934 2019 iit,
950 1944 1031 2005 iram
1048 1950 1095 2003 ta·
1146 1943 1302 2003 concludit
1319 1963 1326 2003 :
1349 1965 1364 2001 u
1388 1945 1434 2003 Ita
1448 1962 1520 2022 ergo
1540 1943 1714 2027 intelligere
1732 1962 1809 2024 opus
1825 1949 1866 2004 est
1876 1950 1900 2003 et

322 2052 396 2101 men
408 2038 580 2098 vocandam
590 2035 843 2115 jndiosveruntt
860 2058 876 2094 o
898 2036 985 2098 idem
1002 2036 1097 2099 babet
1145 2033 1221 2094 alias
1234 2036 1392 2114 passiones
1401 2052 1478 2115 quas
1486 2036 1525 2097 de
1539 2034 1702 2096 mentone
1715 2036 1848 2096 humanu
1854 2035 1900 2096 du·

323 2129 491 2191 Eucherius
503 2129 585 2190 libro
598 2126 634 2191 cie
645 2128 1097 2211 Formuiisspiritaoiiaieieiii·
1145 2126 1187 2186 cit
1201 2127 1360 2207 Scriptura
1374 2128 1413 2189 ad
1429 2129 1537 2201 Deum,
1553 2134 1589 2188 ut
1603 2133 1634 2189 et
1647 2127 1737 2207 juxta
1756 2146 1788 2189 se
1801 2129 1900 2189 incon

319 2220 439 2301 gentica.
1145 2219 1305 2280 mortabilis
1322 2221 1558 2295 sitcredcndus,
1575 2225 1724 2282 ettamen
1742 2239 1799 2300 pro
1812 2238 1899 2281 misse

361 2313 401 2375 At
422 2313 457 2374 iu
479 2312 677 2375 enarratione
700 2312 811 2375 Psalmi
831 2313 960 2377 secundi
977 2314 1097 2392 Augus
1145 2329 1216 2371 rum
1230 2312 1390 2374 effectibus
1403 2319 1439 2373 ut
1452 2312 1786 2392 faciliusintelllgatur‚
1801 2319 1898 2373 nostre

320 2402 406 2466 tinus
428 2405 513 2466 idem
538 2406 654 2465 ciram
681 2411 711 2466 et
729 2406 868 2467 fauorem
891 2406 1017 2467 Domini
1040 2406 1096 2467 Dei
1144 2404 1311 2465 locutionis
1340 2411 1372 2465 et
1388 2406 1572 2467 mutationis
1594 2424 1709 2484 genere
1731 2404 1897 2485 appelletur.

320 2497 386 2558 vim
395 2514 460 2559 esse
474 2497 561 2573 dicit,
577 2497 816 2576 quujustissImo
830 2498 1094 2577 vindicatsubjec·
1145 2496 1223 2556 Tam
1232 2497 1399 2558 clementer
1410 2498 1490 2558 Deus
1499 2496 1646 2558 humanos
1661 2496 1833 2557 infirmitati
1840 2516 1899 2558 con-

321 2593 385 2650 taur
408 2590 469 2651 sihi
492 2590 532 2652 ad
551 2589 761 2650 ministerium
781 2590 960 2651 universam
978 2596 1096 2651 creatu·
1144 2589 1229 2665 sulit,
1254 2594 1291 2649 ut
1313 2590 1388 2668 quia
1406 2606 1480 2651 aum
1504 2590 1584 2651 sicut
1606 2594 1652 2650 est
1670 2609 1735 2650 non
1753 2606 1899 2670 possumus

320 2698 399 2742 ram.
415 2702 431 2740 n
450 2683 552 2744 item:
574 2702 590 2740 u
605 2682 654 2743 Ira
667 2683 723 2743 Dei
743 2688 790 2743 est
812 2686 916 2742 motus
938 2683 992 2762 qul
1011 2682 1047 2742 lit
1060 2683 1095 2743 in
1144 2698 1321 2759 agnoscere,
1346 2687 1460 2744 nostrae
1481 2682 1647 2743 locutionis
1670 2700 1758 2742 more
1780 2682 1898 2761 seipsum

319 2773 436 2851 anima,
457 2792 527 2854 quea
546 2775 650 2853 legem
667 2775 723 2836 Dei
743 2774 841 2849 norit,
863 2792 935 2835 eum
953 2775 1095 2835 eamdem
1143 2773 1291 2835 insinuet.
1323 2774 1411 2835 Unde
1439 2779 1470 2836 et
1498 2774 1711 2835 membrorum
1738 2780 1898 2835 nostrorum

319 2866 420 2946 Iegem
433 2867 518 2929 videt
536 2887 554 2927 a
572 2872 732 2946 peccatore
751 2867 917 2946 praeteriri.
939 2867 997 2927 Per
1010 2867 1094 2928 hunc
1143 2867 1325 2945 manuum
1342 2867 1457 2929 babere
1476 2867 1672 2943 describitur,
1688 2873 1720 2928 et
1737 2868 1898 2947 passionum

320 2960 406 3021 enirn
421 2966 543 3021 motum
553 2960 711 3039 justarum
724 2959 902 3021 animarum
911 2959 1010 3019 missta
1023 2959 1092 3019 vin-
1143 2958 1274 3037 indigua
1287 2959 1349 3019 dici
1363 2959 1401 3019 dc
1416 2978 1448 3020 se
1458 2960 1567 3037 voluit,
1579 2965 1734 3038 quatenus
1747 2960 1844 3019 adsue
1853 2976 1898 3039 per

318 3052 471 3116 dicentur.
484 3056 670 3133 Quanquam
679 3053 775 3134 possit
784 3053 832 3113 ira
842 3052 895 3113 [lei
910 3058 992 3114 reete
1004 3053 1095 3114 intel·
1142 3056 1247 3112 nostra
1261 3070 1318 3111 nos
1331 3051 1478 3128 traheret,
1494 3057 1525 3112 et
1539 3051 1615 3113 dum
1629 3052 1839 3113 condescendit
1850 3069 1897 3110 no

318 3144 374 3225 ligi
389 3147 484 3208 etiam
497 3147 565 3226 ipsa
579 3146 693 3207 mentis
707 3146 893 3220 obscuratio,
909 3162 979 3225 qua
990 3164 1094 3207 couse—
1142 3142 1201 3219 bis,
1217 3160 1474 3222 consurgeremus
1491 3145 1531 3205 ei.
1548 3166 1564 3201 s
1589 3145 1664 3218 Quae
1688 3162 1727 3205 ex
1741 3144 1897 3225 Augustino

318 3238 425 3317 quitur
444 3239 565 3317 eosqui
580 3240 682 3318 legem
700 3237 755 3299 Dei
773 3238 1088 3316 transgrediuntur.»
1142 3235 1293 3298 imitando
1308 3237 1440 3316 sumpsit
1454 3237 1599 3312 Isidorus,
1615 3237 1672 3315 qui
1691 3237 1816 3319 qrridem
1830 3237 1897 3297 han

319 3328 354 3389 In
368 3330 479 3409 quinto
503 3330 631 3393 decimo.
647 3349 722 3392 vero
735 3329 770 3391 de
790 3329 919 3391 Ciuitate
937 3331 995 3391 Dei
1012 3330 1093 3393 iram
1142 3328 1180 3388 de
1194 3329 1695 3410 affectibusbuuranispraesertim
1710 3328 1894 3409 paenitentia,

318 3421 374 3482 Dei
389 3423 434 3483 ait
451 3440 516 3483 esse
534 3444 550 3479 ι(
559 3422 726 3501 judicium,
742 3440 805 3501 quo
825 3422 981 3501 irrogatur
1000 3442 1093 3503 poena
1141 3421 1347 3498 quaestionem
1355 3421 1437 3483 inter
1451 3421 1608 3500 octoginta
1619 3426 1691 3495 tres,
1707 3422 1897 3482 secumdamet

317 3519 441 3593 peceato
462 3512 484 3574 ⁸.
520 3536 535 3571 o
571 3515 608 3574 Et
631 3514 707 3574 alibi
740 3536 756 3572 a
784 3518 968 3594 potestatem
993 3515 1093 3577 vindi·
1141 3512 1433 3593 quinquagesimam
1455 3514 1494 3574 ad
1518 3514 1661 3574 eumdem
1684 3514 1821 3574 dissoluit
1840 3528 1895 3573 mo·

316 3604 407 3665 eundi
424 3604 446 3667 ⁶.
468 3627 483 3663 o
507 3607 587 3666 Tum
609 3626 625 3663 o
648 3606 805 3667 rationem
820 3605 912 3684 justae
932 3607 1089 3684 vindictae,
1141 3603 1218 3664 dum
1230 3604 1264 3665 ¹⁸.
1281 3608 1318 3665 Et
1332 3606 1366 3665 in
1380 3606 1441 3666 ulio
1455 3606 1536 3666 libro
1545 3605 1629 3666 istud
1642 3605 1748 3685 ipsum
1761 3607 1798 3669 dc
1811 3604 1894 3685 perni-

316 3702 467 3777 tanquam
486 3698 511 3758 si
530 3698 581 3758 lex
599 3697 721 3758 dicotur
740 3697 842 3773 irasci,
864 3716 935 3759 oum
955 3699 1090 3760 ministri
1140 3697 1239 3757 tentia
1249 3697 1304 3758 Dei
1315 3699 1511 3777 percontanti
1522 3697 1724 3778 Simpliciano
1736 3696 1893 3778 respondet.

316 3787 382 3868 ejus
395 3789 566 3851 seeundum
576 3807 645 3850 eam
661 3790 978 3852 commotivindicant
988 3789 1010 3852 ⁸.
1027 3810 1042 3849 a
1141 3806 1242 3868 neque
1256 3790 1739 3871 praescientiampropriodicide
1754 3788 1894 3869 Morus

356 3880 449 3942 XVII.
471 3883 497 3943 Α
518 3900 581 3961 quo
600 3900 665 3943 nou
689 3882 806 3944 recedit
824 3882 961 3944 Isidorus
983 3884 1091 3963 Hispa-
1139 3880 1244 3943 futura
1259 3889 1421 3962 cognoscat
1436 3901 1508 3943 cum
1522 3882 1623 3945 sinici
1632 3884 1740 3944 omnia
1749 3880 1895 3963 prasentia

314 3973 408 4034 leusio
418 3974 473 4053 qui
483 3974 564 4035 bauo
574 3992 639 4035 esse
649 3974 725 4035 dicit
738 3974 940 4053 roeqiritatem
945 3974 1087 4053 justitiae,
1140 3988 1242 4052 neque
1256 3996 1271 4033 «
1280 3975 1315 4035 in
1325 3976 1431 4036 omnia
1443 3981 1610 4056 utcumque
1621 3976 1801 4054 prumiense
1813 3972 1894 4055 poeni-

314 4082 469 4144 quereus
496 4067 604 4147 punit,
630 4066 780 4146 quoniam
812 4066 896 4145 quod
919 4067 1090 4143 judicantis
1139 4067 1270 4128 tentiam
1284 4086 1348 4129 csse
1366 4087 1465 4148 posse.
1483 4069 1675 4148 Quapropter
1693 4068 1894 4146 cumiegimos

314 4176 440 4237 equum
450 4164 506 4233 est,
517 4159 604 4220 fruor
613 4166 659 4220 est
668 4165 700 4220 et
708 4158 882 4237 indignatio
892 4158 1084 4238 potientis⁷.a
1139 4156 1234 4219 etiam
1249 4161 1418 4221 Dominum
1431 4161 1596 4235 dicentem,
1613 4160 1747 4221 Paenitet
1760 4176 1817 4235 me,
1835 4174 1895 4219 oou

315 4249 402 4323 Quod
420 4252 574 4331 posterius
592 4251 728 4313 maxime
751 4252 906 4327 convenit,
929 4257 965 4311 ut
983 4252 1023 4311 sit
1041 4253 1089 4314 ira
1138 4250 1309 4313 sideramus
1326 4254 1403 4332 quid
1424 4253 1457 4313 id
1476 4270 1540 4314 cesse
1555 4252 1661 4313 soleat.
1678 4253 1715 4312 In
1731 4250 1894 4312 bominibus

314 4342 370 4405 Dei
383 4343 472 4421 quasi
485 4344 536 4404 Iex
554 4349 671 4405 aeterna
685 4360 755 4423 quae
775 4344 842 4404 siue
861 4343 926 4403 ullo
950 4351 1038 4405 motu
1057 4352 1089 4406 et
1138 4361 1217 4424 opus
1226 4345 1396 4423 poenitendi
1406 4352 1451 4405 est
1461 4343 1748 4426 cumproculdubio
1757 4342 1893 4424 reperitur

313 4434 424 4495 affectu
442 4452 550 4515 paenas
568 4437 698 4515 irrogat.
723 4457 739 4493 a
761 4435 856 4514 Cujus
873 4436 968 4497 etiam
988 4437 1087 4515 judici
1137 4436 1281 4498 voluntas
1294 4437 1448 4498 mutandi.
1462 4438 1521 4499 Sed
1536 4437 1708 4498 inhomine
1724 4434 1892 4497 cumdolore

312 4527 483 4587 sumendus
501 4533 547 4588 est
565 4528 700 4604 animno,
726 4525 1002 4607 obscaenaque
1022 4548 1087 4591 non
1137 4530 1235 4589 animi
1254 4535 1311 4606 est,
1331 4530 1532 4611 reprehendit
1550 4530 1636 4590 enirn
1656 4530 1690 4589 in
1710 4548 1743 4590 se
1761 4528 1835 4609 quod
1855 4532 1893 4586 te

313 4617 457 4679 irascitur
484 4619 539 4680 sed
560 4620 722 4681 constituit
736 4616 760 4679 ⁸.
791 4640 807 4677 u
839 4620 884 4679 Ita
908 4619 983 4681 novi
1006 4621 1086 4683 nibil
1137 4638 1222 4681 mere
1236 4621 1318 4682 fecit.
1335 4621 1520 4683 Auferamus
1538 4640 1610 4701 ergo
1628 4622 1688 4681 ista
1703 4639 1773 4701 qua
1794 4620 1828 4681 de
1842 4619 1893 4678 hu

312 4711 436 4771 accedet
449 4711 512 4772 Deo
526 4728 598 4772 cum
606 4710 697 4774 irasci
711 4710 826 4773 dicitur
840 4717 895 4771 aut
907 4711 1024 4789 ulcisci,
1038 4713 1086 4773 uti
1136 4729 1229 4774 mana
1247 4714 1429 4777 infirmitate
1447 4720 1541 4794 atque
1564 4714 1743 4794 ignorantia
1764 4712 1889 4775 vomunt.

312 4821 414 4884 neque
423 4820 495 4865 cum
504 4822 608 4864 creare
622 4810 677 4865 aut
688 4804 774 4865 aliud
793 4820 885 4883 agere
898 4803 1024 4865 dicitur.
1041 4804 1086 4867 Tu
1135 4810 1167 4865 ct
1179 4810 1340 4867 remaneat
1352 4807 1542 4868 solumvelle
1555 4812 1591 4867 ut
1603 4806 1724 4867 nonita
1736 4805 1776 4867 sit
1787 4800 1891 4881 mpii

311 4904 409 4958 oetan
418 4896 584 4957 dominator
592 4896 719 4970 uiuacis,
728 4897 771 4956 ait
778 4896 917 4976 Sapiens,
927 4914 992 4956 caea
1002 4904 1085 4958 trou-
1135 4899 1397 4976 quemadmodum
1411 4903 1487 4960 erat.
1500 4899 1550 4960 Sia
1563 4902 1664 4979 potest
1676 4895 1891 4977 auqusounon

310 4988 463 5068 quillitato
470 4987 593 5070 judicos
607 4995 635 5048 et
647 5006 713 5049 cum
726 5007 834 5069 mopiso
848 4988 1011 5049 reoemna'o
1022 4988 1083 5049 dis·
1134 4989 1274 5051 intimari
1284 4990 1892 5070 mentionees,q11areguluintclligaou

309 5081 397 5159 ponis
406 5081 569 5149 noscebat
583 5081 662 5141 enirn
672 5079 730 5141 tibi
736 5099 801 5141 cum
816 5080 954 5149 uolueris
970 5079 1080 5162 posse⁰‚
1109 5071 1111 5074 Α
1133 5083 1218 5161 quod
1230 5083 1362 5162 poenitet
1373 5085 1483 5145 Deum.
1500 5084 1579 5143 Cum
1592 5084 1678 5144 enirn
1692 5084 1833 5164 paenitere
1845 5077 1889 5138 di·

311 5171 399 5245 Quod
412 5172 846 5259 sapientiaetestimoniumad
860 5173 1002 5234 eamdem
1015 5190 1083 5237 rem
1133 5175 1224 5250 citur,
1241 5176 1308 5235 vult
1326 5194 1390 5235 non
1412 5193 1476 5236 esse
1495 5174 1626 5255 ailquid,
1641 5176 1722 5237 deut
1737 5176 1840 5237 iacent
1857 5176 1890 5229 ut

340 5384 349 5427 I
364 5383 440 5429 flattu.
454 5386 543 5430 rra-2
555 5387 606 5442 Gap.
619 5386 744 5431 mira-³
754 5386 816 5430 I'oru.
831 5386 865 5430 Ii.
879 5385 918 5430 liu.
934 5386 1044 5431 LXXXIII.
1059 5389 1138 5443 Quart.
1150 5388 1184 5432 52.
1197 5395 1219 5432 et
1231 5387 1272 5432 lib.
1286 5389 1313 5432 II.
1327 5391 1387 5435 coru.
1400 5389 1485 5435 adsere
1498 5391 1540 5445 leo.
1553 5402 1601 5446 cup.
1615 5383 1887 5448 11.-I(2ap.m.-51¹¹

312 5448 394 5493 Ptoios.
407 5448 496 5493 ιιι-6
508 5448 532 5492 lu
550 5448 611 5493 Psoi.
628 5449 759 5491 urrisu-A
774 5446 822 5491 Lib.
839 5446 856 5491 I.
876 5450 936 5492 seut.
955 5460 1003 5503 cop.
1020 5446 1097 5493 s.-8
1113 5450 1160 5494 lib.
1179 5450 1196 5494 I.
1213 5451 1240 5495 ds
1257 5450 1298 5495 Iro.
1318 5464 1365 5506 esp,
1383 5453 1475 5496 ree-o
1487 5452 1537 5507 dap.
1556 5464 1593 5496 ιιι.
1612 5452 1707 5498 Ia-ro
1719 5454 1742 5497 is
1757 5448 1810 5497 Μ
1826 5458 1884 5490 ¹¹·-

310 5510 332 5553 Η
348 5511 424 5554 Mardi.
438 5507 477 5553 lit.
492 5510 538 5554 xii.
553 5522 571 5553 o.
586 5510 694 5553 ιιι-19
706 5509 752 5553 Lib.
767 5509 877 5553 lxxxiii.
892 5511 970 5564 stimet.
984 5522 1005 5564 q.
1018 5511 1051 5555 ὅθ.
