3956 6168
322 337 373 397 DE
397 338 472 399 nlo
497 338 640 412 DEIQUE
661 338 1001 412 PROPRIETATIBUS,
1024 337 1095 398 LIB.
1118 336 1157 413 V,
1179 336 1263 397 CAP.
1285 336 1323 395 V.
1569 334 1628 393 tro

32 552 36 561 .
94 501 228 576 Quocirca
236 501 408 563 stultissimi
422 503 566 564 omnium
578 504 715 565 habendi
724 509 808 580 sunt,
859 504 939 564 tium
966 508 1087 564 tomum
1114 502 1186 563 libui
1198 502 1290 582 primi
1313 499 1476 579 congessit.
1493 500 1555 560 hut
1575 499 1630 578 qui

17 564 43 649 ἶ
60 594 106 673 qui
127 595 218 655 berun
235 593 352 674 aliquid
369 614 436 655 uon
463 613 551 675 posse
578 597 725 671 sentiunt,
744 614 809 657 non
858 597 1014 657 mundum
1028 615 1092 657 non
1105 596 1145 655 ab
1159 613 1282 656 summo
1294 612 1329 655 ac
1339 598 1529 674 praepotente
1552 610 1628 653 con·

17 670 146 755 ¹iisolum
173 685 226 764 qui
256 685 459 747 christianum
495 692 662 767 utcumque
691 706 808 749 nomen
858 687 958 748 ditum
973 689 1047 764 Deo,
1063 687 1167 748 sedah
1189 686 1324 765 Angelis,
1349 684 1402 745 illo
1423 685 1517 746 etiam
1530 684 1629 744 invito

61 776 216 857 proferunt,
231 779 446 839 verumetiam
460 780 587 857 ethnici,
600 781 653 841 sed
666 781 712 841 illi
725 799 809 842 eum-
857 780 906 839 vel
928 780 1024 841 inscio
1049 780 1219 853 tinxerunt,
1244 783 1280 837 ut
1301 776 1503 838 Saturniliani
1524 781 1555 836 et
1576 774 1629 835 olii

60 870 159 948 primis.
175 869 293 947 Quales,
310 875 346 930 ut
363 872 494 951 apoetis
507 872 646 952 fictisque
670 880 809 935 narrato·
858 872 912 950 qui
930 872 963 931 in
985 877 1071 931 tomo
1097 871 1232 932 secundo
1261 869 1332 929 libri
1346 868 1485 946 ejusdem
1507 867 1546 928 ab
1561 867 1630 946 Epi·

58 962 130 1022 ribus
149 962 298 1039 recedam,
314 962 490 1044 philosophi
512 965 639 1044 quidam
667 967 806 1041 extitere,
857 964 972 1043 phanio
986 969 1211 1024 memorantur.

58 1072 173 1132 quorum
193 1053 286 1114 etiam
301 1061 484 1134 argumenta
502 1065 611 1117 contra
629 1058 683 1119 liei
706 1058 807 1119 omni-
897 1056 977 1116 Nam
990 1056 1042 1115 isti
1053 1073 1161 1116 omnes
1172 1073 1235 1134 qua
1244 1054 1297 1133 jus
1307 1059 1338 1114 et
1345 1052 1569 1133 potestatemin
1580 1070 1630 1112 res

58 1147 207 1225 potentiam
234 1146 329 1207 refert
356 1148 536 1208 Plutarchus
562 1169 627 1210 non
650 1151 757 1231 utique
770 1170 809 1211 ex
858 1164 966 1208 omnes
980 1148 1122 1208 adimunt
1143 1149 1217 1223 Deo,
1234 1165 1296 1226 qua
1315 1147 1380 1207 vim
1403 1151 1433 1206 et
1452 1145 1629 1206 facultatem

59 1237 184 1317 Etnipida
209 1238 368 1318 sumpta¹,
394 1244 428 1300 ut
450 1241 579 1320 quidam
604 1242 806 1319 arbitrantur,
857 1241 1052 1318 procreandi.
1086 1261 1101 1297 a
1127 1238 1234 1300 Gonati
1257 1244 1342 1313 sunt,
1367 1239 1410 1299 ait
1424 1238 1627 1317 Augustinus,

57 1329 142 1389 sodex
150 1348 345 1413 quocumque
359 1332 420 1391 alio
436 1332 581 1393 atheismi
599 1339 741 1414 patrono,
758 1355 810 1396 cu·
858 1332 984 1409 quidem
1006 1332 1192 1411 persuadere
1216 1332 1314 1392 Deum
1339 1336 1460 1409 patrem
1482 1348 1548 1391 non
1564 1349 1629 1391 esse

54 1420 170 1498 jusmodi
180 1429 208 1483 et
214 1424 334 1483 Plinius
343 1422 401 1483 init
410 1422 433 1499 ³,
452 1424 506 1503 qui
519 1425 628 1486 iisdem
637 1427 809 1489 rationibus
859 1424 1115 1503 omnipotentem,
1131 1442 1197 1483 non
1204 1423 1341 1502 quiahoc
1351 1422 1452 1482 dicere
1465 1422 1532 1482 ausi
1544 1427 1628 1496 sunt,

58 1512 176 1574 diuinam
188 1515 449 1594 omnipotentiam
465 1524 635 1595 oppugnat,
653 1506 807 1580 sedlevis-
858 1513 912 1573 sed
936 1515 970 1574 in
994 1516 1058 1576 suis
1070 1514 1287 1576 traditionibus
1306 1515 1366 1574 hoe
1389 1514 1502 1574 sentire
1517 1519 1547 1575 et
1567 1533 1631 1575 cre-

58 1604 137 1681 simis,
151 1612 183 1666 ut
200 1607 294 1686 paulo
309 1615 415 1687 postea
438 1608 652 1671 declarabitur.
668 1612 810 1673 lustinus
858 1607 930 1666 dere
959 1608 1197 1668 convincuntur.
1223 1608 1301 1668 Cum
1325 1607 1410 1667 enim
1438 1606 1546 1668 dicunt
1566 1626 1630 1669 esse

58 1695 166 1759 inlibro
180 1696 214 1759 de
237 1698 467 1776 destructione,
488 1722 503 1757 o
517 1707 626 1781 gentes
644 1704 688 1763 ait
701 1722 810 1766 omnes
858 1705 1003 1760 naturam
1018 1718 1113 1780 quem
1125 1701 1205 1760 Deus
1219 1699 1416 1778 omnipotens
1427 1717 1493 1760 non
1507 1718 1629 1760 creave-

57 1805 115 1865 1111
127 1790 210 1851 idolis
224 1792 367 1867 eredunt,
383 1810 564 1872 persuasum
578 1794 810 1858 hebereomnia
837 1811 839 1815 ·
858 1790 909 1865 rit,
926 1779 1020 1871 ‹plein
1047 1792 1175 1872 pulchre
1189 1797 1335 1852 ornatum
1359 1810 1424 1852 esse
1446 1792 1628 1867 concedunt,

58 1880 123 1942 ileos
137 1881 229 1944 heere
257 1894 378 1964 posse0,
401 1886 665 1964 quemadmodum
692 1894 723 1950 et
750 1891 811 1950 Ην)
858 1882 1516 1962 itaPatremomnipotentemDeumnegant,
1526 1889 1630 1946 utnon

58 1990 146 2034 merus
154 1974 280 2037 illorum
294 1981 386 2056 poeta
395 1977 488 2038 dixit:
859 1992 932 2035 eum
946 1977 1072 2037 credant
1086 1976 1240 2036 mundum
1254 1975 1388 2055 pottnsse
1401 1975 1499 2036 faeere
1513 1976 1573 2037 nisi
1591 1977 1631 2036 ad

860 2084 933 2127 eum
958 2067 1176 2128 fabricandum
1200 2067 1260 2127 alia
1274 2072 1395 2141 natura,
1420 2065 1535 2127 scilicet
1560 2085 1631 2146 quaa

196 2193 236 2206 -
249 2160 297 2222 Dii
309 2179 403 2240 porro
415 2163 520 2223 omnia
528 2172 667 2244 possunt,
855 2158 922 2235 jam
942 2160 1044 2220 fuerat
1066 2165 1096 2220 et
1111 2177 1206 2238 qnam
1223 2177 1288 2219 non
1300 2158 1415 2219 lecerat
1427 2163 1567 2220 uteretur
1577 2158 1599 2220 ³.
1612 2180 1627 2217 o

198 2252 237 2313 Et
248 2251 347 2314 facile.
859 2250 903 2311 De
917 2252 1071 2313 Marcione
1085 2252 1172 2312 testis
1196 2251 1386 2312 estidoneus
1409 2251 1629 2327 Tertrullianus,

859 2361 932 2404 eum
951 2352 1137 2425 potentatum
1154 2344 1285 2404 omnium
1307 2343 1473 2422 denegasse
1488 2344 1561 2420 Deo,
1577 2345 1632 2423 qui

59 2429 106 2492 Ubi
118 2437 145 2493 et
157 2435 342 2514 particulam
365 2436 477 2514 adjecit
496 2444 561 2517 teta,
584 2457 654 2518 quae
668 2438 757 2519 focile
768 2440 809 2501 si·
859 2444 1056 2517 παντοκράτορος
1067 2435 1220 2497 vocabulo
1242 2436 1418 2496 eontinetm
1429 2433 1452 2496 ⁸.
1478 2437 1557 2497 Nam
1577 2436 1633 2515 qui

57 2523 173 2601 gnificat,
189 2532 226 2588 ut
253 2528 503 2608 magnitudinem
516 2530 658 2591 ostendat
686 2531 811 2593 virtutis
860 2526 1048 2607 principium
1062 2528 1195 2588 alterum
1212 2528 1333 2589 malum
1344 2546 1380 2590 ao
1393 2526 1469 2589 honi
1481 2528 1631 2590 aemulum

59 2612 211 2679 deorum.»
860 2620 951 2698 eique
976 2625 1168 2681 cooeteraum
1186 2626 1217 2681 et
1231 2621 1422 2681 contrarium
1450 2620 1631 2700 praedicant,

860 2729 925 2772 esse
946 2711 1062 2790 aliquid
1085 2716 1198 2790 putant
1223 2713 1372 2789 exhajus
1395 2719 1426 2773 et
1448 2716 1633 2790 potestatem

58 2797 237 2876 Epicharmus
251 2803 336 2883 apud
350 2804 540 2867 Clementem
552 2804 586 2866 in
598 2804 707 2886 quinto
724 2804 809 2867 Stro-
859 2802 942 2864 illius
956 2804 1081 2878 summi,
1093 2804 1232 2882 etipsum
1244 2803 1370 2882 quidam
1381 2820 1504 2864 summe
1513 2803 1633 2864 malum

56 2899 170 2953 noem:
424 2970 428 2976 Δ
860 2896 999 2974 adeoque
1027 2895 1111 2955 bono
1134 2895 1264 2955 minima
1286 2894 1472 2973 subjectum,
1497 2912 1538 2955 ne
1559 2894 1633 2956 siin

860 2992 1009 3066 potestate
1034 2987 1073 3047 sit
1095 2986 1209 3046 summi
1232 2986 1318 3061 boni,
1345 2991 1376 3047 et
1396 2987 1425 3046 ei
1439 2986 1631 3064 subjiciatur,

56 3073 96 3135 llil
116 3077 208 3140 Deum
221 3084 325 3159 potest
335 3079 442 3141 latere.
460 3080 545 3142 Scire
562 3085 593 3141 te
610 3080 672 3141 hoc
685 3082 811 3160 quidem
860 3084 1083 3157 congruentem
1110 3077 1222 3138 habeat
1250 3077 1404 3152 ordinem,
1434 3095 1535 3156 eoque
1558 3077 1634 3139 boni

639 3173 748 3249 [decet.
860 3169 977 3248 aliquid
1002 3168 1076 3229 insit
1109 3168 1166 3247 ipsi
1187 3168 1356 3247 quominus
1379 3187 1550 3245 summum,
1574 3170 1634 3231 hoc

56 3256 465 3343 nonamestinspeotort.
860 3259 1436 3341 estuulloadmistobono,perleotum
1446 3261 1634 3323 dammum

860 3353 966 3432 possit.

86 3444 155 3507 Vide
168 3447 342 3507 dacianum
365 3447 399 3507 in
419 3447 541 3526 dialogo
556 3449 609 3527 qui
630 3449 811 3510 inscribitur
900 3446 946 3504 Ex
960 3463 1022 3524 quo
1041 3450 1073 3506 et
1086 3445 1334 3525 omnipotentem
1357 3464 1424 3506 non
1446 3463 1513 3507 esse
1527 3464 1635 3508 secun

58 3540 166 3615 'tntae
191 3540 248 3599 uhi
276 3540 315 3600 de
336 3540 391 3599 Dei
414 3540 639 3619 omnipotentia
661 3541 761 3601 multa
778 3542 810 3602 in
860 3537 935 3598 dum
956 3537 1085 3598 alteram
1103 3536 1240 3598 nominis
1254 3542 1438 3617 potestatem
1452 3539 1554 3599 Deum
1566 3538 1631 3600 effi-

54 3644 169 3704 persoua
189 3630 324 3692 Socratis
345 3631 418 3691 dicit
437 3631 561 3707 eximia,
577 3638 690 3711 otqnae
703 3634 811 3693 atheos
860 3629 950 3705 citur,
975 3629 1030 3708 qui
1052 3634 1172 3691 tantam
1200 3646 1268 3690 rem
1291 3648 1310 3689 a
1338 3630 1439 3710 seipso
1468 3629 1631 3707 diversam,

54 3724 132 3799 obpie
144 3723 306 3785 haereticos
324 3724 540 3802 prudentiores
553 3723 653 3785 iacere
678 3724 808 3804 possint.
859 3726 977 3802 quanta
989 3727 1035 3782 est
1048 3721 1127 3782 illud
1138 3727 1291 3783 oeternum
1306 3728 1337 3782 et
1353 3722 1529 3783 immortale
1544 3724 1632 3802 prin-

85 3824 130 3885 IV.
141 3828 494 3901 Quibusannumerandi
504 3834 577 3888 sunt
587 3827 810 3890 haereticirarii
859 3815 985 3894 ellium,
1005 3832 1106 3893 mque
1128 3831 1233 3875 018316
1256 3813 1358 3893 110111Ῐῖ
1381 3833 1482 3894 neque
1506 3833 1632 3894 111015118

52 3918 169 3993 generis,
199 3920 402 3998 quintosque
422 3920 475 3979 illa
493 3937 588 3998 quam
603 3938 698 3999 supra
720 3922 810 3999 posui
859 3907 1051 3986 extinguere·

52 4008 163 4070 notione
176 4012 240 4071 Deo
259 4011 518 4090 omnipotentiam
539 4012 734 4087 ademerunt,
750 4012 810 4074 hoc
897 4011 935 4071 V.
950 4012 1017 4085 Qua
1030 4010 1139 4070 eadem
1159 4009 1311 4088 dogmatis
1331 4010 1491 4089 impietate
1506 4009 1631 4071 convin-
1656 4024 1807 4089 1111111111

51 4104 89 4156 est
108 4105 170 4161 tam
192 4102 390 4163 dominatum
412 4104 554 4164 omnium
579 4121 698 4178 rerum,
714 4122 809 4182 quam
858 4110 971 4165 cuntur
989 4102 1076 4163 etilli
1090 4118 1209 4177 omnes,
1224 4101 1279 4180 qui
1293 4107 1349 4162 aut
1362 4103 1523 4163 materiam
1536 4103 1629 4163 olleo
1656 4077 1804 4188 ,iii'f„'[³'i¹.⁸.

50 4188 104 4250 tim
124 4195 267 4254 omnium
287 4212 357 4272 quae
377 4194 451 4255 velit
463 4201 518 4255 aut
540 4196 619 4256 uelle
633 4195 729 4275 possit
742 4196 808 4257 effi·
858 4214 922 4256 non
936 4200 1082 4269 creatam,
1098 4199 1152 4254 aut
1163 4193 1406 4255 instrumentum
1416 4196 1478 4255 Deo
1490 4212 1627 4256 necessa·
1652 4184 1806 4283 ,fflffi’s

50 4280 179 4346 aenam.
196 4287 247 4347 Sic
260 4286 449 4365 antiquiores
462 4288 508 4347 illi
519 4288 649 4348 insaniae
665 4307 701 4349 ac
715 4288 807 4367 perti·
857 4288 941 4347 rium
954 4286 993 4346 ad
1015 4286 1184 4346 creandum
1212 4301 1277 4346 esse
1300 4287 1456 4363 dixerunt,
1481 4292 1537 4347 aut
1563 4305 1628 4347 non

48 4369 99 4434 dia
119 4378 270 4457 magistri,
288 4379 342 4457 qui
356 4379 461 4457 plures
475 4380 563 4455 Deos,
590 4379 649 4439 hoe
662 4386 708 4439 est
721 4381 807 4460 prin-
857 4397 945 4459 posse
956 4377 1626 4458 Deumpluraetmajoraquamiecitiacere,

49 4464 289 4543 tipia,rontra1ia
297 4470 431 4530 inuicem
440 4476 471 4532 et
480 4472 806 4549 coaternafinxertmt,
857 4476 911 4532 aut
921 4471 975 4550 qui
984 4475 1139 4550 postremo
1150 4470 1378 4531 absolutamilli
1391 4471 1564 4551 potentiam
1574 4471 1628 4533 de·

48 4561 77 4616 ut
95 4560 242 4637 Marcion,
265 4562 465 4639 Manichaeua,
477 4563 628 4637 Marcosii,
641 4564 808 4624 Colorbasii
858 4568 1023 4643 negarunt.
1038 4564 1178 4636 Quorum
1187 4563 1332 4643 inprimo
1343 4582 1457 4643 genere
1469 4563 1630 4627 Mauicbaei

48 4653 74 4707 ot
84 4654 182 4713 catari
192 4672 270 4732 quos
282 4654 473 4733 Epiphanius
487 4655 683 4734 potissimum
696 4655 731 4715 in
743 4660 807 4717 ter·
858 4656 1012 4736 praecipue
1036 4656 1248 4732 eontinentur,
1263 4655 1320 4736 qui
1333 4657 1497 4719 materiam
1511 4676 1577 4720 non
1591 4675 1631 4719 ex

77 4843 97 4881 a
112 4828 187 4884 lusa.
204 4828 278 4901 apud
292 4831 418 4886 Damaso.
436 4830 467 4885 in
482 4829 583 4902 Ecloq.
603 4831 658 4883 Τῶν
672 4830 719 4903 γὰρ
734 4828 808 4885 ἐθνῶν
863 4830 944 4886 Ἀλλὰ
953 4832 995 4884 καὶ
1009 4831 1038 4886 th
1049 4832 1101 4904 ῥεῖα
1125 4833 1281 4904 προσέθηκεν·
1306 4835 1366 4908 ὅπερ
1381 4833 1445 4888 ἐστὶν
1460 4834 1631 4909 axomates

47 4906 152 4964 ἆπάντων
175 4911 214 4967 ἐπὶ
241 4912 273 4966 τὰ
297 4910 389 4966 εἴδωλα
402 4914 607 4985 πεπιστευκότων,
621 4915 663 4966 καὶ
677 4915 808 4985 ususcapi-
859 4914 902 4982 rba
917 4915 1096 4986 μεγαλειότητα
1109 4919 1152 4983 τῆς
1166 4922 1215 4971 τῶν
1229 4917 1291 4972 θεῶν
1303 4919 1427 4990 &adpone
1437 4916 1541 4991 ἔμφάνῃ.

46 5010 98 5063 νων,
114 4995 153 5048 brt
166 4997 246 5051 πάντα
259 4996 349 5049 δυνατὰ
373 4996 455 5058 αὐτοῖς
476 4995 549 5050 ἔστιν·
566 4996 600 5060 ὡς
612 4996 652 5050 καὶ
667 4993 810 5069 Ὀμηροςὸ
896 4997 913 5053 b
932 4999 1017 5054 Ctnsr.

45 5081 138 5149 ποιητὴς
152 5079 233 5134 αὐτῶν
245 5098 315 5152 φησι·
894 5079 970 5134 otto
984 5077 1091 5152 ἐκφεύγει
1106 5081 1134 5134 τὸ
1148 5081 1221 5135 θεῖον·
1238 5086 1312 5136 τοῦτο
1327 5084 1473 5155 γιγνώσκειν
1488 5102 1516 5138 σε
1529 5085 1576 5139 δεῖ.

163 5195 196 5205 ·—
217 5163 275 5219 Oroi
289 5165 316 5218 hl
331 5184 358 5219 τε
371 5165 452 5217 πάντα
465 5163 589 5229 δύνανται,
895 5162 970 5226 stote
984 5161 1033 5217 ἔσθ’
1048 5163 1118 5235 ἁμῶν
1134 5161 1249 5233 ἐπόπτης·
1266 5163 1384 5219 ἀδυνατεῖ
1394 5167 1417 5219 δ’
1431 5164 1501 5220 otto
1515 5167 1578 5230 θεός.

163 5247 211 5301 Καὶ
225 5248 287 5320 ῥεῖα.

71 5390 80 5433 l
92 5390 140 5436 tib.
153 5390 172 5436 l.
183 5392 210 5436 dc
221 5393 279 5437 Plac.
292 5392 349 5447 poll.
361 5400 411 5446 cap.
424 5387 582 5434 ιιι-111111.
596 5387 625 5433 Il.
634 5399 683 5444 cop.
693 5398 733 5433 111.
745 5411 771 5422 --
783 5390 797 5433 o
808 5389 866 5444 Aug.
876 5389 916 5433 lib.
929 5390 955 5434 do
966 5389 1019 5435 l'idc
1030 5395 1052 5436 ct
1062 5390 1128 5444 spol.
1142 5402 1190 5447 cap.
1204 5403 1229 5435 11.
1240 5392 1292 5436 -l
1305 5391 1352 5438 tio.
1367 5391 1384 5438 l.
1397 5400 1454 5440 eom.
1467 5396 1533 5442 Naro.
1542 5408 1590 5452 cap.
1602 5407 1630 5438 11.

202 5498 275 5559 Τοιι.
300 5497 323 5556 l.
1433 5502 1472 5561 aa
