3952 6170
323 257 383 316 aar
825 249 1150 312 THEQLOGIGORUM
1176 249 1405 311 llQGblATUbl.

323 438 457 501 quorum
471 419 654 482 testimoniis
668 417 714 478 usi
732 435 839 478 sumus
859 418 892 477 in
910 417 1044 478 seeundo
1059 417 1096 477 da
1144 413 1214 475 ideo
1221 414 1369 495 temporis
1378 415 1411 476 in
1422 415 1522 476 Deum
1531 414 1593 477 illae
1606 414 1786 478 differentia
1792 436 1902 499 compe

327 513 354 574 T
351 514 473 574 rabitote
486 512 566 573 libro
582 509 604 571 ¹.
620 513 755 571 Tantum
769 509 854 570 abest
870 509 965 587 igitur
981 514 1096 570 uteret
1145 511 1226 582 tunt,
1240 508 1325 586 quod
1338 526 1447 568 omnes
1455 508 1603 587 temporis
1617 515 1720 587 partos
1733 512 1901 585 aeternitate,

322 606 360 666 de
383 605 553 666 aeternitate
575 604 704 665 minime
718 604 848 677 dicatur,
869 608 904 662 ut
917 603 957 662 ad
976 619 1045 662 eam
1059 603 1097 662 si·
1145 599 1903 681 velutllmbrosiusloquitur,«longevitatemusu-

322 698 531 777 gnifieandam
558 696 701 757 omnium
725 695 764 755 sit
788 695 991 774 aptissimum.
1018 695 1096 755 Huic
1145 690 1261 767 mitta
1272 697 1408 772 atqueut
1419 692 1534 772 ubique
1546 712 1611 754 esse
1623 694 1805 774 profitemur
1815 696 1903 758 Deum

323 789 516 869 inquisitioni
527 789 679 850 Maximus
688 787 821 848 oeeurrit
835 808 842 847 ι
854 793 1017 867 propterea
1030 806 1097 848 ver·
1145 785 1220 845 etin
1234 784 1379 845 omnibus
1393 785 1534 845 looorum
1546 786 1661 865 spatiis,
1674 788 1795 848 tametsi
1806 788 1903 849 nullibi

324 882 399 944 bum
413 890 477 943 erat
495 888 679 961 usrupatum
693 880 756 941 illio
772 898 837 941 esse
856 880 894 940 ab
913 880 1045 957 Joanue,
1061 885 1096 940 ut
1144 878 1269 957 proprie
1281 878 1330 953 sit,
1344 878 1386 938 ita
1397 877 1507 957 quovis
1518 878 1552 938 in
1564 885 1704 958 tempore
1721 879 1814 941 irrisae
1824 881 1902 941 etiu-

322 977 356 1036 ιιι
381 976 469 1036 Patre
488 980 639 1055 tanquam
660 974 694 1034 in
713 972 864 1053 principio
883 975 1025 1033 omnium
1045 974 1093 1034 Fi·
1144 975 1251 1031 tumm
1270 989 1335 1032 ease
1353 970 1483 1031 dicimus
1501 972 1648 1032 eumdem
1663 974 1811 1050 quoniam
1826 980 1903 1035 aeter-

323 1068 663 1129 liusessemonstretur.
674 1064 1096 1145 Sedfaeiliusaeeuratiusque
1145 1064 1248 1124 lutatis
1263 1082 1326 1124 suae
1342 1064 1464 1124 infinito
1480 1069 1511 1124 et
1527 1069 1633 1124 tamur
1648 1064 1807 1126 individuo
1819 1068 1904 1145 spatio

323 1161 461 1222 dissolvit
478 1160 668 1239 Augustinus
684 1164 814 1219 tractatu
826 1159 880 1218 illo
897 1177 991 1238 quem
1003 1159 1095 1239 paulo
1144 1155 1208 1217 imo
1223 1162 1338 1236 puncto
1350 1155 1591 1217 immensitatem
1603 1175 1730 1218 omnem
1741 1163 1905 1238 temporum

322 1259 395 1314 ante
420 1254 615 1314 laudavimus
641 1253 681 1313 ad
713 1251 866 1312 Paulinum
892 1252 1096 1314 centesimum
1145 1255 1270 1328 superat
1277 1254 1308 1309 θῖ
1319 1248 1473 1309 absorbet.
1486 1250 1624 1329 Denique
1641 1272 1657 1306 a
1669 1269 1725 1330 pro
1735 1269 1773 1311 eo
1785 1270 1821 1311 ee
1831 1251 1906 1312 deoo

323 1347 472 1426 primum.
499 1367 514 1403 ιι
537 1345 593 1419 lbi,
612 1345 724 1424 inquit,
742 1344 821 1404 nihil
841 1349 887 1404 est
903 1345 1096 1423 praeteritum
1144 1359 1216 1402 rum
1229 1346 1275 1402 est
1286 1346 1317 1402 et
1335 1348 1579 1402 consentaneum
1591 1343 1666 1417 Deo,
1679 1364 1695 1400 ι
1717 1343 1760 1403 ita
1773 1343 1904 1404 tribum

322 1438 410 1518 quasi
421 1457 485 1499 uon
497 1438 546 1514 sit,
558 1438 637 1498 nihil
646 1442 692 1499 est
702 1437 844 1497 futurum
855 1437 943 1517 quasi
954 1438 1096 1499 nondum
1144 1436 1197 1493 tur
1207 1434 1274 1495 haee
1285 1435 1330 1494 illi
1343 1434 1392 1494 vel
1411 1435 1619 1495 detrahuntur
1636 1436 1751 1511 omnia,
1765 1437 1814 1495 uti
1823 1438 1904 1498 Geor·

323 1532 371 1591 sit.
387 1554 403 1588 a
424 1530 520 1609 Igitur
534 1530 760 1591 substantivam
774 1528 906 1590 uerbum
924 1535 1000 1601 erat,
1015 1531 1096 1592 sisio
1144 1527 1214 1605 gius
1226 1527 1432 1607 Paehymeres
1449 1528 1601 1588 observat.
1622 1528 1793 1589 Lueuleute
1807 1528 1844 1590 da
1858 1530 1905 1590 baa

323 1629 491 1703 usrupatur
504 1629 539 1684 ut
559 1641 624 1684 esse
638 1622 762 1683 desiisse
779 1622 862 1700 equod
879 1627 945 1682 erat
963 1623 1094 1699 dicatur,
1144 1638 1179 1680 re
1191 1626 1236 1680 est
1248 1619 1384 1680 Auselmi
1396 1619 1560 1698 disputatio
1572 1620 1605 1680 in
1616 1619 1697 1680 libro
1708 1618 1744 1681 de
1756 1619 1905 1683 Cmuordio

323 1717 386 1776 Deo
407 1734 470 1776 non
491 1715 649 1790 eonvenit3
666 1714 810 1776 convenit
820 1719 925 1774 autem
940 1715 965 1775 si
979 1715 1019 1775 ad
1037 1715 1096 1776 hoe
1141 1711 1340 1791 praescientiae
1361 1719 1391 1771 et
1404 1712 1514 1791 proiice
1526 1732 1592 1772 eom
1606 1711 1698 1773 libero
1714 1713 1854 1773 arbitrio.
1869 1713 1904 1773 lbi

321 1811 446 1869 tantum
462 1808 628 1869 assumitur
649 1812 684 1867 ut
708 1806 964 1885 «praeoedentem
987 1807 1094 1868 omnia
1146 1804 1383 1864 enimaeourate
1395 1805 1596 1879 demonstrat,
1610 1805 1904 1883 quemadmodumiu

323 1901 505 1980 sapientiam
518 1901 572 1961 liei
582 1899 605 1973 ²,
621 1921 636 1957 o
659 1899 743 1979 quod
757 1900 800 1959 ait
819 1898 987 1978 Scriptura,
1001 1900 1094 1979 signi·
1146 1895 1315 1957 aeternitate
1332 1895 1410 1956 nihil
1426 1897 1466 1956 sit
1483 1896 1675 1975 praeteritum
1695 1902 1749 1958 aut
1763 1897 1902 1971 flatuum,

322 1992 403 2068 ficet,
424 1994 483 2054 boo
499 1999 545 2054 ast
563 1992 733 2072 quamlibet
752 1991 911 2052 infinitum
925 1999 1007 2053 retro
1026 2011 1095 2072 spa-
1150 2010 1165 2045 «
1177 1989 1231 2049 sed
1239 1994 1363 2049 tantum
1375 2006 1510 2067 presens
1521 1989 1726 2051 immutabile.
1739 1991 1905 2051 Nouestta

323 2085 402 2145 tium
423 2086 586 2163 cogitando
608 2084 667 2144 sibi
685 2084 843 2145 humanus
860 2090 1014 2164 proponat
1034 2087 1098 2145 ani-
1146 2100 1220 2142 men
1236 2081 1314 2142 illud
1330 2099 1465 2160 presens
1484 2082 1655 2161 temporale
1672 2083 1750 2143 siout
1765 2089 1902 2157 nostrum,

323 2195 404 2253 murs,
420 2177 571 2255 intelligat
582 2182 654 2237 ante
667 2176 726 2237 hoc
736 2176 840 2255 ipsum
852 2176 986 2237 extitisse
998 2178 1096 2238 Deum
1145 2176 1199 2234 sed
1215 2180 1378 2249 aeternum,
1400 2174 1433 2234 in
1450 2193 1513 2253 quo
1533 2179 1676 2253 tempora
1693 2180 1804 2236 cuneta
1820 2176 1904 2236 eonti-

323 2270 450 2349 ejusque
465 2269 659 2348 sapientiam.
675 2269 754 2329 Nam
767 2274 803 2328 ut
813 2268 953 2346 loquitur
965 2268 1095 2329 Ambro-
1147 2272 1272 2327 nentur.
1303 2266 1463 2345 Siquidem
1494 2267 1757 2344 quemadmodum
1787 2286 1905 2347 pratens

323 2362 397 2437 sius,
416 2361 601 2422 «indefinite
613 2361 833 2421 tauditmerot.
847 2359 1001 2439 Quidquid
1011 2380 1098 2422 exeo·
1146 2364 1269 2439 tempus
1281 2359 1418 2420 eontinet
1429 2377 1556 2419 omnem
1567 2358 1671 2420 loeum
1681 2364 1712 2420 θῖ
1721 2379 1791 2439 quse
1804 2361 1835 2420 in
1843 2378 1905 2439 quo

322 2453 478 2531 gitaveria
498 2457 565 2513 erat
586 2452 681 2512 Filius
695 2450 719 2512 ³.
740 2474 755 2509 a
779 2453 816 2512 Et
832 2457 866 2511 ut
888 2452 1022 2513 Hilarius
1042 2454 1095 2531 ait,
1146 2450 1222 2512 libet
1242 2452 1309 2512 loeo
1338 2456 1421 2526 sunt,
1450 2451 1491 2511 ita
1519 2458 1635 2512 aeterno
1663 2453 1807 2531 praesenti
1828 2452 1904 2513 simul

327 2567 342 2602 a
356 2546 428 2606 Erat
437 2541 585 2624 quodes't,
600 2563 701 2624 neque
714 2546 747 2603 in
759 2550 898 2624 tempore
910 2544 1013 2624 aliquo
1023 2566 1096 2608 eon-
1147 2543 1299 2604 clauditur
1311 2561 1404 2603 omne
1416 2549 1538 2623 tempus
1551 2549 1581 2603 et
1597 2563 1667 2623 quae
1689 2550 1761 2605 suut
1778 2545 1812 2604 in
1823 2544 1905 2624 quoii

323 2638 458 2698 eluditur
471 2642 507 2696 ut
519 2637 657 2716 deperit,
673 2637 756 2715 quod
770 2641 837 2696 erat
850 2637 953 2715 potius
965 2636 999 2697 iu
1011 2639 1097 2718 prin-
1147 2634 1200 2696 bet
1220 2641 1359 2715 tempore
1371 2635 1393 2695 ¹³.
1419 2658 1434 2693 ιι
1457 2637 1500 2696 Aa
1518 2635 1649 2697 subinde
1673 2637 1851 2716 Apostolum
1871 2638 1905 2696 ait

324 2730 403 2809 cipio
427 2747 522 2808 quam
538 2728 632 2789 fiebat
641 2727 663 2788 ⁵.
682 2751 698 2786 a
721 2728 930 2802 Quamobrem
948 2730 988 2790 ad
1006 2749 1097 2810 aupe—
1147 2728 1346 2789 Itonmoorom
1358 2734 1465 2788 octavo
1478 2730 1575 2808 rapite
1585 2747 1678 2789 usum
1690 2748 1755 2789 esse
1767 2730 1904 2809 praeterito

323 2823 405 2883 riora
433 2821 610 2882 testimonia
637 2820 750 2901 quibus
781 2821 959 2881 aeternitatis
987 2822 1099 2884 divinae
1147 2826 1372 2900 temporeoum
1391 2820 1490 2880 dixit:
1510 2843 1525 2877 ιι
1539 2821 1615 2896 Quos
1624 2821 1779 2901 praescivit
1799 2829 1903 2903 etpre-

323 2914 515 2974 immobilem
528 2919 642 2974 statum
654 2918 686 2974 θῖ
697 2912 777 2973 initii
789 2918 949 2992 expertem
962 2914 1098 2977 affirma·
1147 2911 1316 2990 destinavit,
1332 2919 1459 2993 propter
1475 2914 1681 2993 indigentiam
1696 2914 1784 2974 uerbi
1804 2914 1902 2994 signifi·

322 3007 435 3083 vimus,
461 3008 555 3067 etiam
577 3005 776 3085 adjungenda
799 3005 852 3065 ills
875 3011 948 3066 suut
971 3025 1040 3085 quaa
1061 3028 1099 3069 ex
1148 3006 1246 3066 euntis
1268 3011 1417 3066 aeternam
1443 3007 1649 3086 praesentiam.
1675 3006 1827 3079 Quoniam
1847 3024 1903 3086 qna

322 3099 452 3160 ioannis
472 3098 574 3159 verbis
592 3098 657 3159 istis
675 3103 707 3159 θῖ
726 3097 913 3177 proprietate
928 3098 1100 3177 imperfecti
1148 3098 1543 3178 temporepraeteritasuut,
1556 3105 1903 3179 nunquampossuntuou

322 3192 471 3271 temporis
483 3199 559 3259 erat,
576 3190 797 3270 sempiternam
809 3190 903 3250 Verbi
915 3191 975 3250 boe
987 3196 1033 3251 est
1045 3193 1099 3253 Dei
1148 3210 1213 3251 esse
1231 3190 1405 3270 praesentia,
1424 3191 1502 3251 sieut
1521 3191 1670 3270 temporis
1685 3192 1838 3270 praeterita
1853 3209 1902 3251 nou

324 3283 493 3344 extantium
524 3283 705 3357 ostendunt,
735 3301 804 3360 quae
833 3300 890 3342 suo
921 3283 988 3342 loeo
1020 3284 1098 3346 refe·
1148 3282 1405 3361 valentrrnquam
1421 3284 1577 3361 praeterita
1589 3301 1653 3343 uon
1669 3301 1746 3359 esse,
1760 3283 1903 3363 prasentia

215 3388 223 3401 ·
324 3392 430 3434 remus
442 3372 464 3434 ⁶.
1149 3394 1222 3435 vero
1233 3375 1382 3454 temporis
1390 3375 1573 3455 omniaque
1585 3381 1759 3453 uuuseunt
1766 3377 1903 3436 fiuutnou

364 3479 414 3539 lX.
428 3478 507 3538 Hine
517 3477 682 3557 Dionysius
694 3478 803 3538 eodem
816 3478 869 3538 illo
880 3479 978 3558 eapite
991 3480 1098 3558 quinto
1148 3468 1321 3549 Prfflfflnfiss·
1336 3490 1351 3524 ’³

323 3569 358 3630 de
377 3570 494 3631 Divinis
512 3569 691 3638 nuntiabas,
713 3571 746 3630 iu
765 3589 827 3649 quo
848 3570 993 3631 dixerat
954 3576 1018 3631 tm
1037 3574 1099 3634 Deo
1189 3572 1962 3650 XTertraetpostramaaeterurtatrsdrvmeeoe1

322 3681 380 3723 nee
401 3671 477 3731 erat,
501 3662 644 3731 necarit,
665 3662 1099 3745 loeumhabera,11trumque
1148 3664 1224 3725 ditio
1239 3670 1285 3725 est
1299 3672 1404 3745 ἀφθαρ·
1379 3692 1432 3737 aaa,
1448 3682 1542 3743 quam
1557 3664 1812 3726 immortalitatem
1823 3662 1946 3725 latim

322 3761 428 3835 postea
444 3755 573 3835 reperiri
585 3756 627 3815 ait
630 3756 745 3834 ,idque
759 3756 884 3835 proprie
906 3755 993 3833 eujus
1006 3758 1099 3819 etiam
1148 3762 1269 3831 uocant,
1285 3775 1355 3836 quae
1367 3756 1572 3816 nullofinet
1542 3762 1572 3817 at
1573 3758 1782 3836 quatermino
1796 3759 1905 3818 aueum

322 3848 475 3909 rationem
488 3848 611 3908 iudicat.
627 3849 718 3925 «Est,
732 3849 867 3928 iuquit,
859 3867 924 3928 rpse
938 3849 1004 3925 ejus
1016 3851 1099 3928 quod
1148 3848 1239 3908 seribi
1254 3850 1353 3909 Deum
1367 3849 1493 3928 patitur,
1509 3855 1544 3909 u
1544 3870 1554 3909 1
1531 3850 1611 3909 tab
1634 3849 1722 3910 initio
1737 3851 1820 3930 prior
1831 3849 1903 3911 illum

323 3946 379 4013 est,
394 3940 549 4001 aeternitas
561 3947 592 4001 et
603 3940 790 4020 principium
803 3946 836 4000 θῖ
853 3958 1009 4017 mensura,
1027 3958 1098 4002 oum
1148 3960 1219 4021 pars
1232 3942 1412 4002 aeternitatis
1427 3943 1592 4002 asserebat.
1614 3944 1800 4021 Quanquam
1812 3942 1847 4002 ab
1857 3943 1903 4001 im·

323 4033 456 4111 priorsit
467 4034 597 4094 essentia
609 4038 640 4092 et
653 4039 723 4093 ente
735 4037 767 4093 θῖ
779 4050 876 4107 aeone,
892 4031 1099 4113 omniumque
1148 4034 1272 4094 mortali
1289 4034 1555 4113 incorruptibilem
1574 4035 1775 4109 Noratianus,
1797 4037 1829 4095 in
1840 4034 1904 4094 libro

322 4125 568 4185 substantificum
580 4125 767 4205 principium
777 4130 807 4185 θῖ
819 4125 958 4185 medium
971 4130 1002 4186 θῖ
1013 4125 1095 4186 finis.
1147 4123 1182 4185 de
1220 4125 1383 4201 Trinitate,
1413 4127 1574 4207 distinguit
1595 4128 1657 4205 ¹his
1682 4128 1784 4189 verbis
1806 4148 1813 4187 ε
1837 4125 1904 4185 «lta

323 4217 366 4276 Αθ
378 4223 540 4296 propterea
551 4218 585 4277 in
596 4217 688 4278 saeris
695 4218 815 4277 Litteris
826 4217 853 4276 is
865 4217 996 4296 qrrivere
1008 4218 1096 4297 prius
1147 4236 1221 4295 ergo
1237 4223 1267 4278 et
1281 4219 1509 4279 immortalist
1479 4239 1495 4279 θ
1496 4220 1777 4322 tiucorruptibilis
1799 4238 1852 4281 nee
1864 4218 1904 4276 de

323 4308 424 4368 existit
427 4328 513 4389 per
533 4326 660 4369 omnem
679 4308 799 4369 entium
818 4309 972 4369 rationem
992 4310 1096 4369 multi·
1147 4311 1293 4371 trimeuta
1308 4310 1443 4371 sentiens
1458 4312 1587 4372 omuino
1603 4330 1660 4373 nee
1676 4312 1784 4373 finem.
1800 4312 1904 4373 Namet

323 4400 465 4478 plioatur
479 4421 515 4462 ee
529 4406 594 4461 tam
608 4400 814 4480 eratdeipso‚
831 4418 926 4479 quam
939 4401 1098 4462 esteterit
1147 4404 1220 4506 quia
1245 4404 1496 4482 incorruptibilis,
1518 4403 1588 4465 ideo
1616 4410 1648 4465 θῖ
1672 4403 1858 4467 immortalis
1880 4404 1904 4459 θῖ

324 4492 459 4552 etexrstrt
467 4494 614 4554 etexrstet
625 4510 750 4572 propere
762 4493 967 4571 praediea
973 4514 1003 4553 o
1013 4496 1096 4573 Ergo
1147 4495 1220 4574 quia
1246 4496 1447 4571 immortalis,
1479 4497 1587 4575 utique
1614 4502 1646 4557 et
1667 4478 1901 4577 inoorruptibilis

360 4806 381 4847 a
399 4792 511 4847 Diouis.
533 4792 579 4844 llari
601 4791 673 4854 ὠτός
687 4789 738 4845 ἔστι
758 4799 802 4845 τοῦ
825 4784 898 4858 εἶναι,
910 4792 951 4844 καὶ
968 4790 1040 4857 αἰὼν,
1055 4793 1097 4845 καὶ
1147 4795 1176 4849 ab
1190 4792 1219 4864 ἦν
1236 4793 1372 4860 ἐπάὗτοΰ,
1387 4796 1429 4848 ael
1444 4796 1474 4849 ab
1496 4796 1559 4861 ἔστι,
1574 4797 1615 4849 καὶ
1638 4796 1667 4850 τὸ
1679 4795 1757 4862 ἔσται,
1771 4795 1808 4849 καὶ
1821 4793 1847 4847 τὸ
1859 4790 1902 4861 ipi-

324 4874 399 4947 ἀρχὴ,
414 4876 453 4928 ml
470 4876 569 4947 μέτρον,
585 4874 632 4947 πρὸ
648 4873 731 4936 odaiae
745 4876 797 4937 ὢν,
816 4876 857 4927 καὶ
876 4875 963 4940 ὄντος,
978 4876 1019 4927 καὶ
1034 4874 1097 4929 αἰῶ·
1147 4894 1215 4941 νετο,
1227 4875 1268 4927 καὶ
1280 4876 1385 4947 γίνεται,
1399 4875 1439 4927 καὶ
1453 4877 1688 4949 pernarranda<
1698 4876 1814 4948 ὑμνεῖται.

324 4977 375 5025 νος,
399 4959 440 5011 καὶ
461 4959 560 5012 πάντων
588 4957 727 5021 οὖσιοποιδς
752 4958 835 5030 ἀρχὴ,
864 4959 904 5011 καὶ
921 4960 1042 5030 μεσότης,
1058 4959 1097 5011 καὶ
1185 4956 1342 5013 bPlcnrtt.
1359 4959 1389 5014 in
1412 4974 1474 5029 cap.
1494 4975 1521 5014 v.
1542 4959 1579 5016 de
1597 4963 1697 5016 Diria.
1716 4974 1789 5014 stom.
1808 4951 1903 5014 diviti

324 5041 433 5109 τελευτή·
450 5042 490 5095 καὶ
505 5042 546 5095 διὰ
560 5047 634 5097 τοῦτο
649 5041 709 5114 πρὸς
725 5047 775 5095 τῶν
789 5040 904 5115 λογίωνὸ
920 5041 1097 5113 ὅντωςπροὼι,
1148 5042 1217 5112 ἅγιος
1231 5041 1296 5094 λύων
1318 5042 1362 5109 τὴν
1384 5041 1487 5115 ἀπορίαι
1502 5042 1591 5114 φησὶν,
1606 5044 1646 5097 ὅτι
1659 5044 1795 5115 θεοπρεπῶς
1807 5042 1903 5093 mmm

324 5123 476 5178 antiniana
492 5132 542 5180 τῶν
557 5126 636 5180 ὄντων
658 5123 765 5180 ἐπίνοιαν
788 5125 1041 5188 πολλαπλασιάζεται·
1058 5124 1099 5177 καὶ
1150 5130 1228 5178 ταῦτα
1243 5123 1282 5178 ἐπὶ
1297 5125 1363 5179 θεοῦ.

326 5451 341 5497 ⁰
351 5389 546 5506 magio-2
560 5391 718 5441 Bremtoatiai
737 5403 751 5435 1.
770 5391 847 5435 3.-3
860 5390 907 5435 tib.
925 5391 943 5435 l.
960 5391 987 5437 da
1003 5390 1063 5443 Fida,
1076 5402 1125 5448 erp.
1139 5391 1217 5437 v.-l
1233 5390 1281 5435 Lib.
1301 5391 1328 5436 ll.
1346 5390 1374 5437 dc
1390 5391 1526 5438 retra-5
1544 5391 1591 5437 lib.
1610 5391 1638 5437 ll.
1656 5393 1684 5438 da
1702 5390 1778 5438 Μ
1792 5400 1837 5445 cap.
1849 5396 1901 5429 ¹1·-

369 5463 376 5495 ι
395 5484 399 5494 ,
503 5463 569 5507 ‚esp
582 5464 620 5497 ιιι.
