4030 6204
298 347 358 407 hid
806 348 1131 417 theotonicorum
1151 349 1370 417 menarum

172 526 177 531 ·
298 530 367 573 ram
389 512 632 599 philosophicam
646 521 763 581 exacta.
779 516 950 593 Quisenim
963 534 1069 581 reram
1118 515 1243 593 Cher03
1259 535 1337 598 quas
1357 517 1526 599 intuentes,
1540 520 1890 601 animoquetrostflutas

298 604 384 669 illam
416 624 481 666 esse
515 608 706 673 coenoman
741 609 875 672 nominis
909 609 1067 687 concedat,
1114 607 1267 688 judicium
1286 610 1326 675 do
1346 610 1698 690 angustationem
1726 633 1791 694 quo
1817 634 1891 680 uua·

299 704 334 761 ut
348 705 397 765 aaa
410 711 453 762 rao
468 708 562 777 κηλεῖν,
580 700 612 763 id
629 706 707 763 esta
729 700 891 779 mulcendo,
919 707 951 763 et
980 700 1068 765 otoc-
1118 720 1250 783 qnmqnc
1273 703 1401 785 propius
1419 704 1461 767 ad
1481 722 1562 779 eam,
1578 724 1673 787 qnam
1692 706 1890 773 iulormatan

300 789 399 867 rande,
416 799 445 858 τι
457 800 533 857 ratde
557 792 697 857 fflcctrn?
721 793 1068 866 quadriterminam
1113 793 1181 872 jam
1201 801 1307 858 mente
1320 797 1626 877 comprehendimus,
1638 799 1775 880 speeiem
1787 802 1850 874 mi.
1862 809 1891 865 a

298 883 431 947 derivari
448 883 558 969 placet,
579 904 643 946 non
664 884 770 949 minus
792 886 930 949 tristibm
947 886 1018 965 illis,
1038 891 1070 948 ct
1118 887 1277 967 exemplar
1300 889 1473 965 accesserit,
1502 908 1541 952 eo
1569 892 1738 970 pulchrior,
1763 899 1798 955 et
1826 912 1890 974 pe*-

298 975 417 1037 acerbis
439 976 584 1041 remediis
598 989 641 1039 τοῦ
654 986 732 1041 καλοῦ
750 997 821 1054 vax,
837 983 868 1039 et
886 978 1069 1059 significatio
1117 978 1227 1043 tectior
1248 979 1412 1043 babeatrm
1427 981 1473 1047 aa
1497 984 1620 1047 tametsi
1632 984 1673 1045 sit
1693 984 1773 1047 illud
1790 991 1890 1051 somn

298 1074 460 1146 congruet,
477 1069 637 1151 Siquidem
647 1069 721 1131 talia
734 1075 861 1152 propter
875 1071 1069 1139 utilitatem
1117 1071 1215 1133 animi
1229 1073 1433 1153 propriumet
1452 1075 1623 1155 exemplar,
1636 1082 1670 1137 et
1679 1076 1889 1141 similemne

297 1160 512 1243 prudentibus,
528 1166 560 1227 et
570 1161 717 1227 benesibi
731 1162 962 1229 consulentibus
974 1182 1068 1249 appe·
1118 1181 1191 1227 cram
1201 1182 1250 1239 eo,
1261 1164 1628 1247 periectiquejudicium3
1643 1169 1685 1233 sit
1697 1174 1887 1244 tammmte
2009 1240 2010 1251 ,

297 1258 418 1319 tantur.
1118 1260 1150 1317 et
1171 1256 1397 1321 exercitationis
1419 1258 1610 1333 assiduitate,
1638 1265 1675 1321 ut
1696 1260 1731 1324 in
1751 1262 1889 1327 sociabus

337 1346 488 1426 Equidem
511 1347 755 1413 demetendus
767 1348 802 1411 in
822 1367 859 1411 ea
877 1350 1068 1430 contempla·
1118 1346 1192 1427 ipsis
1213 1357 1296 1413 note
1318 1350 1462 1429 quedam
1480 1351 1640 1431 impressa
1659 1352 1889 1428 simonianae

297 1438 382 1500 tione
391 1445 529 1503 mentem
542 1439 655 1519 defigo,
664 1440 858 1505 uderemihi
871 1442 980 1507 videor
993 1461 1069 1525 pau-
1117 1440 1244 1520 species,
1264 1441 1441 1521 exquibus,
1462 1447 1498 1505 ut
1519 1449 1567 1505 est
1588 1443 1650 1505 illis
1666 1443 1889 1523 ctiecmmali

296 1529 398 1595 lulum
425 1532 573 1613 quiddam
605 1532 763 1611 interesse,
792 1534 885 1613 idque
906 1553 971 1597 esse
990 1535 1069 1614 ejus·
1118 1532 1316 1613 quideomrn
1339 1534 1512 1614 preprium,
1535 1536 1641 1597 statim
1661 1535 1889 1621 desitiisquip

297 1624 393 1687 modi.
427 1624 548 1687 Bonum
583 1643 648 1685 esse
673 1625 870 1689 definivimus
905 1627 948 1706 id,
985 1628 1069 1709 quod
1119 1625 1214 1704 piam,
1237 1643 1336 1689 necne
1358 1626 1399 1689 ad
1418 1627 1588 1706 perseniam
1612 1628 1700 1691 illam
1724 1630 1887 1705 rationem,

297 1721 406 1795 aptum
419 1721 475 1792 est,
492 1719 766 1796 ctccngruentiam
780 1718 949 1799 quemdem
962 1719 1067 1783 hebet.
1117 1722 1299 1798 naturaeque
1327 1724 1567 1783 consentaneam
1584 1722 1725 1801 ipsorum
1752 1723 1888 1787 animad-

298 1807 487 1889 Hancporro
501 1810 735 1888 congruentiam
749 1829 814 1875 non
822 1811 963 1875 absolute
972 1814 1068 1892 sumi,
1117 1814 1253 1873 vertunt.
1277 1810 1427 1885 Quocirca
1440 1812 1707 1892 pulchrimdinem
1726 1816 1773 1877 rei
1791 1818 1888 1896 aare

297 1901 350 1961 sed
369 1900 479 1963 reterri
492 1902 533 1962 ad
547 1920 639 1965 usum
656 1903 792 1984 aliquem
806 1908 898 1985 atquc
911 1902 1065 1983 heretum
1116 1900 1192 1963 libet
1203 1901 1342 1982 intellige
1351 1903 1406 1975 sie.
1422 1909 1459 1965 ut
1467 1905 1507 1966 sit
1519 1905 1736 1969 convenientia
1749 1910 1888 1987 ([ιιιιιιιιιιιι
1934 1933 1998 1994 n,-

297 1993 378 2075 quod
395 1997 439 2055 cst
456 1994 652 2075 appetitionis
666 1996 838 2076 proprium.
857 1996 935 2057 Hine
948 1996 1068 2061 bonum
1117 1993 1212 2073 ipsius
1226 2011 1299 2057 oum
1312 1994 1365 2056 illa
1378 1994 1514 2076 perfecta
1531 1997 1642 2076 specie,
1666 2003 1699 2059 et
1709 2001 1887 2082 exemplari,
1924 1994 2007 2046 Ψ

296 2085 374 2146 illud
396 2103 460 2146 esse
481 2086 603 2161 dicitur,
629 2089 712 2166 quod
731 2089 835 2148 omnia
853 2095 1013 2169 appetunt.
1027 2091 1069 2153 At
1117 2085 1157 2146 ad
1178 2087 1262 2167 quod
1276 2086 1359 2165 exigi
1380 2093 1494 2149 manna
1516 2106 1573 2151 sua
1592 2091 1740 2169 postrdat.
1763 2094 1815 2156 Sic
1828 2096 1889 2175 pat

295 2197 370 2241 rere
384 2178 551 2258 pulchrum
568 2179 621 2240 ille
636 2186 682 2241 cst
698 2180 1067 2263 ipsacongruentia,qua
1117 2176 1224 2241 ohram
1247 2178 1417 2258 imaginem
1446 2180 1507 2241 dici
1536 2181 1630 2261 paulo
1650 2188 1725 2245 ante
1747 2205 1770 2247 a
1788 2194 1889 2249 sancte
2010 2248 2011 2253 ,

295 2288 361 2331 non
374 2271 594 2353 appetitionem
603 2272 730 2352 precise
740 2273 872 2353 respicit,
882 2274 937 2334 sed
961 2292 1067 2337 veram
1116 2269 1237 2333 Thomu
1255 2270 1430 2346 didissimub
1452 2291 1522 2352 ‘111ae
1544 2292 1616 2337 cum
1641 2277 1816 2358 archetypo
1837 2298 1889 2341 ⁸¹1⁰
2010 2310 2011 2317 ¹

296 2379 541 2443 germanamque
555 2365 699 2444 speciem,
719 2371 751 2424 et
769 2364 947 2429 absolutum
965 2385 1068 2429 exem
1117 2361 1295 2443 quadraret.
1311 2364 1361 2427 Sic
1374 2364 1540 2443 pulchrum
1553 2384 1667 2446 corpus
1679 2368 1820 2432 bominis
1838 2390 1888 2433 ro·

231 2503 237 2515 .
296 2452 365 2535 pler
378 2454 437 2528 sui,
454 2472 549 2534 quem
564 2463 628 2517 ἰδέαι
652 2455 802 2517 Platonici
822 2457 995 2521 nominant.
1016 2460 1068 2521 list
1116 2471 1224 2517 camus
1239 2452 1376 2536 (utamur
1389 2457 1475 2519 enim
1487 2458 1692 2521 similitudine
1711 2481 1887 2543 corporum,

297 2545 382 2609 enim
396 2546 442 2608 rei
454 2546 618 2626 cujuslibet
627 2547 762 2629 perfecta
776 2548 929 2627 quaedem,
953 2556 984 2611 ct
998 2570 1066 2613 cm·
1116 2565 1153 2607 ac
1175 2565 1334 2623 sensuum,
1359 2554 1527 2630 antequam
1553 2551 1784 2632 intelligibilem
1804 2556 1888 2620 illum

296 2637 389 2699 nibus
410 2638 474 2699 suis
487 2639 637 2719 numeris,
653 2658 689 2701 ac
707 2640 847 2719 pertibus
867 2648 1020 2722 constans,
1036 2651 1068 2707 et
1116 2639 1270 2715 decorem,
1292 2641 1346 2719 qui
1366 2647 1413 2703 est
1433 2642 1468 2703 in
1491 2642 1607 2721 animo,
1632 2648 1887 2731 contemplemur)

296 2730 437 2793 absoluta
456 2730 572 2795 torma:
588 2750 659 2815 qum
672 2732 752 2797 inest
764 2733 903 2815 primum
915 2734 949 2795 in
962 2743 1068 2799 mente
1116 2732 1283 2812 pulchrum
1308 2751 1383 2813 ergo
1411 2736 1605 2815 appellamus
1622 2756 1699 2800 eum
1716 2740 1885 2815 hominem.

296 2823 362 2903 ipsa
381 2824 456 2900 Dei;
471 2829 540 2884 tum
553 2825 689 2889 secundo
716 2826 750 2885 in
763 2831 868 2889 mente
894 2826 1068 2908 intelligen—
1116 2825 1170 2903 qui
1193 2825 1280 2887 illam
1313 2825 1407 2887 halret
1429 2827 1503 2901 oris,
1530 2847 1568 2889 ac
1593 2830 1699 2893 vnltm
1720 2833 1887 2898 conforma-

298 2915 401 2996 tiaque
425 2917 545 2979 ratione
567 2917 789 2997 praeditorum
812 2919 900 2997 cujus
917 2922 1069 2987 nonnulla
1116 2915 1253 2993 tionem,
1276 2934 1408 2998 eamque
1434 2919 1650 2983 membrorum
1679 2923 1833 3003 liguram
1858 2934 1887 2991 ct

296 3006 352 3087 vis,
369 3027 405 3077 ac
432 3009 583 3089 particula
599 3010 632 3073 in
654 3029 763 3073 sensus
780 3011 874 3093 ipsos,
895 3015 1068 3092 praesertim
1116 3008 1312 3088 elegantiam,
1328 3014 1422 3089 atque
1439 3011 1526 3073 illam
1539 3013 1674 3093 denique
1695 3017 1809 3080 coloris
1823 3037 1887 3083 sna·

296 3099 469 3177 interiores,
485 3103 539 3182 qui
553 3104 587 3165 in
600 3104 728 3164 bomine
742 3108 824 3181 sunt,
842 3104 1004 3166 redundat.
1115 3100 1253 3177 vitatem,
1270 3120 1365 3181 quam
1378 3103 1513 3181 perfecta
1525 3106 1658 3184 requirit
1679 3107 1815 3173 humani
1826 3130 1887 3173 cer

337 3193 403 3255 Vll.
419 3195 552 3274 Etenim,
569 3201 605 3256 ut
614 3196 698 3277 quod
707 3196 787 3275 volo,
805 3196 1068 3278 Ciceronispctius
1116 3192 1201 3272 poris
1213 3193 1340 3272 specics,
1357 3194 1533 3273 cujusmodi
1554 3196 1588 3257 in
1601 3199 1743 3261 sensibus
1767 3206 1883 3277 nostris,

297 3282 329 3345 in
356 3284 481 3347 Oratore
506 3286 547 3347 od
572 3286 712 3366 Brutum,
743 3307 838 3369 qnam
862 3288 939 3351 meis
965 3290 1067 3352 verbis
1115 3285 1289 3364 animisque
1312 3286 1567 3349 circumferimus.
1595 3290 1704 3371 ltaque
1725 3301 1821 3373 prout
1837 3296 1886 3358 illa

297 3393 451 3457 enarrem,
476 3379 584 3441 «nibil
597 3385 643 3441 est
656 3381 690 3442 in
707 3380 771 3442 ullo
788 3399 902 3461 genere
922 3387 988 3444 tam
1001 3384 1069 3463 pul·
1116 3381 1163 3436 est
1181 3377 1302 3441 diverse
1325 3376 1436 3451 formu.
1463 3397 1559 3459 quam
1571 3380 1703 3444 interius
1724 3388 1886 3465 cogitatam

298 3468 420 3549 chrum,
437 3489 499 3549 quc
519 3490 585 3533 non
600 3472 759 3552 pulchrius
771 3473 803 3534 id
816 3473 866 3549 sit,
880 3474 963 3535 unde
977 3475 1065 3552 illud,
1117 3473 1148 3529 ei
1173 3486 1349 3549 exprestam
1376 3471 1548 3547 bohemum
1574 3473 1618 3535 ita
1637 3477 1763 3539 varium
1782 3490 1830 3543 eat
1850 3482 1887 3543 de
2011 3494 2012 3547 Τ

298 3567 333 3623 ιιι
351 3580 390 3622 er
409 3580 463 3623 ore
481 3562 596 3644 aliquo,
616 3565 705 3644 quasi
731 3564 845 3645 imago,
863 3567 1065 3647 exprimatur,
1116 3561 1347 3640 pulchritudine
1388 3562 1542 3640 judicium
1589 3565 1767 3632 bominum.
1813 3573 1887 3635 Nam
2011 3618 2012 3633 ι

298 3655 382 3737 quod
407 3673 509 3737 neque
536 3655 645 3733 ocubs,
674 3674 776 3737 neque
802 3658 939 3736 auribus,
965 3678 1068 3740 neque
1116 3654 1287 3734 AEthiopes‚
1318 3655 1453 3735 exempli
1490 3657 1599 3736 grafia,
1626 3660 1682 3739 qui
1709 3663 1838 3742 nigrum
1855 3667 1888 3729 in

298 3745 363 3807 ullo
373 3764 466 3811 sensu
478 3748 594 3831 percipi
608 3753 719 3829 potest,
732 3749 918 3830 cogitatione
932 3756 1065 3831 tantam,
1115 3764 1244 3827 ramore
1256 3746 1391 3808 colorem
1401 3746 1528 3811 candori
1536 3749 1718 3830 preferant.
1733 3754 1815 3821 tmda
1826 3776 1887 3820 mc

299 3843 331 3899 et
352 3846 457 3902 mente
491 3840 736 3921 complectimur.
765 3842 872 3922 Itaque
894 3851 926 3904 et
952 3844 1068 3907 Phidiae
1116 3844 1242 3899 censent
1259 3839 1390 3899 candidu
1407 3858 1548 3920 wrm,
1573 3843 1887 3921 nigrameeformosa

298 3931 480 4011 simulacris,
492 3933 605 4011 quibus
618 3934 696 3997 nihil
715 3934 749 3997 in
762 3933 816 3997 illo
829 3935 1068 4015 genereperfee
1112 3931 1264 4010 judicant.
1286 3931 1449 3993 ansecus
1473 3934 1583 3995 eadem
1604 3935 1643 3997 dc
1660 3954 1696 3999 re
1716 3941 1884 4018 sentimum

298 4024 359 4084 tius
390 4024 543 4102 videmus,
569 4022 673 4089 ethis
700 4027 836 4106 picturis.
861 4046 937 4107 quas
965 4029 1066 4091 nomi-
1117 4024 1190 4104 quia
1213 4022 1301 4083 aliter
1324 4023 1459 4086 nntituti
1483 4043 1602 4089 summ.
1622 4030 1764 4105 «Greci,
1789 4035 1887 4115 inquit

298 4117 383 4191 nau,
404 4117 539 4195 cogitare
561 4123 668 4179 tamen
686 4137 851 4199 possumus
875 4119 1065 4199 pulchriora.
1116 4115 1343 4177 Alexandrinus
1357 4116 1507 4194 Clemens,
1523 4118 1605 4180 sicut
1624 4119 1809 4187 hominibus
1827 4128 1887 4189 tor-

299 4208 361 4268 Nec
375 4226 448 4269 vero
466 4208 651 4286 illeertiiex,
675 4228 747 4272 cum
769 4210 883 4273 faceret
904 4211 989 4273 ioris
1007 4211 1068 4273 for·
1116 4206 1375 4276 martenesie
1396 4208 1507 4271 iisdem
1534 4229 1670 4292 quoque,
1686 4216 1802 4294 quibus
1818 4220 1885 4299 ipsi,

299 4317 394 4379 mam,
407 4306 461 4361 eut
470 4301 625 4381 Minerva,
641 4302 907 4382 contemplabatru
917 4303 1063 4382 aliquem,
1115 4300 1213 4361 animi
1237 4300 1522 4380 perturbationibus
1546 4304 1625 4365 Deos
1644 4315 1770 4385 ponunt
1791 4310 1886 4373 obne-

299 4409 392 4471 equo
416 4393 649 4453 similitudinem
671 4394 816 4469 duceret;
844 4394 897 4454 scd
920 4395 1016 4474 ipsius
1033 4398 1067 4457 in
1115 4392 1200 4466 xios3
1216 4398 1248 4451 ct
1269 4392 1532 4471 quemadmodum
1551 4412 1661 4456 eorum
1686 4398 1806 4463 formas
1831 4405 1886 4465 sihi

299 4489 404 4546 mente
413 4485 565 4546 insidebat
577 4485 692 4565 species
703 4485 940 4565 pulchritudinis
952 4488 1067 4550 eximia
1115 4483 1230 4544 similes
1239 4483 1353 4562 singuli
1362 4484 1549 4559 describunt,
1563 4493 1599 4548 ut
1612 4488 1656 4549 ait
1669 4490 1885 4573 Xenophanem

298 4577 452 4654 quaedam,
467 4595 562 4656 quam
575 4577 710 4653 intuens,
726 4579 759 4637 in
772 4595 869 4658 esque
881 4578 1010 4657 defixus,
1027 4583 1067 4642 ad
1115 4575 1275 4655 AEthiopes
1282 4576 1408 4655 quidem
1417 4577 1522 4656 nigros
1535 4579 1680 4657 etsimos,
1690 4584 1826 4647 Thraces
1837 4606 1888 4649 au

297 4666 379 4726 illius
404 4668 635 4729 similitudinem
661 4674 770 4746 amem,
788 4674 819 4730 et
841 4688 971 4733 manum
995 4671 1067 4733 diri·
1114 4673 1179 4728 tem
1205 4666 1316 4744 fulvos,
1342 4674 1373 4729 et
1386 4669 1524 4731 caeruleis
1547 4672 1659 4748 oculis;
1685 4676 1730 4737 sic
1750 4677 1888 4742 etiamst

297 4759 439 4837 gebat.»
471 4759 521 4820 Sic
547 4778 653 4823 rerum
680 4762 821 4823 omnium
843 4761 943 4824 insitae
956 4770 1030 4825 sunt
1047 4785 1066 4824 a
1114 4760 1235 4821 animos
1248 4759 1417 4821 assimilant
1427 4758 1474 4835 iis,
1491 4763 1545 4841 qui
1560 4782 1612 4825 eos
1625 4765 1840 4847 effinguntur

297 4856 462 4925 naturaet
470 4858 541 4913 ante
549 4859 701 4933 percepta
712 4855 864 4928 nonanes,
875 4873 952 4934 quas
961 4860 1064 4935 treolae,
1156 4852 1236 4913 Vlll·
1266 4852 1459 4913 (10118111Πῦ01
1491 4860 1546 4927 est,
1577 4861 1608 4916 ct
1634 4858 1674 4917 ab
1703 4861 1886 4941 opinionum

299 4947 329 5001 et
348 4954 480 5025 προλήψεις
506 4944 656 5025 appellari
681 4946 755 5007 dicit
779 4942 813 5009 in
845 4945 959 5026 Topicis
983 4947 1066 5011 idem
1115 4944 1263 5007 verietate
1292 4943 1421 5007 solutior
1452 4945 1492 5007 de
1520 4948 1644 5027 virtute,
1666 4969 1704 5012 nc
1725 4970 1800 5016 rere
1817 4956 1885 5037 pul·

335 5273 355 5311 a
373 5258 458 5314 Casu.
484 5259 567 5316 Atax.
592 5260 640 5318 vlt
664 5258 1065 5334 51νοιιι.”1·]λληνιςιιῶσπερ
1114 5271 1258 5338 didicerim
1281 5273 1397 5345 μέλανας,
1417 5275 1554 5346 capoten,
1569 5276 1663 5349 Θρᾷκές
1681 5280 1882 5353 emptaeque}

299 5339 532 5423 ἀνθρωπομόρφους,
556 5344 620 5397 οὕτω
644 5344 684 5397 καὶ
700 5342 896 5416 ἂνθρωποπαθιΐς
921 5347 977 5408 robe
998 5346 1064 5409 θεοὺς
1112 5354 1239 5425 γλαυκοῦς·
1255 5355 1369 5408 οὕτωκαὶ
1384 5355 1427 5418 τὰς
1440 5357 1520 5430 ψυχὰς
1533 5359 1674 5429 ipocrisis,
1688 5363 1730 5415 καὶ
1742 5363 1884 5426 retentae

297 5420 458 5476 caertesae.
473 5425 512 5477 rai
532 5426 638 5498 καθάπερ
653 5425 696 5488 τὰς
711 5424 804 5499 μορφὰς
817 5427 896 5481 αὐτῶν
910 5428 996 5499 ὁμοίας
1009 5426 1063 5484 ἕω·
1112 5434 1316 5492 ἀναπλάττουσιν.

296 5508 349 5568 τοῖς
368 5507 466 5561 ἕκαστοι
493 5509 710 5581 διαζωγραφοῦσιν·
734 5510 766 5573 ὡς
779 5510 851 5580 φησιν
874 5510 888 5563 ὁ
912 5512 1059 5583 Ξενοφάνης·
