4030 6204
309 359 368 419 ott
815 359 1141 422 rittotoffloottutt
1163 357 1379 422 DOGMATUM

310 524 422 585 alicui:
451 525 531 586 siout
565 544 637 606 pers
663 526 800 607 corporis
827 526 868 587 ad
900 525 1082 586 universum
1131 523 1197 585 cori
1223 523 1323 605 posita
1350 522 1429 584 ratio
1458 528 1516 583 est.
1545 518 1617 581 Tria
1643 525 1718 580 sunt
1743 516 1841 593 enim,
1869 522 1905 577 nt

310 636 413 694 suum,
442 623 497 678 aut
523 619 767 681 calceamentum
796 620 836 679 ad
863 621 1015 700 pedem.»
1039 618 1083 679 De
1131 622 1256 679 sanctus
1288 616 1423 676 Thomas
1445 613 1546 689 docet,
1573 613 1614 673 ad
1640 608 1905 692 pulchritudinem

311 728 374 790 qno
388 710 482 772 etiam
495 717 691 790 argumento,
716 712 776 772 hoc
789 717 835 772 eet
848 711 887 772 de
908 710 1038 791 pulchro
1052 714 1084 770 et
1131 708 1321 770 nwssaria:
1342 708 1476 769 «Primo
1499 706 1625 786 quidem
1651 702 1824 782 integritas,
1843 700 1906 761 sire

311 809 393 884 opto,
417 803 512 864 libros
529 822 561 865 se
577 804 654 865 duos
677 804 727 864 vel
740 810 802 865 tres
815 804 855 864 ed
878 803 1018 864 lilerium
1032 820 1084 881 ge
1132 802 1288 882 perfectio.
1310 801 1385 876 Qum
1398 799 1484 861 enim
1496 797 1650 860 diminuta
1662 801 1746 871 sunt,
1761 793 1823 854 hoc
1841 792 1906 872 ipso

311 913 385 957 nere
399 897 525 974 Syrum,
542 895 689 957 Romane
703 895 789 957 urbis
812 900 967 956 oratorem
980 895 1084 956 Gracc
1132 895 1236 974 turpia
1248 899 1332 955 sunt.
1357 893 1396 954 Et
1408 890 1513 953 debita
1526 888 1694 970 proportio,
1717 886 1782 946 sire
1796 902 1905 945 conso·

312 988 479 1066 Latineque
501 987 738 1049 disertissimum
762 988 916 1068 scripsisse
928 986 1082 1048 meminit.
1133 987 1251 1048 nantia.
1266 987 1304 1047 lit
1316 986 1432 1046 iterum
1446 983 1581 1044 claritas.
1597 981 1686 1043 Unde
1699 997 1771 1058 quae
1789 976 1907 1037 babent

313 1081 464 1154 Quocirca
480 1079 791 1160 pulchritudinemin
814 1084 879 1141 toto
893 1079 967 1154 suis,
988 1083 1019 1139 et
1032 1077 1084 1137 iis-
1134 1079 1270 1140 colorem
1291 1077 1440 1153 nitidum,
1459 1075 1668 1157 pulchreesse
1690 1067 1903 1132 dicuntum.»

313 1173 385 1233 dem
410 1178 481 1251 apte
495 1170 721 1232 cohaerentibus
758 1176 921 1232 constante
945 1169 1086 1250 partibus
1135 1172 1311 1246 Quinetiam
1337 1170 1423 1250 quod
1450 1167 1586 1229 Hilarius
1604 1165 1639 1227 in
1665 1163 1803 1225 smundo
1825 1159 1906 1223 libro

314 1264 499 1325 constituero
519 1264 662 1339 iidetur;
678 1264 762 1344 quod
776 1281 850 1324 vero
863 1268 972 1343 aptum
994 1280 1084 1322 voca-
1135 1265 1309 1346 scripserat,
1329 1262 1492 1343 «spteciem
1505 1278 1571 1322 esse
1584 1258 1618 1319 in
1629 1256 1778 1336 imagine,
1792 1276 1809 1313 s
1824 1252 1907 1315 idad

315 1357 420 1432 tur,in
434 1354 562 1436 singulis
574 1354 725 1436 partibus.
1136 1357 1248 1418 Filium
1268 1355 1435 1437 pertinere,
1459 1358 1530 1434 post
1555 1350 1766 1431 Augustinum
1802 1345 1909 1408 asserit

354 1449 406 1508 lV.
427 1449 544 1509 Verum
565 1466 630 1508 non
657 1447 750 1508 modo
778 1464 890 1527 corpus
916 1446 1085 1526 integrum
1135 1449 1252 1511 ibidem
1276 1453 1401 1509 sanctus
1427 1446 1573 1521 Thomas,
1606 1464 1622 1501 1
1649 1443 1840 1521 inquantum
1866 1441 1908 1499 est

315 1546 476 1617 aetolum,
501 1540 662 1602 sedetiam
690 1557 884 1619 unaqueque
898 1557 969 1619 pars
993 1538 1088 1600 totius
1136 1543 1241 1621 imago
1250 1558 1393 1620 expressa
1416 1537 1525 1599 Petris.
1541 1535 1632 1598 Unde
1644 1534 1800 1607 videmus,
1829 1529 1908 1609 qnod

314 1633 443 1713 pulchra
456 1651 511 1712 per
525 1650 634 1692 senon
647 1632 751 1692 minus
765 1631 889 1705 dicitnr,
906 1647 1003 1709 quam
1015 1634 1089 1710 apto
1136 1635 1242 1714 aliqua
1255 1633 1359 1712 imago
1373 1630 1487 1691 dicitur
1499 1647 1567 1690 esse
1579 1626 1723 1709 pulchre,
1735 1624 1764 1685 si
1777 1623 1907 1704 periente

315 1725 560 1804 conveniensque
573 1724 641 1784 toti.
656 1725 693 1783 Et
706 1741 778 1784 cnm
786 1721 985 1803 pulchritudo
994 1722 1089 1783 etiam
1137 1730 1448 1807 repraesentetrem.c
1466 1720 1657 1801 Augustinus
1664 1736 1751 1794 vero,
1766 1717 1906 1795 olmago,

315 1817 368 1877 illo
382 1818 475 1877 modo
498 1821 633 1896 sumpte,
663 1833 703 1875 ex
716 1815 795 1894 aptis
823 1820 854 1875 et
881 1818 1089 1894 congruenter
1137 1818 1251 1898 inquit,
1266 1817 1292 1878 si
1305 1815 1438 1897 perfecte
1463 1813 1573 1893 implet
1584 1811 1674 1885 illud,
1697 1809 1789 1887 cnjus
1810 1808 1907 1887 imago

315 1909 465 1971 consertis
478 1910 613 1969 invicem
634 1907 776 1988 pertibus
790 1906 923 1967 conssatc
945 1906 994 1981 sit,
1010 1904 1090 1966 nihil
1139 1912 1274 1991 meipsa
1301 1912 1480 1987 coaequatur
1505 1905 1562 1982 illi,
1591 1922 1656 1965 non
1682 1902 1761 1963 illud
1785 1899 1908 1979 imagini

316 2002 401 2063 abeo
410 2002 547 2082 quodest
560 2006 680 2082 aptum,
690 2000 813 2061 differre
821 1999 955 2060 videtin.
966 1997 1089 2059 Etenim
1139 2022 1213 2065 suoe.
1229 2004 1265 2066 In
1288 2020 1352 2081 qua
1373 1999 1544 2078 imaginem
1570 1996 1705 2077 speciem
1727 1993 1907 2065 nominant

317 2113 355 2156 ex
382 2094 488 2155 multis
504 2095 583 2174 aptis
602 2093 645 2168 id,
670 2093 755 2172 quod
769 2092 881 2169 existit,
908 2097 1017 2171 aptum
1044 2095 1090 2151 est
1139 2097 1231 2158 credo
1251 2099 1378 2175 propter
1404 2089 1689 2171 pulchritudinem
1714 2087 1771 2147 ubi
1789 2087 1909 2164 jamost

318 2192 349 2247 et
362 2187 474 2268 ipsum.
490 2186 568 2246 Tam
589 2185 674 2246 enim
696 2184 800 2265 ipsum
823 2184 963 2264 partibus
981 2187 1091 2263 aptum
1141 2194 1227 2250 tanta
1234 2184 1448 2265 congruentia,
1463 2187 1494 2244 et
1507 2183 1610 2263 prima
1622 2180 1797 2260 equalitas,
1813 2178 1908 2258 etpri-

319 2287 365 2341 cst
387 2280 460 2354 suis,
481 2295 576 2358 quam
591 2276 806 2357 ipsisingulae.
821 2274 1091 2337 Verumtamenin
1140 2298 1193 2343 ma
1217 2277 1386 2341 similitudo
1400 2275 1487 2336 nulla
1513 2275 1548 2336 in
1561 2292 1594 2335 re
1607 2272 1770 2347 dissidens,
1786 2269 1909 2331 etnullo

319 2372 447 2453 epistola
474 2389 493 2431 v
520 2369 663 2431 eamdem
685 2368 892 2430 differentiam
912 2367 1035 2447 pulchri
1061 2370 1092 2427 et
1141 2373 1235 2434 modo
1247 2369 1420 2451 inaequalis,
1435 2373 1467 2429 et
1484 2366 1572 2429 nulla
1594 2369 1734 2444 exparte
1747 2362 1907 2435 dissimilis,

320 2464 383 2543 opti
411 2463 608 2523 commendet
639 2461 847 2540 Augustinus:
882 2480 898 2517 «
925 2460 1092 2520 Pulchrum
1140 2466 1195 2527 scd
1208 2464 1247 2525 ad
1260 2462 1430 2525 identidem
1443 2459 1632 2540 respondens
1645 2456 1685 2531 ei,
1702 2455 1794 2534 errius
1814 2455 1910 2533 imago

320 2555 415 2631 enim,
431 2555 485 2629 ait,
507 2572 563 2634 por
590 2553 725 2633 seipsum
752 2553 974 2627 consideretur,
1000 2556 1092 2631 atque
1141 2556 1221 2618 est’.
1243 2554 1359 2616 »Adeo
1382 2552 1579 2634 perspicuum
1597 2555 1654 2626 est,
1675 2546 1910 2629 pulchritudinis

321 2647 480 2722 laudetur,
505 2647 555 2706 oui
576 2650 666 2726 turpe
683 2664 720 2707 ac
738 2646 875 2708 deforme
902 2645 1093 2706 contrarium
1141 2650 1296 2711 rationem
1318 2647 1353 2708 in
1375 2644 1600 2721 convenientia,
1625 2647 1658 2703 et
1678 2641 1817 2722 quadam
1836 2639 1909 2701 adn

322 2744 376 2800 est.
388 2739 505 2819 Aptum
517 2757 603 2813 vero,
614 2738 665 2798 cui
683 2756 723 2799 ex
735 2739 864 2799 adverso
878 2743 925 2799 est
937 2738 1091 2817 ineptum,
1143 2740 1289 2822 qimtione
1303 2739 1480 2801 consistere.

322 2831 410 2911 quasi
419 2831 595 2910 religatum,
606 2831 863 2912 pendetaliunde;
875 2836 1095 2891 neoexsemet
1182 2835 1221 2895 V.
1242 2832 1449 2908 Quamobrem
1463 2827 1675 2909 Dionysiusin
1688 2823 1910 2888 libroclcllici·
2009 2902 2010 2917 χ

322 2925 399 3003 ipso,
429 2923 483 2984 sed
497 2942 536 2984 ex
555 2942 603 3000 eo,
619 2923 669 2984 oni
693 2922 897 2997 connectitur,
913 2922 1092 3001 J'ndicetnr:
1143 2927 1190 2988 nic
1203 2925 1379 3000 nominibus,
1403 2924 1503 3004 capite
1523 2939 1565 2997 tv,
1585 2922 1686 2982 Deum
1700 2919 1745 2979 ait
1757 2934 1909 2979 summum
2009 2920 2010 2923 ’

322 3015 473 3076 nimirum
486 3015 581 3076 etiam
602 3016 724 3091 decens,
749 3021 842 3094 atque
865 3014 1021 3089 indecens,
1046 3014 1096 3075 vel
1144 3038 1209 3081 esse
1222 3018 1400 3099 pulchrum,
1416 3030 1632 3092 summamque
1642 3010 1909 3092 pulchritudinem,

322 3107 381 3169 hoc
395 3108 479 3168 idem
493 3113 549 3184 est,
565 3108 616 3168 vel
628 3107 757 3188 perinde
779 3107 922 3168 babetm.
938 3127 954 3165 c
977 3107 1095 3187 Nempe
1148 3111 1261 3191 «quod
1282 3110 1323 3170 sit
1348 3109 1442 3169 rebus
1464 3106 1610 3169 omnibus
1636 3104 1859 3183 congruentia,
1884 3106 1912 3162 et

323 3218 383 3260 ror
406 3207 521 3280 aptum,
542 3199 650 3260 Latine
673 3204 720 3260 est
738 3217 898 3260 connectam
915 3198 965 3259 vel
984 3197 1095 3278 relico·
1145 3201 1368 3266 convenientiae
1382 3218 1486 3275 causa,
1497 3217 1555 3259 nee
1568 3216 1634 3260 non
1647 3196 1759 3257 nitoris
1772 3202 1805 3256 et
1817 3195 1911 3275 splen·

324 3299 398 3351 tum.
415 3291 501 3352 Idem
518 3308 592 3352 vero
616 3298 662 3352 est
675 3310 711 3353 ac
726 3291 849 3369 decens,
865 3290 915 3352 vel
932 3290 1093 3353 decorum.
1146 3296 1230 3358 doris
1250 3290 1448 3373 ciijmdamt.
1471 3313 1487 3350 n
1514 3290 1576 3352 Ubi
1594 3291 1672 3352 duas
1691 3289 1773 3363 illas,
1793 3304 1911 3367 quasex
2008 3300 2009 3327 ¹

326 3383 369 3444 Ac
389 3402 482 3444 nemo
497 3389 544 3445 est
562 3384 638 3465 quin
659 3384 730 3460 hoo,
755 3384 840 3465 quod
853 3389 900 3444 est
913 3389 1032 3464 aptum,
1047 3385 1098 3445 vel
1146 3386 1321 3460 Aristotele,
1346 3385 1504 3459 Cicerone,
1529 3388 1561 3444 et
1583 3382 1759 3462 Augustino
1773 3378 1912 3441 referetu-

326 3474 876 3557 deeens,cumipsapulch1itudinis
889 3482 1002 3538 notura
1024 3496 1096 3538 con·
1147 3496 1229 3554 mus,
1261 3475 1502 3559 pulchritudinis
1538 3480 1641 3554 partes
1672 3470 1910 3551 comprehendit.

323 3567 469 3645 junctum
491 3586 556 3629 esse
584 3572 717 3628 censent.
739 3568 806 3641 Quo
833 3568 910 3629 illud
929 3573 1045 3649 spectat
1058 3568 1098 3629 ab
1147 3569 1409 3644 convenientiam,
1425 3565 1585 3642 etooloris,
1597 3566 1660 3627 sire
1669 3565 1781 3626 nitoris
1794 3562 1914 3624 suavita

328 3658 489 3720 Aristotele
530 3658 687 3739 proditum
724 3659 758 3719 in
796 3660 898 3739 primo
932 3658 1100 3720 Rhetorice·
1147 3668 1223 3739 tem,
1239 3667 1270 3723 et
1282 3660 1479 3740 elegantiam.
1495 3660 1577 3720 Tum
1598 3657 1682 3720 idem
1706 3675 1782 3718 mox
1807 3656 1911 3734 Diony·

329 3770 407 3827 t‘urn,
424 3751 521 3830 eapite
538 3770 565 3811 v.
590 3772 605 3810 o
625 3751 889 3812 Pulchritudinem
917 3751 1010 3812 obem
1033 3751 1100 3813 aliis
1148 3755 1211 3816 sius
1224 3753 1497 3834 pulchritudinem,
1513 3756 1550 3812 ut
1561 3751 1643 3813 inest
1663 3753 1738 3827 Deo,
1754 3749 1912 3830 explicem.

331 3843 473 3904 aetatibus
495 3842 670 3904 conuenire.
685 3844 728 3904 Ac
747 3842 871 3922 juvenis
885 3844 1012 3923 quidem
1029 3844 1099 3924 pul-
1149 3846 1232 3909 inter
1244 3847 1316 3921 aba,
1336 3867 1351 3905 o
1373 3844 1603 3927 pulchritudine
1616 3843 1913 3904 eitoonstareremm

332 3934 585 3996 cbritudinemin
598 3953 635 3996 co
646 3934 747 4002 sitam,
764 3940 799 3995 ut
812 3934 926 3996 habent
933 3936 974 3996 ad
981 3935 1102 3997 labores
1151 3940 1293 4001 omnium
1306 3939 1388 4000 inter
1409 3957 1442 4000 se
1455 3942 1581 3999 mutuas
1591 3936 1814 4011 connexiones,
1829 3938 1859 3994 ct
1869 3950 1913 3992 oo

333 4025 509 4087 tolerandos
522 4026 597 4087 utile
619 4045 742 4107 corpus,
769 4030 832 4087 tam
855 4027 963 4107 qnied
976 4045 1102 4089 cursum
1151 4026 1910 4111 hemndasacpulchritudineomninmpntat‘s

333 4136 428 4198 quam
441 4118 548 4198 qnied
570 4119 635 4180 vim
656 4120 850 4194 referuntur;
871 4119 914 4180 ita
925 4127 961 4182 ut
978 4125 1103 4200 aspectu
1153 4124 1241 4199 ltem,
1261 4122 1425 4199 «Pulchri,
1449 4121 1563 4201 inquit,
1578 4139 1672 4182 eausa
1683 4120 1767 4182 finnt
1780 4118 1911 4191 omnm·

334 4211 436 4272 suevis
458 4212 584 4292 insuper
609 4212 649 4271 sit
674 4210 863 4272 ediructnm
882 4217 912 4273 et
925 4211 1103 4275 oblectatio·
1153 4215 1305 4291 etelllox,
1321 4212 1681 4294 oldeopnlchrnmidem
1690 4211 1913 4280 estoumbono3

335 4313 441 4364 nemt.
457 4324 472 4361 t>
490 4305 557 4377 Quo
571 4321 609 4364 es
626 4304 693 4365 loco
715 4303 953 4384 pulchritudinis
964 4304 1104 4385 superio·
1154 4306 1305 4387 quoniam
1313 4305 1436 4386 pulchri
1455 4311 1487 4367 et
1498 4304 1573 4367 boni
1590 4323 1792 4386 peromnem
1804 4315 1915 4365 canam

335 4413 403 4455 rem
416 4396 502 4456 illam
514 4394 725 4456 definitionem
747 4395 852 4456 Cicero
875 4395 1016 4457 confecit.
1037 4399 1106 4459 Non
1155 4397 1321 4478 cupiditate
1342 4403 1491 4460 tenentur
1505 4399 1623 4474 omnia,
1638 4416 1697 4459 nec
1714 4396 1784 4458 lilla
1796 4414 1845 4457 res
1864 4391 1916 4454 exi-
2005 4446 2006 4449 ,

336 4485 431 4565 igitur
455 4487 594 4549 absolute
615 4486 814 4567 poeniceo
833 4493 965 4569 ¹constat,
990 4489 1044 4550 sec
1067 4490 1107 4552 aa
1155 4491 1219 4566 set,
1235 4507 1305 4570 que
1319 4508 1385 4552 non
1398 4490 1520 4572 pulchri
1533 4490 1573 4551 ct
1586 4508 1623 4551 ac
1642 4489 1719 4551 som
1731 4489 1913 4569 umus·

337 4578 422 4640 uliud
443 4585 649 4661 comparatio,
671 4579 723 4641 cui
746 4585 911 4660 congruat3
927 4580 961 4642 in
975 4598 1037 4661 quo
1051 4581 1106 4643 dc·
1156 4583 1256 4656 Quem
1268 4583 1308 4644 od
1331 4582 1436 4645 locum
1459 4582 1612 4644 Maximus
1625 4587 1758 4661 martyr,
1777 4578 1917 4641 oEtenim

374 4871 396 4912 α
413 4857 503 4912 Ants‘t,
517 4856 535 4911 1.
561 4854 643 4912 atet.
668 4855 1032 4928 οερ.1.Κόλλοςδὲίτερον
1054 4855 1109 4910 καθ’
1160 4858 1303 4930 sculptiles,
1319 4857 1361 4911 acl
1378 4857 1568 4912 corroderent
1590 4862 1628 4931 τῷ
1644 4858 1716 4930 καλῷ
1738 4857 1918 4925 tisthai*

339 4938 442 5008 ἑκάστην
456 4937 553 5007 illatae
578 4936 638 4993 1111.
661 4939 717 4992 ilco
746 4937 789 5011 plu
813 4933 855 4991 oin
869 4939 970 5004 κάλλος,
995 4939 1024 4994 rb
1049 4940 1110 5013 opit
1161 4958 1212 5005 ται,
1227 4948 1280 4997 etc.

339 5023 394 5085 tob<
402 5023 492 5084 πόνους
500 5022 622 5095 χρήσιμον
637 5021 703 5095 ἔχειν
713 5021 742 5075 rb
751 5027 836 5094 σῶμα,
850 5021 906 5084 τούς
916 5041 942 5076 τε
952 5022 1011 5096 πρὸς
1017 5024 1109 5095 δρόμον
1198 5024 1261 5083 Mox
1275 5043 1282 5079 :
1302 5024 1352 5076 rot
1361 5023 1439 5077 καλοῦ
1452 5023 1498 5097 γὰρ
1510 5023 1581 5077 ivm
1588 5024 1668 5078 πάντα
1679 5025 1784 5098 γίνεται,
1794 5032 1848 5083 elo.

338 5106 379 5157 ml
393 5105 454 5177 πρὸς
467 5105 603 5176 placidias
615 5105 675 5159 ὄντα
690 5102 750 5157 ἰδεῖν
761 5105 821 5177 πρὸς
835 5104 983 5159 ἀπόλαυσιν.
1197 5107 1242 5160 Διὸ
1251 5107 1293 5160 καὶ
1306 5106 1394 5160 ταύτόν
1410 5104 1460 5161 ἔστι
1477 5107 1574 5179 τάγαθῷ
1586 5107 1615 5161 cb
1636 5108 1723 5179 καλὸν,
1739 5111 1830 5163 buret
1841 5109 1916 5168 salsi,
2003 5126 2004 5135 ¹

376 5187 491 5243 bDlort.
515 5186 562 5249 ‘nc
581 5192 624 5255 τῆς
640 5189 738 5242 πάντων
763 5187 934 5260 εὖαρμοστῐας,
948 5189 989 5243 καὶ
1009 5185 1110 5262 ἀγλαΐας
1161 5188 1378 5262 καὶᾶγαθοῦκατὰ
1391 5191 1472 5244 πᾶσαν
1488 5189 1656 5245 &iniuratm
1665 5189 1766 5263 ἐφίεται,
1776 5190 1918 5247 nicaea

342 5268 431 5324 αἴτιον.
1163 5293 1186 5328 τι
1199 5279 1250 5327 τῶν
1260 5273 1349 5339 ὄντων,
1364 5272 1423 5348 ὒμὴ
1435 5274 1532 5347 μετέχει
1545 5279 1589 5328 toi
1602 5276 1679 5329 καλοῦ
1689 5276 1730 5329 καὶ
1746 5275 1845 5347 dymni.

378 5369 393 5409 c
412 5354 491 5410 brou.
506 5352 574 5410 ibid.
590 5354 637 5406 Kal
647 5354 687 5407 διὰ
697 5354 725 5408 τὸ
734 5355 809 5408 καλὸν
820 5354 843 5408 αἱ
853 5356 951 5410 πάντων
962 5353 1108 5428 ἔφαρμογαὶ,

372 5520 381 5563 t
396 5520 414 5563 1.
426 5518 475 5563 Par.
487 5530 509 5573 q.
522 5530 594 5571 11111,
607 5525 650 5562 art.
664 5518 684 5562 8.
698 5518 751 5563 vioe
761 5525 784 5562 ct
793 5519 815 5562 t.
829 5520 851 5563 t.
863 5530 886 5575 q.
898 5526 983 5572 courir,
996 5526 1039 5565 art.
1050 5520 1072 5564 t.
1084 5543 1111 5554 -
1122 5521 1143 5565 t.
1156 5521 1215 5577 Aug.
1224 5521 1247 5566 ln
1260 5521 1287 5566 Vl
1299 5521 1477 5568 demotites.
