4134 6182
603 1176 1211 1327 PRAEFATIO

468 1632 646 1720 NOVAE
709 1631 1345 1721 HUJUSliDlTlONlS·

158 2312 237 2379 Cum
267 2318 317 2376 tot
343 2306 486 2373 virorum
518 2304 648 2394 pietatis
672 2325 711 2372 ac
737 2304 882 2373 scientiae
905 2305 1001 2373 laude
1027 2305 1349 2391 commendatorum,
1383 2306 1439 2396 qui
1462 2306 1598 2395 singulis
1624 2317 1712 2376 retro

122 2432 251 2517 seculis,
267 2451 329 2521 pro
354 2427 477 2498 tuenda
493 2436 528 2495 et
541 2427 607 2495 late
622 2426 834 2496 dilluudeuda
855 2427 991 2498 veritate
1009 2427 1181 2513 catholica,
1201 2438 1368 2497 strenuam
1390 2438 1552 2498 naumunt
1566 2450 1711 2519 operam,

8 2562 9 2567 ’
123 2565 340 2638 monumenta,
357 2553 477 2621 nostris
497 2551 585 2620 hisce
604 2551 805 2642 temporibus
825 2553 918 2621 novis
946 2552 1030 2643 typis
1050 2552 1258 2639 mandentur,
1276 2576 1395 2645 magno
1415 2577 1500 2624 verre
1516 2554 1660 2624 scientiae
1681 2567 1716 2624 et

123 2680 244 2769 pietatis
266 2680 483 2764 incremento,
498 2676 569 2746 lieri
594 2700 662 2745 nou
681 2686 822 2766 poterat,
838 2677 918 2768 quin
940 2678 1028 2765 Opus
1045 2681 1285 2765 theotonicorum
1309 2682 1505 2766 depuratum,
1523 2701 1543 2747 a
1559 2680 1714 2774 Dionysio

124 2804 248 2874 Petusio
270 2804 512 2889 Aurelianensi,
530 2825 548 2872 e
564 2804 727 2873 Societate
741 2803 819 2871 lesu
841 2801 1042 2895 presbytero,
1064 2803 1252 2873 omnimoda
1276 2804 1468 2874 eruditionis
1488 2805 1716 2874 ecclesiastica

129 2931 215 3021 copia
234 2930 403 3014 refertum,
427 2928 511 2997 miro
534 2927 656 3018 ingenii
678 2926 828 2995 acumine
851 2947 889 2994 ao
911 2925 1025 3018 judicii
1049 2928 1193 3017 pondere
1213 2929 1457 3004 concinnatum,
1483 2929 1655 3020 purissimo
1679 2950 1719 2996 ac

8 3120 10 3155 ἶ
128 3054 363 3144 elegantissimo
384 3075 503 3144 genere
523 3052 653 3122 dicendi
665 3052 803 3143 politum
828 3074 866 3121 ao
889 3062 1054 3138 ornatum,
1087 3075 1106 3120 e
1132 3051 1401 3122 bibliothecarum
1424 3054 1558 3145 pulvere
1583 3065 1718 3124 excute-

8 3160 9 3179 ³
131 3190 226 3263 retur,
245 3202 283 3248 ac
301 3179 338 3247 iu
355 3178 464 3246 lucem
491 3177 599 3245 denuo
628 3176 785 3267 prodiret,
805 3175 921 3244 eodem
940 3175 1143 3243 eruditorum
1163 3177 1333 3267 applausu,
1354 3200 1418 3269 quo
1439 3178 1581 3269 primum
1602 3201 1718 3269 accep-

132 3316 195 3373 tum
211 3304 283 3383 luit,
293 3323 521 3393 huncquoque
533 3299 774 3391 excipiendum.
786 3299 906 3367 Notum
921 3298 1009 3368 enim
1023 3298 1175 3369 omnihus
1184 3311 1245 3387 est,
1261 3312 1383 3393 quanto
1396 3302 1474 3370 olim
1487 3303 1520 3371 iu
1536 3303 1642 3393 pretio
1658 3303 1721 3373 hoe

8 3496 9 3513 ,
132 3449 205 3517 opus
224 3426 325 3496 luerit
341 3426 429 3517 apud
442 3448 555 3495 omues
571 3424 780 3507 scientiarum
802 3424 1095 3494 ecclesiasticarum
1115 3427 1278 3511 alumnos,
1295 3428 1393 3496 etiam
1408 3428 1637 3512 heterodoxos,
1657 3451 1721 3498 nec

131 3552 208 3642 apud
225 3574 435 3644 quemquam,
454 3550 657 3620 elabentibus
677 3549 784 3631 anuis,
811 3547 933 3639 aliquid
949 3549 989 3617 de
1006 3549 1068 3618 hac
1085 3551 1299 3621 aestimatione
1319 3553 1514 3634 detractum,
1537 3553 1720 3644 etquidem

8 3680 10 3709 l
132 3675 252 3752 merito,
268 3684 305 3743 ut
321 3676 471 3766 cuiquam
486 3675 607 3765 legenti
624 3676 758 3766 patebit.

171 3798 257 3867 Nova
268 3821 356 3867 nunc
368 3822 404 3867 se
415 3799 535 3889 prodit,
551 3799 708 3869 luctuosis
717 3802 805 3871 hisce
819 3801 1030 3893 temporibus,
1043 3804 1114 3893 ejus
1125 3800 1270 3892 praeclari
1284 3801 1390 3891 operis
1406 3801 1514 3871 denuo
1530 3801 1615 3892 typis
1629 3823 1721 3870 man-

134 3920 222 3989 dandi
237 3923 477 4012 opportunitas,
490 3943 677 4013 urgensque
688 3926 874 3994 necessitas.
891 3925 997 4008 Nunc,
1015 3924 1110 3992 sicuti
1123 3925 1232 3993 evenit
1245 3926 1410 3995 nascentis
1421 3925 1574 3995 Ecclesia
1590 3924 1724 3995 incuua-

135 4041 220 4126 hulis,
238 4055 463 4116 convenerunt
479 4056 513 4113 et
537 4047 741 4118 fremuerunt
758 4051 911 4119 adversus
932 4050 1121 4133 Dominum,
1143 4059 1176 4117 et
1196 4050 1357 4140 precipue
1377 4049 1531 4117 adversus
1556 4046 1720 4115 Christum

135 4171 209 4261 ejus,
229 4170 427 4240 recentiores
446 4169 589 4238 nominis
610 4171 777 4239 christiani
796 4171 983 4257 adversarii,
1007 4192 1064 4239 seu
1081 4170 1239 4254 haeretici,
1255 4191 1312 4238 seu
1333 4170 1559 4252 rationalistae3
1577 4168 1724 4259 repetitis

136 4294 302 4363 amahus
327 4294 426 4385 ipsius
450 4293 526 4361 lidei
557 4293 807 4364 fundamentum
837 4296 1044 4385 impetentes,
1068 4302 1232 4362 aetolum
1255 4294 1423 4363 catholice
1439 4292 1605 4383 religionis
1627 4293 1724 4361 aedili-

138 4415 228 4496 cium,
243 4418 391 4508 augrrlari
401 4429 565 4487 commoto
577 4419 696 4509 lapide,
711 4420 888 4511 collapsum
901 4418 941 4486 iri
950 4418 1165 4509 praefidentes.
1178 4418 1273 4501 Quod
1286 4442 1375 4488 nuuc
1388 4421 1506 4509 agitur,
1524 4417 1602 4487 olim
1614 4429 1724 4488 actum

8 4580 9 4611 Τ
138 4553 193 4609 ost.
215 4543 349 4612 Veteres
371 4542 530 4626 haeratici,
551 4542 605 4610 alii
628 4542 750 4611 Christi
777 4543 979 4611 divinitatem
1003 4544 1180 4627 sustulere,
1202 4542 1289 4634 iique
1311 4543 1420 4633 plures
1441 4553 1475 4612 et
1493 4553 1661 4633 potentes,
1685 4566 1724 4612 ac

138 4663 351 4734 Rmoauorum
372 4666 603 4756 imperatorum
625 4668 747 4737 auxilio
762 4668 904 4738 suffulti:
924 4668 978 4735 alii
998 4668 1247 4754 humanitatem,
1267 4668 1320 4737 alii
1341 4691 1487 4760 persoure
1503 4670 1675 4751 unitatem,
1691 4668 1724 4736 hi

140 4800 322 4861 naturarum
336 4790 539 4876 dualitatem,
552 4791 586 4859 hi
598 4792 890 4864 verovoluntatum
906 4814 945 4861 ac
958 4792 1183 4882 operationum
1197 4803 1411 4883 negaverunt.
1430 4794 1520 4862 'lotis
1534 4794 1633 4883 igitur
1652 4792 1728 4861 viri·

143 4912 195 4984 hus
206 4914 387 4987 iuouhuere
398 4917 512 4985 Patres
527 4927 561 4985 et
574 4928 723 4987 auctores
734 4916 959 4997 ecclesiastici,
974 4926 1013 4985 ut
1034 4940 1110 4986 vera
1132 4918 1172 4986 de
1186 4917 1293 4986 Verbo
1311 4918 1479 4987 iucomato
1491 4918 1571 4987 fides
1591 4918 1726 4988 immota

143 5050 348 5127 pennaueret.
368 5040 445 5110 lnde
460 5049 510 5109 tot
525 5041 711 5110 doctissima
727 5040 847 5131 scripta
860 5039 1063 5130 prodierunt,
1076 5062 1185 5109 reram
1200 5040 1390 5131 religionem
1405 5043 1680 5133 propugnantium
1694 5054 1729 5113 et

144 5182 219 5233 nouo
228 5166 402 5257 splendore
415 5165 659 5234 illustrantium.
677 5166 787 5248 hrrao,
802 5162 919 5254 quihus
935 5162 975 5231 de
989 5164 1083 5233 hoste
1096 5164 1230 5255 antiquo
1243 5164 1495 5256 triumpharunt,
1506 5177 1625 5256 praesto
1634 5167 1729 5236 nohis

146 5300 213 5359 unt
237 5290 280 5359 ad
296 5310 439 5382 nuperos
452 5287 597 5360 veritatis
609 5288 720 5357 hostes
729 5286 962 5356 retundendos.
981 5287 1057 5356 llaec
1069 5299 1183 5357 auctor
1197 5298 1310 5357 noster
1324 5288 1407 5357 miro
1421 5277 1550 5376 ordine,
1569 5289 1731 5359 immensa

147 5414 330 5497 emditioue,
344 5412 498 5483 omnihus
512 5413 656 5481 numeris
669 5411 817 5481 absoluta
829 5408 943 5503 judicii
963 5412 1151 5481 maturitate
1166 5411 1331 5501 congessit
1341 5433 1381 5480 ao
1395 5411 1566 5501 disposuit,
1583 5410 1618 5483 in
1633 5435 1733 5483 aureo

243 5557 307 5609 Tor.
325 5558 348 5608 l.
1596 5561 1606 5609 t
