4096 6190
438 335 489 395 DE
509 296 583 396 lam
604 334 746 408 DElQUE
766 333 1115 409 PROPRIETATIBUS,
1138 334 1210 395 LIB.
1232 334 1299 411 Vll,
1321 335 1393 396 CAP
1413 334 1493 396 xlv,
1694 332 1753 393 623

168 495 279 560 Contra
302 495 464 578 differentes
488 498 675 580 baptismum.
705 499 820 574 Quibus
844 499 936 561 affine
985 499 1046 560 illis
1059 499 1205 580 opinione
1220 499 1312 562 luisse
1326 500 1448 575 dieitur,
1463 503 1589 560 aeternae
1603 495 1754 558 felicitatis

166 590 315 669 quiddam
327 590 422 651 hahet
442 592 573 671 Cyrillus
590 592 645 653 lib.
665 592 691 653 ll
713 590 935 673 Glaphyrai-um
984 592 1125 652 nondum
1140 598 1260 654 sanetus
1274 610 1339 654 esse
1357 595 1524 672 compotes,
1545 588 1665 651 consuli
1682 604 1753 669 pes-

167 679 197 739 in
217 680 370 743 Eundem.
387 684 430 743 De
452 702 514 763 qua
526 702 560 745 re
580 683 728 763 legendus
748 683 854 744 Billius
866 685 938 745 Gre
984 685 1204 745 suntaseurati
1220 689 1251 746 et
1268 684 1380 746 eruditi
1407 683 1582 763 scriptores,
1600 680 1654 760 qui
1673 680 1755 741 inter
1872 708 1881 727 ·

164 772 246 851 gorii
257 772 440 835 Nazianzeni
452 776 590 836 eruditus
602 776 764 855 interpres,
780 779 811 836 et
830 777 937 836 Petrus
984 775 1117 837 hereses
1139 776 1225 853 alias,
1246 777 1328 837 hane
1349 776 1442 837 etiam
1466 776 1700 855 pertractarunt,
1724 776 1756 832 et

165 863 318 926 Areudius
337 866 391 926 lib.
414 866 478 929 lde
496 868 661 949 Baptismo,
678 886 745 947 eap.
761 884 812 928 xv.
829 868 866 928 Et
879 886 937 928 nos
985 866 1051 945 ejus
1082 867 1243 928 historiam
1276 867 1439 947 diligenter
1473 866 1684 946 explicarunt3
1720 867 1756 922 ut

165 955 251 1033 alias,
268 957 293 1018 si
311 959 392 1019 Deus
406 958 536 1036 dederit,
551 961 632 1021 hane
650 959 851 1039 quaestionem
865 978 935 1039 per·
985 958 1083 1019 Guido
1098 959 1273 1036 Carmelita,
1286 959 1462 1039 Alphonsus
1475 977 1495 1019 a
1508 959 1623 1032 Casus,
1639 955 1754 1016 Bellar-

165 1047 365 1109 traetabimus
375 1048 397 1110 ¹.
984 1050 1089 1110 minus
1100 1050 1213 1130 aliique
1234 1069 1299 1112 non
1308 1051 1429 1131 pauci*.
1441 1051 1478 1112 Et
1491 1068 1548 1111 nos
1562 1049 1622 1110 alio
1631 1049 1665 1109 in
1674 1047 1753 1122 loeo,

206 1140 250 1200 De
264 1141 376 1202 Graeeis
388 1160 481 1221 porro
497 1142 729 1219 recentioribus,
741 1147 772 1202 et
780 1141 934 1218 Armenia,
984 1141 1011 1203 si
1022 1144 1084 1203 Deo
1096 1142 1199 1203 visum
1207 1142 1312 1220 fuerit,
1322 1144 1360 1205 de
1369 1143 1428 1204 hoe
1437 1146 1622 1223 argumento
1634 1139 1757 1221 plenius

165 1250 202 1292 se
215 1232 254 1293 de
267 1232 386 1295 Joanne
406 1234 489 1294 XXII
506 1235 597 1315 Papa,
613 1234 667 1314 qui
684 1235 717 1296 in
735 1234 845 1296 eadem
864 1252 936 1296 eum
985 1234 1220 1314 disputabimus.

200 1578 208 1598 ⁶
225 1582 287 1643 Ques
300 1581 358 1634 inter
379 1582 471 1635 omnino
488 1582 594 1635 senensi
610 1581 753 1644 Toumelius,
768 1580 891 1633 Wrtessias
903 1582 934 1632 de
982 1580 1005 1633 in
1019 1580 1082 1633 Hist.
1097 1580 1204 1642 Euclea„
1219 1593 1274 1632 sae.
1283 1579 1343 1632 lllll.
1354 1583 1378 1630 et
1386 1578 1446 1641 llll,
1456 1578 1546 1631 dissert.
1557 1588 1595 1643 xl,
1605 1584 1649 1630 art.
1659 1579 1684 1629 2.
1696 1578 1722 1630 Z.

165 1658 227 1720 Deo,
241 1661 322 1724 quest.
338 1669 376 1721 11,
402 1658 468 1711 artie.
492 1659 521 1721 2,
535 1662 592 1711 sect.
612 1657 638 1721 8,
657 1661 680 1710 et
701 1657 787 1710 Natalis
808 1657 934 1710 Alexander

194 1834 205 1877 l
219 1834 245 1878 ln
257 1845 313 1879 eom.
326 1834 362 1878 ad.
373 1844 405 1878 er.
419 1845 482 1886 usn,
495 1844 557 1877 num.
571 1832 605 1877 lt).
