3956 6168
366 348 417 409 DE
436 348 511 411 1)Εο
533 348 676 424 unque
696 349 1042 428 raosarersrlaua
1063 351 1136 415 ΠΒ.
1158 348 1201 430 V,
1223 353 1307 416 CAP.
1330 354 1383 415 lV.
1612 351 1673 412 era

27 500 34 513 ’
84 514 727 578 mauditumvelutmsnudeduountes
741 516 851 591 Quam-
899 517 976 579 item
997 516 1037 578 ad
1057 517 1205 581 Romanos
1225 518 1373 581 scribens.
1402 517 1489 599 Erpa
1508 516 1592 599 crpus
1609 515 1674 578 aab

84 607 191 667 obrem
216 618 287 667 eum
304 608 343 667 ds
364 607 590 671 Deivoluntate
617 626 653 668 eo
670 607 767 669 libero
785 609 852 688 ejus
899 604 1062 678 misererer.
1092 617 1120 671 et
1148 628 1233 692 quem
1259 610 1322 672 matt
1346 609 1496 672 sederat&
1521 610 1585 671 Nee
1607 626 1673 670 non

83 699 207 760 arbitrio
227 699 406 779 querimus,
426 699 514 760 illam
530 700 630 779 ipsam
651 700 852 781 intelligimus
899 702 1031 763 Jaeobus
1045 703 1143 782 eapite
1157 703 1259 783 primo
1281 702 1438 766 Coroneae
1456 720 1520 765 sue
1536 721 1543 763 ε
1562 700 1672 767 Volua-

83 790 252 853 libertatem
271 809 368 870 quam
395 791 606 870 superioribus
628 792 750 853 duobus
772 795 853 874 oapi-
900 795 975 856 torio
987 795 1092 875 ponet
1105 814 1156 857 aas
1180 796 1271 858 Verte
1286 795 1448 858 veritatu'.

82 883 383 964 tibusexposuimus.
400 885 474 959 Quae
486 884 613 964 quidem
626 886 852 949 naeemitetisia
941 886 978 947 11.
1006 887 1066 948 Sed
1100 886 1160 948 hoo
1193 888 1296 968 ipsum
1332 889 1454 969 plenius
1486 887 1673 967 manusque

83 976 273 1052 medaeas,
288 976 849 1057 plenamutagendivelnonsgendi,
900 978 1067 1058 Scripturas
1094 979 1185 1041 nobis
1214 982 1330 1042 eedem
1358 983 1589 1053 demonstrant,
1610 979 1672 1040 duo

81 1066 174 1146 hujus
185 1068 234 1129 val
246 1068 329 1129 illius
342 1069 548 1149 amplectendi
560 1069 781 1149 repudiandive
795 1090 850 1150 po-
899 1071 1043 1150 quedam
1053 1078 1223 1134 asserentes
1236 1092 1275 1136 ex
1284 1074 1398 1154 quibus
1411 1073 1489 1135 illud
1502 1072 1673 1133 neeessario

81 1165 219 1221 testatem
248 1161 363 1222 babeat
384 1180 392 1220 ι
414 1162 473 1223 hoo
499 1166 545 1223 est
574 1162 656 1223 inter
684 1167 851 1243 utrumque
899 1164 1048 1244 sequitur.
1064 1164 1215 1243 Alterum,
1237 1168 1321 1246 quod
1341 1168 1376 1228 in
1399 1165 1610 1247 superioribus
1622 1183 1672 1227 ea·

82 1270 225 1333 suspensa
238 1255 277 1314 sit
290 1259 321 1315 et
334 1254 524 1329 indifferens,
541 1259 634 1334 atque
654 1256 851 1335 expluribus
900 1256 1015 1335 pitibus
1032 1258 1164 1333 ostendi,
1184 1259 1229 1319 ita
1248 1259 1392 1321 homines
1405 1264 1488 1321 reete
1511 1264 1603 1338 atque
1614 1258 1672 1318 ho·

82 1346 203 1407 edenda
216 1352 248 1407 et
263 1348 385 1408 ratione
405 1347 535 1425 cognitis
549 1355 580 1408 et
597 1348 735 1427 objectis,
751 1367 851 1409 unum
899 1354 986 1409 ueste
1009 1368 1101 1428 egere
1120 1355 1156 1411 ut
1177 1351 1253 1411 meli
1276 1370 1312 1412 eo
1331 1351 1435 1412 vitiosi
1455 1368 1521 1411 esse
1543 1350 1671 1430 possint,

84 1438 202 1519 aliquod
214 1439 258 1500 sie
271 1439 364 1519 eligat
374 1445 410 1499 ut
419 1432 558 1518 rejicere,
578 1441 621 1501 sie
638 1445 709 1519 agat
722 1442 850 1503 omnino
899 1446 954 1501 aut
968 1459 985 1501 e
999 1442 1153 1503 eontrario
1165 1460 1204 1503 ax
1223 1443 1314 1504 malb
1330 1443 1406 1504 boni
1424 1442 1503 1504 fieri.
1518 1443 1671 1517 Alterum,

83 1536 120 1590 nt
140 1530 178 1591 ab
196 1532 317 1592 satione
341 1533 408 1611 ipse
432 1536 605 1611 temperare
630 1533 776 1612 potuerit.
799 1536 852 1595 Est
900 1533 1673 1614 Deumjudieemaeremuneratoramesseoperum

83 1624 166 1683 enim
184 1624 219 1684 in
236 1643 274 1685 eo
290 1624 441 1685 libertatis
461 1629 493 1685 et
509 1636 553 1686 sot
567 1632 718 1696 aritstoteles
739 1632 852 1688 natura
900 1627 1043 1686 omnium
1065 1640 1101 1688 ao
1129 1646 1185 1708 pro
1206 1629 1326 1690 maritis
1349 1644 1504 1708 quemque
1528 1632 1671 1688 uastare.

85 1717 222 1776 universe
248 1717 360 1795 posita,
380 1722 416 1777 ut
438 1735 475 1777 eo
496 1717 680 1795 cogitatione
702 1719 848 1796 detracto,
900 1717 954 1778 His
964 1719 1050 1780 enirn
1059 1738 1098 1781 es
1106 1720 1228 1781 duobus
1237 1721 1275 1781 fit
1283 1739 1485 1801 consequens,
1495 1726 1564 1781 turn
1576 1719 1674 1780 multa

84 1824 233 1887 nusquam
252 1809 309 1869 illa
322 1809 478 1884 consistat,
494 1810 548 1871 sed
565 1815 666 1871 toturn
687 1812 858 1872 neeessitas
899 1809 998 1873 faeere
1019 1813 1119 1873 Deum
1141 1813 1252 1892 quibus
1273 1815 1428 1875 contrarie
1448 1819 1479 1874 et
1498 1812 1598 1874 tsoere
1616 1829 1672 1892 po-

85 1901 226 1977 obtineat,
239 1901 324 1981 quod
335 1903 370 1962 in
383 1901 476 1963 rebus
489 1902 595 1963 anima
610 1904 784 1965 carentibus
797 1909 852 1964 aut
899 1907 980 1962 terat
990 1909 1021 1964 et
1033 1922 1107 1965 vero
1120 1903 1258 1967 fasanus
1278 1910 1345 1966 erat
1362 1906 1501 1984 adeoque
1516 1904 1671 1984 oupiebat,

85 1994 248 2055 solosensu
258 1994 396 2075 preditis
409 2000 547 2076 apparet.
900 1995 995 2074 siper
1008 1996 1151 2057 homines
1168 1996 1284 2073 liwret,
1301 2003 1371 2058 turn
1392 1997 1529 2077 priorem
1547 2002 1672 2058 senten·

122 2087 181 2149 Sed
194 2105 265 2147 eum
278 2087 313 2147 in
326 2087 506 2148 bominibus
523 2092 554 2149 et
569 2087 607 2148 iis
621 2088 767 2150 omnibus
780 2108 851 2169 quas
899 2086 975 2146 tiam
984 2105 1020 2148 eo
1028 2089 1230 2166 voluntatem,
1245 2108 1314 2169 quae
1329 2089 1470 2150 absoluta
1482 2089 1597 2151 seilioat
1608 2107 1673 2150 non

85 2184 153 2239 sunt
173 2185 283 2249 uesta,
308 2180 424 2259 duplex
451 2180 492 2240 sit
512 2198 610 2259 genus
629 2180 791 2257 libertatis,
816 2187 852 2243 ut
901 2185 967 2240 eret
980 2198 1019 2241 ax
1027 2187 1193 2261 nostreque
1202 2181 1366 2261 pendebat,
1382 2188 1503 2243 mutare
1516 2181 1673 2242 interdum

85 2286 173 2351 supra
181 2270 391 2349 meminimus,
400 2272 534 2333 alterum
546 2291 709 2353 quoagere
723 2279 853 2354 possunt
900 2271 1013 2348 altera3
1030 2273 1112 2353 quod
1134 2293 1191 2354 pro
1205 2273 1345 2335 humano
1367 2274 1561 2354 intelligendi
1574 2279 1605 2336 et
1626 2273 1672 2334 lo-

85 2365 131 2425 vel
154 2383 218 2425 non
244 2382 357 2443 agere,
385 2365 519 2425 altemm
541 2383 604 2444 quo
624 2365 684 2427 hoe
707 2365 758 2426 vel
774 2366 852 2428 illud
900 2365 1018 2443 quendi
1032 2370 1125 2445 captu
1138 2366 1256 2428 dietum
1270 2369 1367 2448 aeoipi
1381 2369 1536 2443 volumus,
1551 2366 1675 2446 nequis

86 2456 223 2531 udseere
241 2462 296 2517 aut
308 2457 446 2535 rejicere,
468 2462 538 2517 tum
557 2457 618 2518 hoe
639 2459 791 2537 posterius
803 2459 850 2520 bi·
900 2454 1081 2515 mutationis
1089 2454 1361 2534 aliquidinlleum
1374 2455 1672 2535 eederesuspieatur.

86 2547 189 2609 iuriam
210 2554 305 2629 petet.
328 2550 408 2611 Nam
436 2553 491 2610 aut
516 2549 598 2610 inter
621 2568 658 2610 ee
677 2568 747 2630 quae
769 2550 853 2613 bona
893 2544 974 2623 'lljus
987 2546 1033 2607 rei
1050 2546 1223 2626 divineque
1242 2546 1393 2610 libertatis
1407 2548 1492 2610 haud
1510 2547 1675 2609 obscurum

86 2648 163 2717 sunt,
177 2648 232 2702 aut
254 2643 336 2702 inter
357 2642 441 2702 bona
456 2648 487 2702 et
501 2642 584 2702 mals
598 2641 751 2720 judicium
769 2643 852 2705 istud
901 2637 1058 2717 specimen
1070 2638 1188 2700 hebent
1198 2641 1337 2720 primum
1350 2642 1405 2703 illa
1417 2642 1484 2702 loos
1494 2658 1564 2719 ques
1577 2641 1675 2721 eapite

87 2738 114 2793 st
126 2733 251 2813 optandi
265 2734 390 2795 libertas
403 2734 613 2814 suspenditur.
627 2735 672 2795 lta
683 2734 796 2815 triplex
807 2742 852 2797 est
901 2730 1095 2791 antecedenti
1109 2732 1262 2812 descripto
1275 2738 1358 2794 sunt·
1369 2735 1530 2795 Nemeum
1542 2733 1586 2793 ita
1594 2734 1675 2794 Deus

87 2840 186 2885 rerum
196 2826 368 2906 complexio
381 2827 415 2886 in
429 2825 543 2906 quibus
556 2826 675 2887 arbitrii
687 2826 778 2887 liberi
795 2844 851 2907 po·
901 2820 1043 2884 homines
1056 2822 1224 2902 alloquitur
1240 2844 1247 2883 :
1263 2823 1303 2886 Si
1321 2825 1470 2888 robertis
1482 2832 1512 2887 et
1524 2823 1676 2886 eademst

84 2921 173 2977 testas
184 2919 325 2993 vertitur,
341 2935 477 2996 quorum
496 2918 599 2997 prima
612 2924 658 2979 est
670 2919 781 2998 agendi
798 2925 853 2981 aut
901 2932 955 2982 me,
974 2912 1048 2974 tono
1062 2921 1151 2977 terre
1169 2915 1331 2977 comedetis.
1350 2915 1434 2993 Quod
1444 2917 1473 2977 ri
1483 2915 1635 2977 nolaerde
1647 2924 1676 2977 et

86 3028 145 3071 non
155 3011 278 3090 agendi,
294 3011 439 3072 omnibus
452 3012 493 3073 ad
505 3013 663 3091 agendum
676 3012 853 3073 necessariis
901 3022 947 3066 me
959 3004 1001 3067 od
1011 3005 1196 3067 amedeum
1204 3007 1448 3088 mandaveritis,
1461 3006 1576 3089 plautus
1589 3006 1674 3070 deuo-

36 3098 49 3127 '
87 3104 262 3164 eonsfitutie.
287 3105 429 3165 Secunda
448 3104 525 3164 boni
552 3104 647 3183 hujus
674 3109 729 3165 aut
754 3105 850 3165 illius,
901 3096 983 3158 rabit
1004 3096 1093 3159 eos‘:
1112 3099 1156 3160 ita
1169 3117 1201 3161 se
1215 3106 1359 3180 paratism
1373 3100 1507 3161 ostendit
1520 3105 1676 3179 utproeo

87 3195 183 3256 Tertia
195 3197 272 3256 beni
283 3196 333 3257 vel
345 3196 421 3256 meli
439 3197 604 3275 deligendi.
625 3198 670 3258 Ex
687 3197 736 3257 his
749 3198 854 3277 priora
901 3196 994 3270 atque
1012 3190 1059 3251 illi
1072 3210 1164 3270 agere
1179 3192 1347 3268 voluerint,
1363 3192 1499 3255 vicissim
1514 3200 1545 3253 et
1557 3192 1623 3272 ipse
1637 3193 1677 3253 sit

88 3287 143 3348 duo
160 3289 273 3350 divine
292 3287 426 3349 ubertati
444 3288 639 3366 vindioanda‚
661 3294 854 3369 postremum
902 3284 1245 3346 aebuvuseoonsilium
1258 3284 1555 3365 suumproillorum
1567 3284 1677 3345 volun-

88 3382 166 3441 omni
183 3381 304 3442 maone
325 3381 555 3442 removendum
568 3387 624 3442 est.
649 3383 756 3443 «Deus
769 3383 854 3444 enim
901 3380 965 3437 tate
978 3375 1205 3439 moderaturus.
1222 3377 1326 3438 Potuit
1341 3378 1438 3457 igitur
1451 3377 1562 3438 iisdem
1572 3376 1676 3437 homi-

89 3472 210 3534 omnino
235 3490 363 3553 peoeara
390 3491 456 3533 non
482 3478 600 3552 petest,
633 3474 713 3535 sieut
739 3493 853 3554 negare
902 3468 996 3529 nibus
1014 3469 1064 3529 vel
1077 3487 1116 3530 ex
1133 3474 1250 3532 aterno
1265 3470 1420 3532 destinare
1437 3489 1474 3531 ae
1489 3469 1568 3531 velle
1594 3469 1677 3530 bona

89 3565 216 3644 ssipsm
226 3583 292 3625 non
305 3570 405 3645 potest
421 3585 428 3625 ε
444 3564 539 3626 homo
554 3570 659 3627 autem
672 3571 773 3645 potest
786 3586 854 3647 pse
903 3561 994 3637 Deus,
1007 3561 1058 3622 vel
1069 3561 1151 3623 male
1164 3569 1258 3643 atque
1266 3563 1418 3645 supplicia
1431 3568 1526 3643 prout
1535 3561 1678 3623 voluntas

89 3658 301 3719 oareetlteum
310 3674 435 3737 negare,
448 3658 536 3719 sedsi
547 3658 638 3733 nolit,
649 3676 715 3719 non
725 3658 850 3736 iaeit¹,s
903 3654 1051 3732 orqruque
1064 3653 1168 3721 terret,
1183 3656 1231 3716 uti
1250 3657 1316 3719 sine
1336 3657 1401 3717 ulla
1419 3656 1469 3717 sui
1490 3654 1676 3730 mutatione,

89 3749 128 3808 ait
145 3750 347 3830 Augustinus.
368 3751 412 3811 De
429 3749 488 3811 hoo
510 3751 602 3810 tertio
623 3768 693 3829 que
713 3752 786 3811 sunt
807 3752 853 3812 di·
903 3746 946 3806 sie
971 3764 1043 3807 oum
1065 3746 1207 3809 libertate
1234 3753 1265 3809 et
1292 3748 1427 3829 quadm
1453 3746 1618 3828 pendentis
1642 3762 1678 3807 ae

90 3843 190 3917 anda,
206 3860 264 3902 suo
276 3843 345 3904 loeo
358 3843 587 3903 reservabimus
600 3860 672 3903 eum
691 3842 769 3903 illud
783 3856 853 3923 per·
902 3856 1059 3919 suspensae
1068 3840 1236 3901 voluntatis
1243 3841 1462 3912 indifferentia,
1473 3856 1570 3919 qoam
1579 3839 1679 3920 Sorip

89 3934 279 4012 messian,
308 3953 350 3996 an
380 3935 497 4015 pseusti
531 3939 637 3996 auetor
665 3952 729 3995 esse
761 3935 855 4015 possit
902 3938 975 3993 tu'ra
996 3932 1131 4012 propriis
1154 3937 1185 3993 et
1208 3934 1355 4013 appositis
1379 3932 1483 3994 verbis
1510 3950 1546 3993 ae
1565 3948 1678 4009 genae

91 4025 172 4087 Deus
189 4027 397 4107 Nunepriora
410 4028 472 4088 duo
489 4040 729 4133 persequemur,
745 4044 803 4087 nee
819 4046 856 4089 ee
903 4023 971 4104 ipso
985 4023 1136 4085 sermonis
1158 4025 1306 4103 expressit
1323 4023 1382 4085 :Si
1400 4021 1562 4091 eolwrrtis,
1585 4022 1614 4083 ei
1624 4038 1678 4083 no-

92 4118 210 4197 qoidern
223 4120 339 4181 multis.
353 4120 436 4181 Nihil
447 4120 531 4180 enim
541 4136 664 4180 necesse
678 4124 733 4179 est.
905 4114 1034 4175 turritis.
1049 4114 1199 4176 Praeclara
1218 4121 1265 4176 est
1277 4113 1439 4177 Emathiis
1457 4113 1556 4194 eapite
1570 4120 1678 4176 oetavo

10 4212 75 4317 'lips
126 4212 223 4273 lisam
236 4213 331 4292 igitur
340 4231 404 4272 non
414 4230 584 4272 neeessarro
597 4210 696 4272 faeere
705 4209 857 4290 qurdqrnd
904 4208 1024 4268 deeimo
1038 4207 1220 4268 alternantis
1234 4207 1319 4269 illius
1331 4207 1494 4269 sententia
1505 4206 1679 4286 judieiique

10 4320 75 4380 esp.
66 4296 154 4362 ierit
156 4305 235 4379 ,sed
256 4306 300 4365 its
317 4310 353 4364 ut
375 4322 415 4383 po
417 4303 513 4364 tuerit
535 4321 600 4364 non
621 4303 732 4379 faeere,
755 4322 791 4365 ao
815 4305 857 4364 sio
904 4299 1100 4378 significatio,
1117 4318 1179 4380 qna
1194 4318 1226 4361 se
1251 4303 1331 4362 Deus
1354 4306 1385 4362 et
1404 4299 1575 4361 obliturum
1588 4298 1678 4379 polli-

10 4382 38 4417 '²²
92 4409 185 4456 unum
212 4396 347 4474 deligere
379 4401 416 4456 ut
449 4394 584 4455 alterum
608 4399 714 4474 optare
740 4396 854 4475 possit,
905 4397 992 4453 eatur
1004 4392 1310 4454 scelerumomniurn
1319 4408 1388 4499 qaas
1399 4396 1541 4497 peaoator
1554 4390 1681 4452 admisit

93 4490 199 4566 atque
190 4506 224 4549 ιιι
245 4488 338 4549 rebus
350 4493 437 4549 entre
455 4505 487 4548 se
504 4487 660 4567 productis
676 4487 774 4548 libere
786 4502 856 4547 ver·
905 4485 930 4545 si
950 4485 1047 4545 semel
1065 4485 1239 4565 resipuerit,
1268 4492 1299 4546 et
1322 4485 1457 4546 vieisdm
1472 4484 1549 4562 justi
1570 4483 1681 4544 merita

94 4580 155 4654 tori
164 4581 272 4640 omnia
279 4580 370 4640 nobis
379 4596 536 4640 sacrarum
543 4580 727 4640 Litterarum
734 4578 859 4639 oraoula
905 4595 962 4657 pro
976 4577 1078 4638 nihilo
1088 4578 1294 4639 duetururn
1271 4596 1297 4638 ss
1315 4578 1355 4639 ab
1368 4578 1511 4638 instituta
1522 4576 1594 4637 vitae
1606 4594 1678 4656 pro-

94 4673 265 4747 pradioant.
281 4674 422 4733 Testatur
443 4673 504 4733 hoe
520 4672 673 4751 imprimis
692 4672 788 4732 David
802 4672 864 4751 qui·
905 4668 1258 4731 bitetedesoiseat.Tum
1267 4669 1572 4749 ejusdemprophetoe
1581 4668 1680 4748 eapite

95 4759 124 4820 in
136 4780 238 4825 ornav
249 4764 368 4825 Psalmo
379 4764 523 4824 universe
536 4764 719 4845 pronuntiat
733 4784 740 4824 :
752 4763 858 4825 Omnia
905 4763 999 4823 tertio
1019 4767 1051 4824 et
1070 4762 1236 4823 tricesimo.
1252 4761 1387 4823 aeremia
1405 4778 1529 4841 quoque
1549 4760 1680 4840 septimo

95 4866 272 4938 suumraquo
291 4855 385 4917 votuit
398 4855 540 4916 [lominus
558 4856 630 4936 serit
644 4855 676 4915 in
692 4855 761 4917 eolo
779 4862 808 4915 et
825 4854 858 4915 in
907 4855 1073 4915 aodaetmo
1087 4860 1211 4930 oetav03
1228 4853 1431 4916 Psobnoitam
1443 4868 1579 4914 rnxxvm.
1595 4852 1680 4912 Idem

95 4952 175 5017 terro,
191 4948 224 5009 ris
236 4949 318 5009 mori
328 4948 400 5010 etin
413 4947 546 5009 omnebus
559 4946 681 5028 odyssei.
694 4947 859 5026 Apostolus
908 4948 940 5006 e‘t
966 4945 1102 5007 Eseebito
1124 4944 1236 5026 regist,
1260 4952 1293 5008 et
1316 4946 1525 5009 Ninivitarum
1550 4942 1680 5005 historia

128 5215 272 5269 aCratns·
294 5212 342 5270 lib.
361 5214 382 5269 Ι.
407 5215 440 5269 in
453 5216 540 5269 Joaa.
566 5228 592 5267 o.
616 5230 644 5268 x.
663 5212 799 5284 Ἰ11ιιοιγάρ
813 5209 861 5265 slei
908 5209 1043 5283 κατάληψιν
1056 5216 1107 5265 τῶν
1120 5208 1179 5281 tete
1192 5207 1302 5281 ἧμᾶςτὰ
1316 5206 1341 5261 ἐν
1354 5196 1424 5279 ἡμῖν.

98 5308 143 5355 πως
155 5302 202 5351 τῶν
217 5303 315 5366 νοητῶν
330 5297 362 5351 τὰ
378 5295 556 5368 ὶμφανέστερα,
581 5296 622 5349 καὶ
635 5290 785 5368 χειραγωγιῗ
802 5294 862 5366 πρὸς

122 5535 131 5578 t
144 5535 187 5582 111.
200 5538 265 5584 11111
276 5542 335 5583 cont.
347 5538 421 5583 feast.
434 5548 483 5593 esp.
496 5549 548 5582 nu.
559 5561 587 5571 -
597 5537 612 5580 1
622 5538 681 5581 Rem.
694 5548 723 5587 rx,
735 5536 769 5581 18.
780 5559 806 5570 -
815 5537 829 5579 3
839 5539 886 5581 loe.
900 5548 916 5589 ι,
928 5536 962 5580 18.
974 5557 1002 5567 -
1012 5535 1026 5578 1
1037 5532 1249 5587 iso.r,19.-5lse.
1263 5542 1354 5576 ιιιιιιι.
