4008 6170
351 366 412 444 ‘au
860 332 1445 435 rusoaooicouuuaoouaruu.

346 530 441 610 legat,
453 527 607 589 dubitabit
619 546 661 588 an
673 525 746 587 satis
759 524 858 586 solida
871 522 978 584 sitista
990 523 1124 584 nominis
1176 521 1274 602 eapite
1283 520 1411 582 tertioet
1422 519 1566 581 vieenmo
1577 517 1786 599 scriptumest,
1795 519 1856 597 lpse
1865 520 1929 581 aria

347 624 464 705 proprii
473 623 551 683 ratio
565 640 604 682 ex
617 621 676 682 boc
689 618 757 680 loeo
780 618 923 679 deducta.
946 617 1015 678 Non
1041 616 1124 678 enim
1176 614 1255 676 solus
1281 622 1334 675 est.
1350 635 1366 671 a
1384 614 1483 688 Quem
1510 613 1550 674 ad
1563 613 1668 674 locum
1690 611 1851 692 Gregorius
1863 631 1931 692 papa

346 717 420 778 dicit
439 715 518 776 illud
541 714 599 775 sibi
617 732 682 776 esse
703 730 829 787 nomen,
853 711 899 771 uti
912 729 985 771 mox
1001 729 1073 771 cum
1092 729 1123 771 se
1178 708 1289 788 quaerit
1296 726 1430 768 curcum
1440 707 1545 768 omnia
1553 707 1789 768 creaveritDeus
1797 711 1929 779 utessent,

346 812 445 873 Deum
459 809 640 883 Abrabami,
658 807 766 882 isaaci,
783 805 952 884 Jacobique
971 804 1125 865 nominas·
1178 802 1261 862 solus
1280 820 1344 862 esse
1365 802 1502 876 dicatur,
1525 820 1561 862 ac
1584 802 1627 861 sie
1647 801 1829 880 respondet:
1852 801 1930 861 «Sed

346 910 401 980 set,
426 904 556 982 adjecit:
579 901 646 963 Hor
662 920 766 961 manen
785 897 863 960 mr'di
872 905 915 960 est
926 898 956 958 ia
968 906 1123 960 eternum.
1179 896 1264 957 aliud
1282 902 1327 957 θεῖ
1343 915 1418 972 θεεθ,
1444 896 1529 957 aliud
1543 896 1752 976 principaliter
1771 915 1844 970 esse,
1862 897 1931 957 aliud

346 997 407 1058 Sed
426 1002 594 1076 utcumque
607 994 762 1075 impositio
780 992 839 1053 ista
859 991 975 1071 proprii
993 988 1125 1050 nominis
1180 990 1379 1067 mutabiliter,
1394 996 1485 1070 atque
1512 990 1595 1052 aliud
1617 991 1847 1053 immutabiliter
1869 1010 1930 1053 asse

346 1089 451 1164 habet,
467 1089 505 1150 de
520 1088 633 1168 reipsa
645 1087 729 1167 quod
743 1085 815 1146 satis
826 1091 921 1146 estex
931 1084 985 1145 illo
995 1089 1123 1158 constat,
1180 1085 1259 1145 Sunt
1270 1084 1354 1144 enim
1378 1083 1445 1144 luec
1463 1084 1578 1160 omnia,
1600 1083 1653 1144 sed
1667 1084 1869 1164 principaliter
1882 1104 1932 1145 uon

347 1183 569 1245 nihiltamesse
583 1182 637 1242 llei
651 1180 821 1261 proprium,
833 1185 868 1239 ut
879 1179 922 1239 ait
932 1178 1123 1251 Ambrosius,
1179 1184 1261 1252 sunt,
1277 1178 1352 1258 quia
1364 1176 1397 1237 in
1409 1177 1577 1257 semetipsis
1590 1177 1717 1238 minime
1735 1177 1933 1253 subsistsmtet

189 1282 317 1327 Sordide·
347 1277 487 1356 adeoque
499 1276 633 1350 οὐσιῶδες,
654 1291 750 1354 quam
783 1290 903 1351 semper
916 1289 992 1332 θεεθ.
1009 1270 1125 1331 Eodem
1180 1271 1238 1331 nisi
1254 1270 1454 1350 gubernantis
1467 1289 1562 1332 manu
1575 1276 1933 1350 teneantur,essenequa·

347 1370 441 1431 modo
465 1375 495 1430 et
510 1366 729 1449 Hypopuoatici
754 1371 861 1426 auctor
875 1369 898 1440 ¹,
908 1383 974 1425 esse
985 1370 1016 1424 et
1028 1380 1127 1424 essen·
1181 1383 1276 1445 quam
1288 1371 1470 1445 possuntt.»

347 1463 423 1524 tiam
442 1462 499 1522 soii
519 1463 582 1522 Deo
606 1460 768 1520 convenire
796 1460 849 1533 ait,
872 1458 947 1537 quia
964 1473 1126 1535 nimquam
1221 1458 1373 1532 Quoniam
1390 1458 1484 1537 igitur
1504 1458 1586 1518 aolus
1604 1476 1676 1520 vere
1689 1466 1746 1533 cst,
1761 1458 1818 1519 soli
1829 1458 1881 1538 ipsi
1892 1476 1935 1517 ro·

349 1575 414 1617 esse
428 1555 530 1634 coepit,
552 1552 675 1613 tametsi
688 1571 745 1632 pro
767 1550 894 1612 modulo
912 1569 968 1611 suo
982 1550 1127 1611 creaturis
1182 1551 1328 1612 rabulum
1349 1551 1487 1612 essentiae
1516 1553 1668 1630 convenit,
1694 1554 1756 1613 boc
1784 1559 1837 1627 θεῖ,
1863 1552 1934 1619 οὐσίας

350 1668 474 1730 quoque
497 1647 682 1708 tribuantur.
716 1644 901 1724 «Quidquid
924 1644 1007 1704 enim
1029 1645 1127 1704 Deum
1185 1670 1199 1702 a
1226 1644 1298 1707 Uar'c
1311 1652 1367 1720 est,
1386 1645 1428 1706 ait
1455 1645 1656 1726 Epiphanius,
1678 1667 1742 1709 non
1758 1648 1892 1729 perimis,
1910 1647 1933 1707 id

349 1745 455 1805 iecisse
468 1741 609 1815 dicimus,
622 1739 717 1801 habet
725 1739 898 1813 essentiam,
908 1738 1002 1812 idest,
1014 1738 1129 1817 speeies
1182 1744 1228 1798 est
1243 1737 1396 1799 facultatis
1401 1738 1498 1798 instar
1508 1743 1682 1818 suppetens.
1691 1741 1752 1801 Sed
1766 1740 1841 1801 illud
1853 1741 1934 1820 ipsun

351 1843 406 1898 θεῖ.
424 1834 560 1895 &senna
572 1834 655 1894 enim
668 1832 779 1892 dicitur
792 1830 830 1891 ab
841 1848 877 1891 eo
892 1828 976 1910 quod
990 1835 1045 1905 est,
1059 1848 1128 1908 quae
1182 1832 1266 1911 qnod
1286 1837 1342 1902 est,
1358 1836 1393 1891 ut
1403 1831 1445 1891 ait
1451 1832 1570 1910 Moyses
1587 1850 1594 1891 :
1612 1831 1671 1907 Qui
1689 1842 1734 1893 est
1745 1834 1827 1894 misit
1833 1853 1882 1895 me.
1892 1832 1936 1893 llic

349 1935 469 1991 tantum
488 1930 527 1990 de
545 1927 610 1988 solo
626 1928 689 1987 Deo
714 1926 775 1986 diei
788 1923 890 1999 debet,
911 1923 1081 1983 serirndum
1089 1922 1127 1983 il·
1183 1923 1372 2005 filiislsrcal.
1388 1923 1445 1997 Qui
1457 1930 1503 1984 est
1515 1925 1621 2003 igitur,
1637 1931 1682 1986 est
1695 1944 1762 1987 ens.
1782 1928 1839 1987 Ens
1852 1933 1935 1987 auten

350 2024 405 2086 lud
420 2023 503 2102 quod
524 2023 671 2101 seriptum
685 2021 775 2081 estin
788 2017 895 2079 Emoda
908 2017 1006 2096 Moysi
1019 2037 1026 2076 ε
1042 2014 1129 2078 Dices
1182 2018 1249 2096 ipsa
1257 2024 1303 2078 est
1316 2018 1446 2078 essentia
1454 2036 1523 2097 qrrae
1533 2024 1578 2078 est
1588 2024 1613 2079 ⁶.
1628 2020 1698 2080 »De
1712 2038 1776 2099 quo
1790 2026 1820 2081 et
1827 2020 1935 2099 (tyrillus

302 2163 308 2175 .
349 2119 404 2194 eia,
424 2118 456 2178 id
484 2121 540 2191 est,
553 2114 669 2195 populo
686 2132 693 2173 :
712 2111 770 2185 Oai
782 2119 835 2187 θεῖ,
856 2107 1045 2170 misitmcod
1067 2127 1127 2172 ooo.
1182 2112 1331 2192 inprimo
1342 2110 1538 2191 Dioloqorum
1552 2112 1609 2173 sub
1623 2113 1748 2175 initium
1761 2113 1932 2191 hebetabit,
1973 2142 1987 2185 u

350 2212 467 2271 Tamen
480 2214 512 2269 et
524 2208 562 2268 de
577 2207 692 2268 caeteris
705 2204 850 2266 creaturis
864 2203 924 2263 diei
933 2207 1032 2283 potest
1045 2203 1129 2282 quod
1183 2202 1312 2265 θῖοῦσῖαν
1331 2204 1449 2265 desolo
1464 2205 1528 2266 Deo
1542 2207 1664 2287 proprie
1679 2208 1822 2289 usurpari
1833 2214 1935 2269 mntea·
1956 2210 1987 2238 ‘¹¹⁶

350 2302 487 2364 babeant
505 2302 679 2375 essentiam,
695 2298 749 2359 sed
762 2317 826 2358 uon
848 2297 926 2356 sieut
939 2296 977 2356 de
993 2298 1055 2356 Deo
1075 2296 1128 2375 qui
1183 2297 1269 2372 dens,
1279 2297 1318 2358 de
1329 2299 1438 2358 creatis
1445 2304 1549 2359 autem
1555 2298 1648 2359 rebus
1656 2300 1806 2363 abusione
1813 2301 1933 2362 nominis.

351 2395 473 2455 initium
481 2413 545 2455 non
558 2392 653 2454 habet
670 2391 753 2470 quod
767 2395 822 2466 est,
843 2390 897 2450 scd
914 2407 952 2449 ex
972 2407 1035 2467 quo
1049 2388 1128 2448 acci·
1223 2391 1555 2471 X.Atquicomplures
1575 2394 1764 2453 econtrario
1785 2392 1935 2454 nonmodo
1978 2407 1987 2447 r

351 2488 467 2567 pientes
486 2485 609 2546 initium
636 2484 717 2564 quod
740 2488 821 2557 sunt,
840 2499 904 2542 esse
925 2486 1127 2560 eruperint.»
1182 2472 1987 2570 nostrorum,hoeestrhristianorumtheologouim,,2

352 2581 440 2653 Quod
454 2580 509 2640 iste
528 2580 656 2658 scriptor
665 2596 703 2637 ex
716 2574 887 2655 Augustino
903 2580 1061 2635 mutuatus
1073 2581 1127 2649 θεῖ,
1184 2577 1237 2637 sed
1261 2577 1354 2637 etiam
1373 2578 1545 2658 gentilium,
1564 2578 1618 2640 illa
1644 2581 1711 2660 ipsa
1733 2583 1934 2655 nominasse,
1961 2578 1987 2674 *ζξ

352 2674 407 2753 qui
425 2675 524 2734 Deum
536 2670 659 2751 proprie
676 2669 736 2729 diei
749 2667 817 2729 vult
836 2667 1009 2744 essentiam,
1030 2669 1131 2747 potius
1184 2672 1346 2731 essentiam
1377 2671 1440 2733 sive
1469 2672 1569 2748 statua,
1592 2673 1753 2754 multoque
1771 2675 1864 2756 magis
1878 2674 1935 2736 sub·
1962 2674 1987 2717 Μ’

353 2785 448 2846 quam
466 2765 677 2825 substantiam.
698 2764 777 2823 «Est
794 2763 1003 2836 tamenlleus,
1018 2762 1129 2841 inquit,
1186 2765 1341 2841 stantiam,
1371 2782 1442 2825 vere
1463 2767 1647 2846 proprieque
1667 2776 1785 2848 negant
1803 2771 1834 2830 in
1859 2771 1937 2830 Deum

351 2860 416 2920 sine
436 2858 626 2920 dubitatione
646 2856 825 2931 substantia,
845 2855 896 2915 vel
909 2854 935 2914 si
949 2854 1059 2919 melius
1073 2855 1132 2915 boc
1186 2866 1369 2938 competere.
1392 2858 1528 2919 Plotinus
1549 2867 1641 2937 certe,
1658 2868 1694 2922 ut
1706 2880 1748 2923 cx
1766 2865 1848 2924 omni
1857 2861 1937 2944 genti·

353 2952 538 3034 appellatur,
565 2950 695 3012 essentia
717 2966 813 3029 quam
839 2948 936 3010 Graeci
958 2946 1048 3008 οὐσίαν
1077 2967 1131 3008 vo·
1186 2951 1264 3013 lium
1283 2970 1413 3013 numero
1429 2952 1530 3014 solum
1550 2953 1634 3015 hunc
1653 2956 1818 3036 proferam,
1846 2957 1937 3037 passim
1986 3034 1987 3041 ἵ

351 3053 454 3108 canta.
476 3046 652 3108 Sicutenim
669 3043 708 3104 ab
723 3061 759 3103 eo
772 3044 908 3122 quodest
917 3061 1034 3123 sapere,
1051 3042 1132 3102 dicta
1184 3043 1436 3121 nomiaaista,b,
1448 3045 1546 3120 οὐσίαν,
1563 3047 1937 3128 ζωὴνμοῦῃωιςωερηθίθηι,
1986 3060 1987 3069 ’

351 3147 399 3201 θεῖ
421 3140 580 3221 sapientia,
598 3144 628 3199 et
641 3137 680 3198 ab
695 3157 732 3198 eo
742 3136 825 3215 quod
839 3142 885 3197 est
895 3137 983 3211 scire,
996 3137 1078 3196 dicta
1086 3141 1132 3196 est
1185 3140 1291 3216 vitam,
1313 3148 1448 3217 mentem,
1476 3147 1507 3201 et
1525 3142 1636 3203 similia
1649 3152 1791 3208 removet
1809 3146 1845 3207 ab
1859 3144 1938 3224 coqui

352 3233 488 3307 scientia,
502 3230 595 3292 itaab
608 3249 644 3291 eo
658 3230 1132 3309 quodestesse,dictaestessen-
1185 3251 1324 3294 summus
1343 3241 1390 3295 est
1403 3224 1425 3295 ⁶.
1443 3236 1496 3296 liis
1514 3237 1596 3297 enim
1617 3238 1763 3301 omnibus
1785 3238 1938 3301 antecellere
1985 3256 1986 3307 j

352 3327 407 3387 tia.
418 3328 456 3386 Et
465 3326 534 3404 quis
542 3325 694 3404 magisest
702 3341 798 3402 quam
808 3322 860 3382 ille
868 3322 921 3401 qui
930 3322 1131 3383 dixitfamulo
1185 3326 1507 3407 illumoportet,utad
1521 3335 1938 3412 eumeonvertanturiauqua
1985 3338 1986 3351 ,

353 3437 410 3480 suo
424 3419 522 3498 Moysi
538 3436 545 3478 ε
575 3416 644 3497 Ego
666 3436 728 3477 rum
750 3418 888 3497 quirum,
904 3423 932 3476 θῖ
958 3414 1035 3477 dices
1055 3416 1132 3498 filiis
1185 3420 1281 3499 ipsius
1291 3421 1461 3483 imitatione
1476 3441 1541 3484 esse
1556 3423 1711 3486 dicuntur.
1727 3427 1938 3507 maeoniam

353 3512 461 3575 lsrael:
476 3510 534 3586 Oui
543 3510 689 3586 armine
699 3507 882 3570 mendace.»
897 3508 1129 3589 Aepaulopost:
1185 3513 1240 3574 illa
1263 3515 1368 3575 omnia
1381 3517 1516 3577 condidit
1530 3535 1566 3578 aa
1586 3522 1772 3598 procreavit,
1786 3538 1895 3582 necesse
1904 3525 1938 3579 est

359 3604 563 3678 «Quodcnim
578 3609 785 3664 mutaturnon
799 3603 1089 3683 servatipsumesse,
1104 3610 1134 3665 et
1186 3625 1313 3668 neeesse
1326 3608 1428 3687 ipsum
1438 3609 1682 3689 aliquideorum,
1697 3612 1939 3693 etmultoiisipsis
1984 3600 1985 3631 ¹

354 3698 435 3777 quod
459 3697 573 3757 mutari
586 3702 695 3776 potest,
712 3696 901 3756 etiamsinon
915 3702 1060 3773 mutetur,
1076 3717 1134 3778 po·
1188 3718 1253 3761 esse
1275 3704 1476 3780 prestantius.
1510 3727 1526 3761 θ
1550 3706 1811 3790 Unumquodque,
1835 3710 1873 3770 ait
1888 3706 1937 3779 ille,

352 3799 419 3871 test,
443 3793 527 3873 quod
549 3794 651 3854 fuerat
670 3810 733 3852 uon
756 3809 832 3865 esse,
859 3809 894 3850 ac
907 3808 963 3870 per
976 3789 1034 3850 hoo
1056 3790 1134 3850 illud
1188 3794 1280 3854 unius
1293 3800 1338 3854 est
1346 3795 1663 3880 particepsunumque
1670 3804 1843 3884 participat,
1855 3805 1939 3881 utpote
1983 3796 1984 3823 ³

353 3887 455 3949 solum
476 3887 560 3966 quod
573 3905 635 3947 non
653 3892 775 3947 tantum
788 3904 852 3946 non
862 3890 1010 3960 muuun,
1025 3903 1134 3946 verum
1189 3887 1272 3967 quod
1294 3906 1358 3949 non
1380 3890 1419 3950 sit
1446 3891 1549 3970 ipsum
1569 3912 1678 3955 unum.
1695 3896 1848 3970 Quidnam
1866 3896 1940 3974 igitur
1983 3860 1984 3915 ¹

355 3981 449 4043 etiam
463 3981 577 4041 mutari
590 3980 716 4042 omnino
729 3997 792 4040 non
798 3984 907 4059 potest,
917 3978 982 4038 sine
990 3979 1135 4059 scrupulo
1188 3979 1266 4041 illud
1285 3987 1340 4055 est,
1360 3982 1448 4059 cujus
1466 3983 1525 4045 hoc
1539 3992 1585 4046 θεῖ
1598 3989 1774 4071 particeps?
1789 3989 1871 4064 Quod
1886 3985 1940 4067 qui·

352 4074 483 4134 occurrit
508 4073 593 4153 qnod
615 4072 772 4133 verissime
785 4071 903 4131 dicatam
917 4089 991 4132 esse.
1005 4092 1020 4129 a
1048 4071 1133 4145 Quod
1190 4073 1262 4135 dem
1276 4074 1368 4135 efficit
1378 4080 1413 4135 ut
1426 4076 1485 4138 boc
1499 4078 1547 4151 sit,
1563 4080 1716 4161 simulque
1740 4079 1941 4145 sitandan

352 4173 384 4228 ct
407 4168 441 4228 in
464 4167 592 4247 septimo
610 4165 748 4244 ejusdcm
769 4164 880 4244 operis,
905 4165 1003 4245 capite
1029 4167 1136 4245 quinto
1191 4166 1320 4227 enimsi
1346 4168 1419 4228 iacit
1436 4175 1472 4229 ut
1494 4175 1741 4255 unumquodque
1760 4178 1808 4254 sit,
1827 4174 1941 4238 etunius

353 4261 472 4340 repetit,
496 4262 594 4321 Deum
615 4276 750 4319 asserens
771 4258 896 4319 abusive
923 4259 1048 4337 quidem
1076 4259 1137 4321 dici
1190 4262 1353 4340 praesentia
1371 4262 1537 4325 multitudo
1552 4266 1647 4346 ipsius
1660 4276 1706 4330 est
1723 4270 1782 4332 sibi
1801 4270 1939 4337 sufficiam,
1981 4300 1982 4329 i

353 4353 555 4414 substantiam
565 4370 659 4411 «rere
671 4358 774 4411 autem
783 4370 818 4411 ao
831 4350 953 4430 proprie
967 4351 1028 4411 diei
1039 4372 1137 4414 essen·
1191 4352 1293 4433 ipsum
1301 4353 1443 4414 videlieet
1451 4361 1496 4416 est
1507 4358 1593 4437 origo
1606 4362 1744 4423 essentias
1753 4364 1850 4424 omnis
1857 4367 1884 4424 θῖ
1891 4359 1940 4421 sni·

352 4446 439 4520 tiam,
449 4445 492 4505 ita
506 4450 540 4504 ut
551 4443 676 4504 sonasse
687 4443 787 4503 solum
802 4446 901 4504 Deum
920 4442 981 4503 diei
999 4452 1138 4524 oporteat
1191 4447 1341 4522 ficientiae,
1352 4447 1429 4509 illud
1438 4449 1550 4530 ipsum,
1560 4451 1697 4532 inquam,
1705 4457 1788 4535 quod
1796 4460 1942 4517 nonanes

354 4538 527 4613 essentiam,
544 4535 888 4616 quisineommutabilis
914 4542 969 4597 est.
987 4539 1039 4599 Est
1053 4541 1136 4601 enim
1191 4541 1358 4617 sentia,sed
1371 4542 1538 4605 ultrahanc
1549 4546 1691 4626 ultraque
1700 4548 1939 4612 sufficientiam‘a
1980 4542 1981 4577 ³

354 4649 426 4691 rere
446 4630 538 4705 solus,
557 4629 632 4707 quia
657 4628 918 4689 incommutabilis
931 4636 976 4689 θεῖ
997 4632 1042 4692 uti
1065 4632 1137 4696 loti
1231 4635 1311 4694 Tum
1326 4634 1400 4696 alibi
1413 4656 1451 4697 ex
1472 4656 1509 4698 eo
1534 4660 1550 4695 u
1570 4642 1652 4718 quod
1672 4644 1778 4705 omnia
1788 4648 1870 4704 estet
1887 4642 1942 4699 ante

394 4847 518 4900 aErtrtt.
536 4844 611 4899 Hoer.
628 4845 675 4899 as.
692 4859 722 4899 n.
737 4845 783 4899 70.
799 4840 936 4899 Οὗσίαοῦν
951 4845 1073 4921 ἔπι,θῦχ
1095 4867 1138 4902 πε·
1191 4850 1231 4921 ψει
1241 4849 1301 4921 πρὸς
1312 4848 1390 4905 ἐκεῖνο
1402 4855 1441 4907 καὶ
1453 4860 1497 4923 τῆν
1510 4856 1574 4927 {roba
1586 4859 1630 4928 τὴν
1644 4858 1668 4915 ἔν
1694 4860 1762 4916 αὐτῶ
1776 4857 1943 4934 μίμημάτιτθῦ

359 4930 469 5015 prorata·
485 4927 550 4982 ἀλλὰ
564 4927 623 4982 αὐτὸ
644 4931 717 4983 τοῦτο
736 4929 779 4981 ὄν·
802 4929 835 4992 ὡς
855 4931 913 5002 φησὶ
940 4933 1060 5001 Μωῦθῆς·
1076 4934 1136 4987 too
1192 4933 1217 4988 ἐν
1242 4933 1327 5006 &airas
1343 4936 1422 5007 ὄντος,
1441 4942 1494 4994 καθ’
1511 4945 1526 4996 d
1543 4949 1617 4999 τοῦτο
1629 4948 1672 5016 ζῆ,
1689 4948 1729 5000 καὶ
1748 4919 1790 5001 'etv
1804 4951 1856 5001 νθῦν
1873 4937 1943 4999 abab

360 5013 498 5068 ἂπῖσταλκέ
512 5033 555 5086 με,
570 5010 646 5066 εἰπὼν
658 5014 710 5075 τοῖς
723 5012 784 5075 υἱοῖς
802 5012 915 5087 Ἰσραήλ·
929 5016 944 5069 ὁ
964 5019 998 5070 ὢν
1021 5013 1063 5072 οὖν
1086 5017 1137 5072 ἐστι
1192 5020 1272 5092 τούτῳ
1285 5020 1385 5092 μίμημά
1403 5042 1427 5077 τι
1441 5030 1484 5079 τοῦ
1498 5025 1521 5079 ἔν
1536 5027 1620 5103 ἐκείνῳ
1631 5007 1710 5098 dirae,
1726 5033 1751 5098 d,
1766 5051 1790 5086 τι
1803 5031 1831 5098 δὴ
1841 5027 1893 5083 me
1903 5024 1943 5077 lot!

360 5098 389 5151 ab
399 5098 440 5150 ὄν·
457 5097 487 5151 rb
500 5096 528 5149 al
540 5098 569 5149 ba
583 5096 598 5164 ἡ
613 5095 685 5149 atate
697 5097 821 5170 τυγχάνει.
1192 5108 1274 5159 τοῦτο.

398 5183 413 5236 ὁ
438 5182 546 5238 Prona.
568 5180 618 5236 lib.
635 5180 685 5236 ill.
701 5184 772 5237 Ena.
787 5186 813 5240 a.
829 5201 890 5257 cap.
918 5202 972 5241 nar.
989 5188 1035 5241 Δεῖ
1057 5188 1137 5243 τοίνυν
1228 5189 1352 5249 anorru
1368 5193 1407 5251 ib.
1428 5210 1453 5250 o.
1468 5212 1532 5253 xvir.
1546 5195 1667 5253 Ἕκαστον
1690 5205 1734 5255 τοῦ
1752 5199 1804 5263 tad<
1823 5197 1942 5272 μετεθθθῖ,

362 5263 440 5319 ἐκεῖνο
452 5267 516 5333 ζωῆς
528 5259 589 5318 εἶναι
602 5267 723 5337 κρεῖττον,
746 5267 792 5321 καὶ»
807 5274 864 5323 νοῦ·
886 5269 950 5325 οὕτω
961 5270 1008 5343 γὰρ
1030 5269 1139 5345 ἔπιστρέ-
1192 5276 1232 5328 καῖ
1247 5278 1344 5351 μετέχει
1364 5278 1426 5351 ἑνός,
1447 5279 1491 5335 οὒκ
1505 5281 1565 5337 obeb
1585 5283 1625 5336 ἕν·
1641 5285 1666 5338 τί
1679 5280 1722 5339 oba
1739 5285 1770 5340 ab
1783 5279 1811 5339 od
1828 5278 1944 5358 pertriti

411 5460 460 5508 Lib.
472 5460 488 5506 l.
498 5469 585 5514 caput.
593 5482 619 5494 -
630 5461 702 5510 sub.
713 5462 742 5511 V.
756 5464 782 5508 dr
794 5463 874 5513 rainu.
886 5479 906 5514 c.
915 5479 939 5514 u.
951 5467 998 5516 -3
1009 5469 1057 5516 Lib.
1068 5469 1128 5522 XVI,
1140 5470 1214 5517 Horat.
1225 5485 1273 5529 cap.
1285 5483 1334 5528 atu
1345 5476 1394 5521 vide
1402 5483 1425 5520 et
1435 5477 1474 5524 lib.
1485 5476 1563 5531 Xl'lll,
1572 5489 1621 5535 cap.
1636 5490 1692 5528 nu.
