3942 6168
323 327 374 386 DE
393 327 468 388 ΠΕΟ
488 325 631 399 DElQUE
652 325 997 403 PROPRlE'l'ATlBUS,
1020 328 1093 390 Llll.
1116 330 1154 404 ll,
1178 329 1261 389 CAP.
1284 320 1370 390 V11.'
1575 336 1634 395 223

868 512 883 549 a
898 492 930 553 Si
943 498 1127 555 autemeam
1136 494 1289 570 audimus,
1299 494 1367 576 Epo
1378 514 1453 573 aum,
1468 497 1523 576 qui
1537 515 1601 558 sum
1610 496 1632 573 ⁸,

863 588 904 658 et,
919 583 958 644 In
967 585 1124 665 principio
1137 585 1209 665 serit
1219 585 1299 648 neu
1318 586 1420 647 culum
1439 595 1468 647 et
1484 588 1615 649 turum*
1623 610 1634 658 ;

273 685 457 768 CAPUT
484 688 581 770 VH·
863 681 904 742 et,
919 675 1009 744 Audi,
1026 676 1129 745 Israel,
1153 677 1297 739 eominus
1310 677 1389 740 Beue
1413 688 1479 739 tuus
1491 680 1636 743 omnious

863 786 938 828 unus
950 765 1022 836 eal,
1036 774 1076 846 et,
1092 768 1167 831 Hoec
1175 768 1252 830 dicit
1261 770 1405 831 Dacicus
1418 772 1633 852 omnipoteru⁶:

863 878 928 919 non
944 860 1028 921 uliud
1044 862 1215 943 qrrippiam,
1233 863 1286 923 sed
1299 862 1398 942 ipsam
1412 863 1584 944 simplicem
1605 873 1636 929 et

62 958 219 1023 habmus
246 954 366 1015 ubertus
385 951 496 1014 uuum
519 972 618 1015 eorum
632 957 814 1036 quesierunt
862 950 986 1014 henum
1006 959 1037 1015 et
1059 956 1348 1034 incomprehensam
1371 957 1438 1035 ejus
1465 958 1519 1036 qni
1533 966 1578 1019 est
1591 978 1637 1020 es·

94 1051 156 1119 beo,
171 1048 257 1110 οἰνονο
277 1065 337 1108 esee
350 1044 549 1124 differentium
562 1066 650 1128 quum
664 1066 730 1129 que
752 1048 813 1110 sola
862 1046 994 1105 sentiam
1029 1047 1241 1125 intelligimus.
1275 1049 1354 1108 Num
1386 1049 1444 1109 etsi
1472 1051 1546 1128 quid
1583 1052 1633 1127 sit,

93 1140 305 1203 uremderatioue
318 1158 353 1198 uc
375 1137 492 1199 ratione
504 1146 630 1206 mactat,
652 1147 681 1200 et
700 1139 814 1222 alioqui
863 1138 1124 1217 comprehendere
1147 1158 1211 1200 non
1232 1158 1405 1219 possumus,
1431 1143 1636 1205 nihilominus

93 1233 315 1315 compositionem
341 1231 371 1291 iu
392 1249 425 1291 eo
451 1228 517 1310 fore
536 1230 674 1292 aduersus
699 1231 814 1295 Grecos
863 1248 934 1291 cum
953 1230 1097 1292 audimus
1110 1232 1178 1292 haee
1204 1232 1335 1292 nomina
1357 1235 1446 1294 Pater
1460 1240 1490 1294 et
1515 1237 1636 1297 Deuset

95 1326 247 1390 rumim
259 1322 434 1386 ostenditur.
460 1321 588 1386 Giiberti
601 1324 765 1385 Porretuni
784 1332 814 1386 et
863 1321 1075 1401 Omnipotens,
1100 1342 1166 1384 non
1186 1323 1270 1384 aliud
1293 1325 1441 1403 quiddam
1464 1328 1517 1388 sad
1535 1328 1635 1407 ipsam

94 1439 181 1481 mrum
199 1418 253 1500 qui
278 1416 326 1477 rei
348 1414 503 1476 amanen
535 1416 687 1485 iuuabunt,
713 1417 813 1498 opinio
863 1413 929 1491 ejus
942 1414 1051 1493 quiesi
1064 1416 1229 1477 essentiam
1248 1416 1415 1494 significari
1428 1419 1632 1497 percipimus:

95 1512 256 1573 mimate,
863 1524 935 1566 eum
949 1505 1044 1585 igitur
1057 1525 1113 1568 vos
1132 1507 1271 1569 dheritis
1285 1526 1324 1568 ex
1347 1510 1410 1569 Deo
1425 1527 1490 1570 ease
1508 1511 1632 1580 Filium,

863 1615 975 1678 nempe
989 1618 1028 1660 ex
1041 1599 1212 1660 substantia
1235 1601 1332 1660 Patris
1345 1598 1447 1679 ipsum
1462 1620 1526 1663 esse
1541 1604 1634 1664 dixis-

95 1686 115 1744 l.
137 1684 204 1745 linc
229 1686 317 1743 mnia
348 1679 461 1742 divine
493 1684 613 1743 muna
635 1681 814 1762 simplicitas
862 1690 932 1752 aar.
950 1712 965 1749 ν
983 1692 1071 1765 Quod
1085 1696 1116 1751 et
1131 1691 1192 1752 alio
1206 1691 1240 1752 in
1254 1690 1322 1775 loco
1337 1690 1479 1772 repetit⁷,
1495 1700 1636 1773 atquees

62 1784 169 1857 umque
182 1776 220 1837 ab
234 1774 324 1836 omni
337 1777 457 1834 remota
469 1773 568 1853 specie
582 1775 814 1855 compositionis
862 1800 899 1844 eo
921 1783 1004 1864 quod
1028 1784 1160 1863 simplex
1178 1788 1210 1844 et
1224 1783 1354 1844 minime
1380 1788 1567 1865 compositus
1591 1796 1637 1850 est

61 1869 168 1950 qualem
188 1869 236 1929 bis
248 1865 460 1947 asperioribus
482 1865 631 1945 capitibus
651 1866 812 1947 descripsi·
862 1876 952 1953 Deus,
964 1875 1270 1937 ostanditnihilcirca
1278 1875 1368 1936 iilum
1382 1895 1458 1953 esse,
1474 1879 1635 1959 scdipscm

61 1980 129 2035 mus,
151 1961 245 2023 multo
263 1960 370 2021 minus
382 1957 574 2020 tolerabilem
587 1976 652 2021 asse
665 1960 814 2023 admonet
861 1968 927 2046 ejus
950 1967 1082 2047 intelligi
1106 1967 1311 2028 substantiam
1341 1987 1413 2029 eum
1438 1971 1561 2032 Patrem
1581 1979 1636 2034 ant

61 2072 155 2115 eorum
174 2054 326 2114 rabonem
340 2050 508 2131 quireipsa
534 2051 683 2131 distingui
710 2055 813 2114 nescio
862 2063 962 2122 Deum
975 2060 1185 2122 nominamus.

61 2166 124 2225 ques
135 2148 210 2208 ineo
223 2152 326 2226 partes
339 2164 376 2204 ac
389 2144 591 2224 proprietates
608 2145 809 2207 arbitrantur.
901 2154 939 2214 ll.
956 2155 1030 2227 Quae
1044 2151 1204 2213 Athanasii
1217 2153 1296 2213 ratio
1307 2159 1416 2214 contm
1434 2155 1635 2217 Graecosillos

62 2241 131 2301 luter
140 2257 216 2320 qnos
228 2238 365 2300 maxime
373 2237 532 2297 insaniunt
538 2237 637 2299 Grfflci
650 2237 695 2299 illi
708 2257 813 2300 recen·
861 2264 939 2325 quos
958 2245 1051 2306 modo
1066 2244 1228 2312 nominari
1245 2244 1378 2306 Palamm
1393 2247 1522 2307 asseclas
1532 2247 1636 2309 ohser-

61 2333 138 2393 u'ares
148 2350 226 2413 quos
238 2329 480 2392 commemoravi
489 2330 647 2410 superiore
656 2330 690 2391 in
698 2331 778 2392 libro
787 2330 809 2405 ¹,
860 2339 927 2400 vari
940 2336 1241 2419 potissimumdcbet,
1253 2337 1388 2416 quicum
1398 2338 1437 2397 ab
1453 2340 1508 2400 Dei
1523 2346 1636 2402 natura

61 2431 116 2486 tin
135 2425 214 2486 haud
249 2441 323 2485 sane
344 2422 496 2503 probandi
528 2423 729 2484 mutuaturi
757 2426 812 2504 qni
860 2432 1090 2493 distinetusesse
1103 2428 1204 2508 reipsa
1212 2429 1411 2509 proprietates
1425 2437 1456 2491 et
1467 2437 1587 2512 ἐνεργείας
1602 2433 1635 2494 in

62 2517 203 2595 paululum
228 2516 269 2578 ab
296 2534 406 2577 eorum
432 2534 523 2577 (unsa
536 2517 687 2594 segregati
706 2517 813 2578 siden·
861 2542 897 2585 eo
921 2528 1083 2583 manentes
1117 2527 1311 2601 {sternamus
1345 2523 1490 2599 sentiant,
1520 2531 1637 2603 negant

61 2614 111 2685 tir,
123 2611 195 2671 dum
218 2609 295 2671 citra
308 2610 422 2670 mentis
431 2609 578 2670 hnmanae
592 2600 812 2687 rogitdtioncm
860 2621 967 2677 tamen
980 2633 1020 2676 ex
1034 2633 1071 2676 eo
1081 2614 1169 2693 sequi
1183 2615 1273 2674 iham
1288 2633 1353 2676 asse
1368 2616 1574 2695 compositum
1583 2623 1637 2678 aut

61 2702 182 2765 detnsa
190 2701 690 2782 haecessepersesaputant.0uos
703 2721 813 2764 omnes
861 2709 958 2770 ullam
971 2708 1010 2769 de
1026 2707 1092 2786 ejus
1110 2706 1303 2786 simplicitate
1326 2708 1536 2769 decessionem
1555 2710 1634 2771 fieri.
1690 2781 1698 2795 ,

61 2792 174 2856 brenta
191 2800 387 2875 expugnatos
398 2795 458 2856 hoc
480 2794 577 2873 capite
596 2794 812 2876 convictosque
861 2803 950 2863 Hanc
964 2819 1022 2861 nos
1036 2802 1217 2862 Graecorum
1233 2800 1468 2877 responsionem
1477 2801 1637 2879 superiora

61 2886 212 2964 dbnittam,
249 2889 372 2950 Grecos
404 2893 510 2948 autem
536 2887 728 2967 cumprimis,
758 2890 813 2968 qui
861 2896 1136 2956 commemoratam
1162 2891 1242 2951 libro
1256 2892 1341 2952 hunc
1363 2891 1396 2950 in
1410 2891 1512 2952 locum
1533 2893 1638 2971 rejeci-

61 2978 245 3042 mbstantiam
268 2980 323 3041 Dei
352 2979 391 3041 ab
418 2979 484 3058 ejus
518 2979 756 3060 proprietatibus
782 2988 814 3043 et
861 2983 969 3059 mus',
1000 2985 1054 3063 qui
1088 2984 1247 3063 propriam
1275 2984 1370 3043 habet
1399 2985 1636 3063 explicationem

62 3077 170 3152 ἐνεργείαις
194 3077 352 3153 separant,
382 3073 468 3133 velut
490 3090 558 3134 rem
585 3073 768 3152 productam
794 3094 814 3137 a
861 3076 1062 3157 simplicitatis
1085 3076 1149 3136 Dei.
1166 3077 1272 3154 lteqne
1296 3074 1484 3135 resumenda
1498 3081 1638 3136 nuncest

61 3164 190 3245 principio
206 3166 408 3246 producente.
423 3165 478 3224 llis
491 3165 610 3245 primus
630 3183 662 3225 se
676 3166 812 3228 Athana·
861 3188 898 3230 ac
919 3168 1116 3247 disceptanda
1142 3167 1201 3228 ista
1229 3167 1370 3247 qnaesho.
1400 3167 1436 3227 ln
1460 3185 1522 3245 qua
1538 3168 1637 3228 Graeci

60 3255 814 3338 siusopponet,quiinlibrodeSyuodia,A1ianos
862 3261 1116 3341 compositionem
1139 3260 1173 3319 in
1188 3261 1251 3319 Deo
1274 3259 1394 3319 nnllam
1417 3258 1486 3319 fieri
1505 3258 1638 3337 probunt

60 3364 91 3407 ex
101 3350 188 3411 Panis
196 3350 370 3412 subeuntia
379 3349 492 3410 Filium
504 3367 569 3410 esse
578 3349 753 3427 diffitentes,
775 3369 813 3412 eo
862 3352 1042 3414 auctoritate
1055 3351 1183 3413 Maximi
1196 3351 1250 3430 qni
1264 3354 1297 3411 in
1308 3350 1516 3429 disputatione
1530 3356 1638 3413 contra

59 3449 226 3520 argumento
235 3443 347 3504 refellit
358 3442 443 3522 quod
456 3443 814 3521 quiPatremautDanm
862 3446 1019 3525 Pyrrhum
1037 3443 1273 3506 Monothelitam
1296 3444 1356 3504 hoc
1379 3443 1491 3503 diseme
1516 3445 1635 3506 asserit.

60 3533 129 3603 dicit,
141 3536 241 3615 ipsam
253 3535 320 3613 ejus
333 3534 536 3595 substantiam
559 3553 624 3595 non
645 3535 725 3596 circa
744 3554 814 3598 eam
863 3539 1029 3598 Nemeum
1042 3536 1180 3616 Pyrrhus
1194 3535 1341 3614 objiceret
1364 3553 1417 3596 eos
1437 3535 1492 3615 qni
1513 3536 1590 3596 duas
1603 3536 1638 3597 in

59 3624 255 3706 ahqufflalim
269 3627 706 3707 signifieat,quemadmodum
715 3627 814 3690 Graeci
864 3630 982 3690 Christo
1017 3628 1173 3690 disfinctas
1205 3627 1381 3689 voluntates
1409 3633 1570 3704 statuunt,
1600 3646 1638 3688 eo

3 3740 6 3761 ν
59 3716 173 3780 hiemo
182 3720 238 3781 illo
252 3721 401 3800 synodico
415 3719 543 3799 prolcssi
557 3724 640 3795 sunt,
655 3729 710 3782 θεοῦ
726 3740 815 3783 voca-
864 3722 962 3801 redigi
971 3726 1006 3782 nt
1012 3739 1109 3782 unam
1118 3739 1157 3781 ex
1165 3720 1286 3781 duabus
1297 3721 1499 3799 compositam
1512 3720 1636 3796 faciant,

60 3807 121 3871 bulo
144 3830 207 3873 non
232 3819 318 3875 ουσίαν
331 3812 430 3891 ipsam
452 3811 585 3892 exprimi
605 3811 659 3872 sed
682 3819 812 3893 ἔνιργιιον.
864 3815 906 3876 sio
928 3832 1001 3876 eum
1024 3813 1177 3875 Maximus
1200 3810 1395 3892 redarguitlz
1416 3832 1432 3867 a
1455 3812 1557 3885 Vides,
1583 3811 1636 3887 ait,

60 3901 146 3964 vebs
157 3904 319 3967 Athanasii
338 3904 552 3984 descripsimus
565 3904 599 3965 in
612 3905 710 3984 eapite
723 3905 815 3966 tertio
864 3906 1129 3987 quemadmodum
1147 3924 1186 3966 ex
1213 3924 1249 3965 eo
1274 3904 1382 3965 erratis
1405 3903 1489 3983 quod
1516 3904 1639 3982 penitus

60 3992 118 4055 libri
129 3996 252 4076 hujns¹.
272 3997 317 4058 lbl
329 4002 435 4059 numm
454 3998 673 4077 quodcumque
687 3998 816 4058 undem
864 3999 1013 4079 ignoratis
1031 3998 1269 4078 compositiones
1283 4014 1392 4057 eorum
1402 4014 1467 4056 esse
1482 4013 1552 4074 quae
1566 4000 1640 4055 sunt

60 4093 98 4147 at
119 4095 148 4149 et
163 4089 279 4151 dicitm
291 4091 384 4167 Deus,
400 4090 459 4151 hoc
478 4107 543 4151 essa
556 4090 728 4152 meandum
742 4090 815 4150 snb-
865 4091 899 4151 in
911 4089 1082 4171 hypostasi,
1099 4108 1164 4150 non
1178 4107 1289 4150 eorum
1298 4106 1368 4167 qum
1380 4087 1413 4147 in
1427 4087 1488 4147 alio
1502 4091 1640 4166 spectan-

59 4180 341 4259 suntiamaffirmat,
355 4182 719 4261 nonsocundnmaliqnid
732 4181 817 4262 qnod
866 4183 940 4245 turi
962 4185 1064 4261 Atque
1088 4183 1156 4243 hace
1178 4181 1305 4262 quidem
1333 4186 1379 4242 est
1401 4179 1544 4240 omnium
1570 4184 1640 4239 tum

60 4269 381 4336 demanoamus
407 4275 487 4336 circa
509 4293 579 4336 eam
597 4274 815 4353 esseflngitnr,
867 4274 1122 4355 philosophorum
1148 4273 1329 4353 gentilium,
1357 4278 1427 4333 ttsm
1454 4270 1640 4350 sapientium

59 4365 179 4428 maxime
201 4386 276 4430 cum
289 4369 370 4429 Dens
387 4368 560 4448 appellatur
587 4373 641 4428 aut
668 4367 819 4428 Dominus
867 4368 1031 4428 doctomm
1063 4366 1197 4428 ecclesia
1220 4366 1396 4427 eommunis
1422 4362 1636 4424 enuntiat.»

59 4458 324 4541 antOmnipotcns.
341 4461 420 4521 Nam
440 4460 572 4521 subinde
594 4461 654 4521 ista
674 4459 816 4538 subjicit:
868 4460 967 4534 Quem
994 4459 1177 4521 mnotissimi
1204 4458 1351 4539 martyris
1372 4457 1477 4517 locum
1504 4457 1641 4516 loannes

88 4640 214 4698 nimiu.
227 4642 294 4699 Elii
305 4644 365 4696 iser
377 4642 504 4715 ἂνονοομνν
517 4643 584 4716 Ἐγώ
595 4642 644 4715 εἶμι
656 4644 724 4699 δῶν·
738 4640 816 4701 καὶέν
867 4644 923 4701 θοοῦ
934 4644 977 4699 τον
994 4644 1057 4703 υἱόν·
1071 4645 1187 4714 δηλονότι
1204 4641 1231 4696 ἔνι
1247 4648 1290 4711 τῆς
1302 4643 1386 4707 οὐσίας
1399 4647 1444 4698 τοῦ
1456 4643 1549 4717 πατρὸς
1566 4641 1640 4697 νῶτον

59 4718 263 4796 ἕργῇέσοὲησενό
278 4727 332 4788 θεὸς
354 4727 397 4781 τον
413 4726 528 4799 siparis,
553 4726 594 4783 mi
616 4725 660 4794 τὴν
683 4731 740 4799 γῆν·
765 4728 816 4792 καὶ,
868 4725 989 4799 εἰρήκατε.

58 4801 482 4881 ’ΛυονιἸσμσὴὴνΰριοςοθιοςσου
494 4802 746 4882 apocrisiarium
759 4811 818 4865 τάδε
905 4811 1044 4871 bMtxsn.
1064 4809 1150 4883 Ὃρᾷς,
1169 4811 1208 4867 ὅτι
1232 4808 1258 4865 ἐν
1280 4810 1370 4865 τούτου
1382 4810 1522 4872 πλανᾶσθε,
1548 4807 1575 4862 ἐκ
1597 4812 1640 4862 τοῦ

58 4884 204 4963 ”invimus
224 4893 571 4967 τοντονράτωρ,υῦχὲτσρ6υ
595 4910 633 4958 τι,
657 4891 719 4947 ἀλλ’
742 4891 817 4961 αὐτὴν
867 4893 947 4961 πάντη
973 4893 1109 4966 ἀγνοῆσαι,
1134 4895 1172 4948 ὅτι
1195 4892 1221 4947 οἱ
1243 4894 1364 4956 συνθέσεις
1387 4900 1437 4947 τῶν
1462 4891 1487 4945 ἐν
1509 4892 1641 4945 ὑποστάσει

59 4968 95 5036 τὴν
106 4973 193 5041 ἁπλῆν,
206 4977 248 5029 aul
263 4976 395 5048 μακαρίον,
406 4978 448 5029 καὶ
472 4975 645 5045 ἀκατάληπτον
667 4980 713 5033 τοῦ
735 4975 817 5040 ὄντος,
869 4977 958 5039 ὄντων,
970 4978 1011 5029 aul
1022 4975 1051 5030 uir
1066 4983 1116 5030 τῶν
1141 4974 1165 5028 ἔν
1190 4975 1266 5048 ἑτέρῳ
1288 4977 1463 5049 θεωρουμένων
1476 4974 1528 5042 (al.
1542 4974 1583 5027 sat
1597 4971 1642 5025 obs

58 5050 132 5109 tisim
143 5063 258 5132 νοονμιν·
272 5059 317 5113 κᾶν
327 5058 374 5132 γὰρ
386 5058 511 5122 ἀδυνάτους
522 5059 619 5133 ἔχωμεν
631 5059 780 5115 maneum
792 5058 816 5123 t,
870 5058 924 5131 ἰδίῳ
934 5060 1021 5130 λόγῳ)
1033 5057 1088 5112 ciel·
1102 5059 1144 5112 ssi
1166 5063 1240 5113 τοῦτο
1254 5060 1336 5112 recubu
1349 5060 1464 5130 φρόνημοι
1473 5057 1588 5119 πάντων,
1601 5057 1642 5109 καὶ

58 5136 79 5188 tl
89 5141 146 5194 ml
156 5138 232 5207 ἔστιν,
245 5140 308 5199 ἀλλ’
319 5142 448 5204 ἀκούοντες
459 5143 489 5199 το
504 5142 596 5215 πατὴρ,
608 5143 649 5197 καὶ
660 5143 689 5197 τὸ
701 5142 764 5207 θεὸς,
777 5142 818 5195 καὶ
868 5148 918 5196 τῶν
931 5138 978 5203 ἔξω
989 5141 1147 5213 φιλοσόφων,
1171 5143 1212 5195 καὶ
1236 5148 1286 5197 τῶν
1300 5144 1343 5208 τῆς
1366 5136 1495 5208 ἐκκλησίας
1517 5139 1641 5211 dissipor

59 5218 270 5297 τδτυντοιράτωρ,
283 5223 332 5297 οὔχ
343 5225 426 5297 ἕτερον
437 5245 471 5290 τι,
484 5225 540 5280 ἀλλ’
548 5224 624 5293 αὐτὴν
636 5223 679 5293 τὸν
691 5229 735 5283 τοῦ
748 5224 819 5286 ὄντος
870 5230 1051 5298 μυσταγωγῶν.

59 5299 133 5359 ὠτίον
146 5309 330 5381 σημαινομένην
347 5314 463 5382 νοοῦμεν·
477 5307 587 5383 εἰρήκατε
603 5307 630 5362 δὲ
645 5308 716 5381 ὑμεῖς
731 5305 758 5361 ἐκ
774 5310 817 5362 τοῦ

83 5459 152 5518 lup.
165 5476 186 5507 n
201 5471 224 5509 et
237 5464 408 5507 111.-‘rltum.
417 5466 438 5509 8.
447 5465 495 5509 -3
506 5464 575 5509 seed.
588 5476 622 5507 ιιι.
639 5463 1027 5509 ll.-tt3sn.1.l.-aneut.u.
1043 5458 1154 5506 l.-ssll.
1167 5462 1216 5506 cor.
1229 5472 1259 5504 νι.
1274 5459 1306 5503 le.
1316 5459 1362 5502 -i
1379 5459 1403 5503 ln
1417 5458 1456 5503 lib.
1467 5459 1583 5504 deiiceret.
1596 5460 1641 5505 me.

61 5530 102 5576 tra
114 5526 170 5579 spol
180 5525 247 5570 loun.
260 5526 338 5581 Cipus.
351 5527 398 5570 dec.
411 5525 431 5570 l.
444 5537 492 5581 cap.
503 5537 552 5570 νιιι.
560 5525 608 5569 -8
619 5525 672 5582 Cap.
684 5536 724 5570 sn.
735 5536 798 5569 num.
811 5524 844 5570 tlt.
853 5524 901 5569 -9
912 5524 976 5581 Apud
989 5524 1067 5568 Baras.
1078 5520 1102 5565 iu
1115 5521 1160 5567 Ans
1171 5531 1224 5569 tom.
1236 5521 1256 5567 8.
