3956 6168
336 317 396 381 tic
838 310 1163 379 THEOLOGlGORUM
1188 311 1404 379 naumann

338 498 427 563 aquo
441 477 749 558 matingsntiasnut,
763 477 981 543 valutmcreri
997 483 1106 545 etuou
1157 477 1288 559 tr'onaqua
1303 476 1362 543 Dei
1382 485 1413 539 et
1433 495 1500 539 amn
1513 478 1741 559 pratiallnjus
1767 480 1802 541 in
1825 482 1904 560 prioa'

337 573 467 648 moveri,
483 572 627 653 persequi
645 576 678 635 et
699 590 764 635 nou
786 571 941 652 persequi,
963 576 1107 651 appetere
1156 576 1254 649 perte,
1273 570 1308 631 in
1331 588 1395 649 qum
1410 569 1588 632 libertam
1609 572 1748 635 houdnis
1760 590 1905 653 cumpra-

336 683 386 727 res
398 682 464 728 nan
477 663 664 727 nmemmias
677 668 708 724 et
726 681 791 727 non
809 668 965 744 oppetere,
980 662 1108 725 mentiri
1156 661 1285 727 scantia
1299 661 1354 725 nei
1369 661 1523 738 conciliat,
1541 668 1650 743 aperta
1662 663 1844 743 copiosoque
1854 682 1906 727 ure

337 763 368 820 et
391 775 455 817 non
476 755 614 833 mentiri,
639 755 712 817 darc
732 760 764 817 ct
780 774 846 820 non
868 756 953 833 dare,
973 756 1109 835 gaudae
1156 752 1243 817 tione
1256 753 1375 834 probet,
1390 752 1490 817 libero
1503 754 1633 816 arbitrio
1651 756 1808 817 adrmsari
1821 774 1905 819 naas

337 849 452 933 quihus
480 848 573 909 rebus
601 853 722 928 oportet
748 853 780 911 at
806 866 871 909 non
896 848 1048 927 gaudae,
1078 854 1110 908 et
1158 845 1282 911 uitatem
1302 864 1397 926 quem
1419 852 1532 909 vocant
1555 845 1773 915 antecedentem,
1797 866 1854 927 qm
1867 868 1906 910 ro

337 940 489 1023 ejusmodi
498 941 559 1003 alia
572 940 607 1005 iu
620 940 735 1020 quibus
742 940 811 1001 vitii
824 940 1110 1005 imuntacvirtutis
1158 937 1263 1001 luntas
1275 958 1339 1005 unc
1352 938 1459 1018 aliquo
1478 939 1711 1020 circumscripta
1724 944 1781 1008 eat,
1798 958 1906 1021 eamqm

338 1052 442 1116 opere.
458 1033 543 1094 lniis
557 1032 642 1093 enim
655 1031 747 1095 liberi
760 1049 868 1095 sumus
882 1032 1066 1095 mbitrii⁰.s
1159 1029 1248 1090 docet
1274 1031 1314 1091 ad
1344 1031 1557 1111 oppositorum
1585 1031 1720 1092 alterum
1752 1031 1907 1110 eligendum

377 1127 533 1193 Hactenus
546 1125 706 1189 Nemeeius
723 1125 779 1204 qui
794 1125 947 1187 libertatis
964 1130 1111 1187 aemam
1159 1121 1390 1187 indifferentem
1400 1140 1476 1199 csse,
1496 1123 1639 1202 quamue
1650 1130 1815 1203 postqum
1826 1143 1906 1187 onon

338 1218 373 1283 iu
400 1237 437 1281 eo
462 1217 606 1293 collocat,
636 1221 672 1281 ut
700 1217 741 1278 ad
766 1216 907 1296 opposita
939 1217 1111 1279 seeundum
1159 1213 1608 1293 reipsadelegitmeoessitatcm
1617 1216 1907 1297 quemdamsibiipsr

339 1310 577 1375 αθῖνωοθοαοω
599 1313 631 1371 ct
650 1308 861 1387 negationem,
877 1309 927 1369 vel
944 1308 1108 1383 mutuaris,
1159 1303 1251 1369 naut
1263 1324 1359 1385 qnam
1370 1315 1580 1388 consequentem
1593 1307 1773 1382 nominant,
1783 1309 1906 1388 φθανοο

339 1408 375 1463 ut
388 1407 462 1465 suut
474 1402 604 1462 urtutes
618 1407 650 1465 et
669 1401 746 1464 vitia
763 1402 808 1461 sic
829 1400 972 1463 voluntas
985 1401 1111 1473 hebeat,
1160 1403 1262 1476 potest
1279 1398 1364 1461 idem
1381 1399 1461 1461 velle
1478 1399 1573 1461 simul
1585 1405 1619 1460 et
1631 1418 1696 1461 nou
1713 1400 1804 1462 velle.
1818 1402 1906 1463 ldaosi

339 1500 376 1559 ut
388 1496 427 1559 ad
441 1499 590 1557 neutrum
608 1491 780 1555 necessario
795 1493 997 1573 propendeat,
1012 1510 1111 1572 ecque
1161 1490 1237 1567 suit,
1252 1510 1376 1553 neaerae
1398 1492 1630 1553 eateamvelle.
1653 1493 1906 1573 «Quoniamquod

340 1587 441 1649 defixa
454 1605 490 1651 ac
512 1586 716 1649 determinata
738 1585 790 1656 sit,
815 1585 870 1647 sed
891 1585 981 1664 qnasi
995 1586 1030 1646 in
1043 1603 1112 1649 sns-
1161 1582 1243 1647 neus
1255 1582 1334 1658 vult,
1357 1583 1472 1663 inquit,
1487 1602 1552 1644 non
1566 1588 1666 1663 potest
1684 1602 1751 1647 nou
1763 1602 1836 1659 csso,
1853 1604 1907 1645 nm

340 1697 436 1759 pense
469 1677 570 1758 posita
595 1678 635 1738 ad
658 1677 812 1739 utrumvis
835 1682 944 1755 suopte
971 1683 1052 1741 nutu
1081 1683 1114 1741 at
1160 1674 1227 1739 vult
1240 1674 1580 1739 hominisvolnntatem
1589 1674 1906 1756 uullacogiuelprobi·

340 1770 607 1852 impulsarentur
629 1770 707 1830 citra
725 1768 823 1833 ullam
837 1769 1062 1833 necessitatem.
1077 1769 1111 1833 si
1160 1766 1228 1829 beri
1254 1768 1435 1829 uecemitata
1461 1768 1502 1829 sd
1528 1767 1697 1829 volmdum
1718 1768 1771 1830 vel
1799 1769 1836 1829 ad
1860 1788 1907 1829 aaa

340 1863 468 1943 quidem
481 1863 562 1925 circa
574 1862 639 1925 sole
653 1861 868 1941 contingentia
881 1879 951 1940 qum
965 1862 1000 1923 in
1013 1869 1113 1941 potes·
1161 1858 1349 1936 valendrae,
1383 1867 1415 1921 ct
1440 1860 1508 1921 vult
1534 1860 1679 1922 effectam
1705 1861 1795 1940 sequi
1823 1861 1908 1923 volae

339 1961 403 2019 tate
419 1955 612 2030 cucumae
627 1953 917 2019 bberumvouatur
931 1954 1109 2021 arbitrium.
1160 1955 1267 2028 tatem,
1302 1958 1378 2013 tunc
1408 1970 1531 2013 neeman
1559 1958 1606 2014 est
1640 1953 1830 2023 voluntatem
1859 1972 1907 2015 carc

380 2049 432 2111 IV.
460 2049 532 2111 Post
550 2046 730 2109 Nemesium
748 2047 884 2111 loannes
906 2048 1112 2111 Damascenus
1159 2043 1292 2109 Ηθονοω
1307 2050 1339 2106 et
1352 2063 1417 2106 esse
1435 2044 1639 2124 quodvult»
1663 2042 1907 2125 Fatigitrfflba·

339 2139 490 2219 sequitur,
509 2139 564 2218 qui
577 2139 746 2207 voluntatis
758 2138 865 2203 libere
883 2140 1111 2203 somonam
1160 2137 1232 2199 tatis
1256 2137 1292 2199 in
1305 2136 1453 2216 capacite
1470 2138 1558 2198 notio
1574 2136 1659 2217 apud
1680 2138 1908 2213 dunelmumot

340 2232 436 2295 tiliter
449 2230 577 2311 exponit
589 2231 625 2293 in
637 2228 760 2311 Isapope
773 2229 942 2310 damnatum
956 2232 1056 2310 capite
1073 2232 1113 2295 de
1160 2227 1200 2290 ad
1224 2227 1375 2290 οοὶααθυοι
1393 2233 1449 2290 aut
1468 2248 1526 2289 non
1547 2227 1697 2290 cubadum
1715 2230 1766 2291 sui
1784 2232 1822 2291 sit
1836 2231 1905 2310 juris.

340 2323 510 2384 voluntate.
533 2324 620 2385 Hane
638 2323 736 2401 igitur
758 2322 869 2385 definit
888 2322 933 2384 ita
949 2343 956 2385 ε
974 2322 1113 2385 Voluntas
1162 2322 1261 2394 cuam
1280 2321 1423 2382 emndem
1445 2320 1675 2383 indifferentem
1692 2328 1865 2401 potestatam
1882 2341 1908 2383 ac

339 2414 488 2479 acarna
514 2422 555 2473 cat
581 2412 741 2476 rationulis
772 2432 809 2475 ac
830 2414 879 2475 sai
907 2414 990 2495 juris
1017 2414 1114 2479 animi
1161 2413 1519 2493 necessitatisexpertcm
1531 2414 1907 2493 antequamugat,subirdc

339 2513 433 2569 motas
445 2504 566 2587 aliquid
588 2504 754 2586 appetant
770 2505 814 2569 Aa
832 2506 964 2569 subinde
982 2507 1113 2569 rationis
1161 2505 1275 2567 clarius
1287 2504 1506 2567 affirmatdum
1518 2506 1685 2585 quoesdoni
1694 2507 1748 2566 isti
1756 2508 1905 2587 remanda

340 2598 490 2679 expertia,
505 2597 590 2677 quod
603 2597 739 2661 naturali
753 2598 933 2659 aemunitate
947 2604 1113 2663 moventur
1161 2617 1203 2659 an
1221 2615 1293 2659 cum
1316 2603 1422 2677 peooat
1440 2597 1586 2674 volendo,
1607 2599 1790 2660 neeemitnte
1815 2605 1905 2679 preest

340 2691 380 2751 ad
397 2688 515 2768 aliquid
531 2690 751 2770 appetendum,
767 2695 859 2768 neget
871 2697 1021 2761 οὔτεξοοσια,
1037 2691 1112 2766 Qum
1165 2689 1453 2770 «Respondendum
1467 2695 1523 2766 est,
1545 2690 1660 2767 inqrrit,
1682 2691 1757 2768 quia
1772 2691 1845 2753 sicat
1858 2708 1906 2751 aou

340 2786 446 2845 eutem
460 2781 1110 2861 praeditesuntrationa,eatenusatretotm,
1161 2782 1228 2843 vult
1247 2782 1437 2857 necessitate,
1453 2782 1499 2841 ita
1511 2799 1575 2842 uon
1594 2787 1641 2842 est
1652 2788 1812 2861 peccem
1824 2782 1907 2843 vana

340 2873 373 2933 id
386 2878 443 2949 eet,
463 2872 557 2935 libera
583 2879 615 2935 et
640 2872 787 2952 suijuris
809 2891 885 2950 esse,
914 2875 998 2954 quod
1020 2881 1111 2936 natu·
1160 2874 1233 2934 taba
1264 2874 1456 2949 aemunitate,
1484 2891 1543 2934 uec
1574 2873 1755 2935 necmaitate
1790 2881 1907 2955 operetur

340 2966 458 3027 talibus
485 2965 730 3046 appetitionibus
761 2966 870 3029 cedere
902 2972 1032 3045 possunt
1057 2974 1113 3033 aut
1161 2966 1271 3027 eudem
1289 2965 1444 3042 voluntas,
1468 2965 1590 3044 quiesi
1612 2984 1677 3026 nou
1699 2965 1792 3027 vellet
1810 2972 1912 3047 apaan,

232 3056 244 3063 ”
339 3058 491 3126 resistcre,
521 3056 621 3119 facem
644 3057 762 3136 aliquid
784 3063 926 3121 autnon
946 3058 1058 3135 iacere,
1082 3065 1114 3122 et
1161 3063 1451 3137 uouopersrerum
1469 3059 1507 3121 Et
1520 3075 1614 3118 moa:
1629 3058 1759 3119 uPotest
1771 3060 1905 3121 euimuoa

340 3149 434 3229 hujus
452 3151 576 3229 generis
599 3149 660 3211 alia
681 3167 777 3229 aqua
801 3150 836 3213 in
859 3155 965 3210 acano
982 3150 1112 3217 arbitrio
1161 3149 1240 3211 velle
1249 3156 1417 3229 antequam
1430 3148 1516 3225 velit,
1527 3150 1603 3228 quia
1615 3149 1715 3210 libera
1728 3156 1809 3211 est.»

339 3244 440 3321 posita
453 3242 609 3317 dicunnn,
626 3241 776 3321 quomam
789 3247 855 3303 tam
868 3242 935 3320 ipsa
949 3260 1113 3321 possumus
1200 3242 1241 3303 At
1249 3242 1335 3303 idem
1344 3240 1508 3305 tnmlmus
1519 3241 1612 3321 paulo
1623 3248 1693 3320 post
1703 3241 1904 3317 auimsdvatt,

340 3351 436 3412 quem
455 3332 494 3394 iis
516 3334 711 3412 oppositae.»
739 3335 777 3396 Et
794 3334 830 3399 iu
852 3334 933 3397 libro
952 3333 986 3395 de
1001 3334 1113 3397 dautur
1161 3333 1296 3395 liberum
1309 3334 1476 3397 arbitrium
1495 3334 1656 3395 interdum
1669 3336 1809 3397 reomieta
1820 3351 1903 3414 rapu

342 3423 460 3487 Christi
473 3423 686 3501 calumanias,
706 3425 838 3487 liberam
851 3427 1043 3491 voluntatem
1057 3428 1111 3489 da·
1161 3432 1253 3505 teque
1267 3426 1365 3506 accipi
1384 3431 1478 3505 prout
1496 3427 1536 3486 ed
1555 3425 1688 3487 saluum
1705 3426 1905 3507 adipiscendam

340 3515 412 3577 linit
430 3521 465 3576 ut
479 3515 520 3575 sit
541 3515 666 3580 domim
679 3518 783 3579 mentis
800 3516 896 3579 libera
913 3517 1017 3598 sos'qac
1026 3517 1113 3599 jorio
1161 3518 1303 3594 rotamur,
1324 3523 1419 3597 atque
1441 3536 1478 3579 eo
1505 3536 1599 3579 sensu
1623 3517 1686 3580 diei
1708 3538 1766 3579 noa
1787 3519 1905 3581 «nonu

339 3605 459 3667 morial.
476 3607 550 3680 Quae
569 3608 718 3670 vocabule
741 3609 898 3673 declarant
919 3615 989 3671 eta
1011 3610 1112 3691 seipsa
1162 3611 1309 3673 omnibus
1340 3610 1456 3671 bebere
1487 3610 1623 3672 liberum
1653 3611 1828 3673 arbitrium.
1853 3611 1904 3672 lter

340 3698 459 3761 moveri
477 3700 680 3776 voluntatem,
703 3706 735 3760 ct
750 3702 790 3763 ed
807 3702 1021 3781 oppositorum
1038 3702 1112 3769 alte·
1162 3703 1248 3767 caim
1277 3702 1361 3765 idem
1387 3708 1434 3764 cst
1459 3703 1627 3769 arbitrium
1651 3709 1682 3764 et
1715 3704 1837 3765 libertas
1858 3718 1906 3781 qua

339 3808 410 3851 rum
431 3796 540 3871 sponte
554 3809 610 3855 sua
630 3793 769 3872 citraque
788 3793 1002 3855 necomitatem
1023 3792 1109 3870 terri,
1161 3794 1276 3855 dieitur
1289 3795 1434 3856 liberum.
1455 3796 1491 3855 lu
1511 3796 1620 3855 multis
1637 3795 1754 3857 dicitur
1767 3797 1906 3858 libcrtmat

340 3900 411 3945 cum
425 3883 464 3945 ed
479 3888 645 3967 utrumque
658 3885 699 3945 sit
714 3885 906 3947 indifferens.
922 3885 1036 3949 Graccis
1050 3886 1112 3947 illis
1162 3886 1339 3963 arbitrium,
1369 3893 1405 3949 ut
1427 3883 1501 3957 cum
1519 3888 1657 3967 aliquem
1680 3888 1814 3955 dicimm
1835 3886 1903 3947 llber-

339 3975 461 4039 duobus
473 3974 528 4054 qui
542 3976 580 4037 dc
594 3977 736 4037 libertate
755 3996 793 4037 ex
809 3977 952 4041 instituto
967 3983 1109 4056 aperiunt,
1161 3983 1258 4040 tatem
1271 3978 1386 4049 bebere
1398 3979 1549 4058 loquendi
1560 3985 1616 4040 aut
1627 3981 1763 4056 tacendi,
1774 3988 1805 4042 ct
1816 3981 1844 4040 in
1856 3978 1905 4057 aas

339 4067 470 4128 totidem
496 4068 621 4131 Lauros
644 4069 748 4129 Patres
771 4069 982 4148 subjiciemur,
1007 4069 1112 4133 Ausci·
1161 4069 1290 4133 arbitrio
1307 4089 1373 4132 esse
1395 4071 1473 4151 quid
1492 4070 1608 4132 horum
1630 4072 1715 4133 velit.
1737 4072 1773 4135 ln
1794 4070 1904 4153 munim

339 4164 472 4220 mumet
486 4159 689 4221 bernardum.
1161 4163 1526 4242 quoqucaliisslmiliter
1538 4161 1902 4227 dieimrlibertnsotarbi-

379 4251 424 4313 Er
446 4250 485 4310 iis
515 4251 579 4335 ille
593 4251 710 4315 librum
738 4252 861 4333 scripsit
887 4251 922 4314 de
949 4250 1113 4316 Concordia
1161 4256 1269 4329 triana
1295 4275 1365 4335 qua
1389 4274 1455 4317 nou
1478 4274 1601 4337 semper
1620 4258 1745 4334 adsunt,
1766 4264 1817 4319 eut
1830 4256 1904 4317 adse

340 4340 429 4402 liberi
451 4341 578 4404 arbitrii
604 4362 670 4407 cam
700 4343 891 4424 praesentia
913 4343 1111 4425 pradestina—
1161 4346 1260 4410 lutam
1280 4349 1394 4410 ammm
1416 4348 1508 4411 nobis
1521 4351 1695 4411 bauwarie
1707 4357 1790 4411 sunt
1806 4345 1902 4411 nollo

376 4570 397 4610 a
416 4555 520 4614 Narras.
541 4572 601 4627 esp.
625 4571 669 4611 xa.
689 4554 724 4610 Οθ
748 4554 795 4629 γὰρ
817 4558 847 4610 δν
874 4554 990 4618 inmolet
1013 4554 1111 4630 Ιλόγνσο
1159 4558 1200 4611 rat
1216 4557 1390 4631 μηκινεῗαθαι,
1404 4558 1483 4634 θρμᾷν
1497 4562 1538 4614 καὶ
1554 4558 1688 4635 μὴόρμᾷν,
1701 4554 1900 4636 θρόγεσθαντῶνυδ

339 4637 485 4708 πράττεσθαι
497 4642 541 4705 τῆς
551 4636 659 4709 πράξεως
678 4636 723 4690 οὐκ
745 4637 818 4706 οόσης
834 4636 956 4712 ἔφ’ἡμῖν·
972 4640 1013 4692 καὶ
1026 4639 1111 4703 ἁπλῶς
1160 4641 1297 4715 ἀναγκαίων
1311 4645 1353 4698 καὶ
1366 4642 1399 4716 μὴ
1420 4644 1556 4716 ὀρέγεσθαι,
1586 4646 1712 4717 ψεύδεσθαι
1732 4649 1773 4700 καὶ
1791 4646 1819 4719 μη
1836 4644 1899 4715 ψύθ-

340 4714 379 4780 oi<
391 4719 474 4773 ἕπεται
484 4720 569 4790 ψόγος,
584 4721 599 4786 ἢ
614 4720 722 4783 ἔπαινος,
737 4723 778 4798 οιαὶ
802 4719 839 4792 ἐφ’
854 4715 893 4784 οἷς
919 4719 969 4775 ἐστι
982 4723 1110 4796 προτροπὴ
1159 4726 1224 4791 σθαι,
1239 4727 1332 4779 διδόναι
1343 4728 1384 4779 καὶ
1396 4726 1429 4800 μὴ
1444 4728 1549 4793 διδόναι,
1561 4728 1657 4803 χαθρειν
1670 4723 1709 4792 οἷς
1727 4731 1806 4783 δεῖκαὶ
1818 4748 1845 4801 μη
1855 4724 1900 4799 pai·

339 4803 380 4857 καὶ
392 4802 477 4874 νόμος·
491 4802 532 4855 καὶ
559 4806 632 4855 τοῦτο
651 4802 698 4875 γὰρ
719 4801 744 4856 ἔν
766 4806 819 4866 τοῖς
842 4803 977 4875 ἔμπροσθεν
1003 4802 1108 4879 θδεθχθη·
1161 4826 1221 4880 pars,
1234 4808 1275 4862 nai
1289 4808 1336 4863 ὅσα
1350 4812 1462 4875 τοιαθςα,
1478 4803 1554 4873 droia
1569 4809 1620 4866 ἐστι
1637 4811 1668 4865 ud
1684 4810 1900 4880 τῆςαμθαςιαὶτῆς

340 4883 466 4957 aspirasti
482 4882 518 4956 ἐφ’
536 4882 596 4956 ἡμῖν
610 4882 661 4938 ἔστι
679 4884 711 4938 τὰ
733 4885 825 4958 ψυχιαθι
846 4888 928 4942 πάντα
948 4887 989 4941 nal
1003 4889 1058 4960 περὶ
1075 4884 1110 4941 ὧν
1161 4889 1248 4963 ἀρετῆς
1257 4891 1327 4965 ἔργα·
1341 4891 1434 4947 τοθτων
1448 4894 1495 4967 γάρ
1511 4892 1582 4966 ἔσμεν
1598 4892 1758 4957 nitriotem.

341 4968 516 5040 βουλευόμεθα·
533 4967 567 5029 ὡς
584 4966 632 5039 γὰρ
645 4965 681 5038 ἐφ’
696 4967 755 5039 ἡμῖν
767 4969 839 5031 ὄντος
849 4975 893 5023 τοῦ
904 4969 1034 5042 πρᾶξσιτδ
1049 4991 1110 5045 προ·
1197 4976 1347 5032 bDanasc.
1371 4993 1431 5048 cap.
1461 4992 1489 5032 x.
1517 4977 1620 5047 ennea
1647 4976 1699 5033 θστι
1720 4978 1814 5051 φυσικὴ,
1832 4970 1898 5047 tert-li

339 5052 450 5122 κείμενον
465 5051 516 5119 (ad
551 5050 731 5121 βουλευόμεθα)
757 5050 852 5125 ἐδείχθη
867 5050 932 5106 δὲέν
951 5057 1005 5115 τοῖς
1018 5056 1112 5127 apole-
1161 5056 1246 5129 ὄρεξις·
1260 5058 1301 5111 καὶ
1315 5059 1406 5124 πάλιν,
1433 5058 1529 5128 tenete
1544 5058 1594 5114 ἔστι
1612 5062 1740 5135 pacem
1760 5060 1848 5133 λογαὴ,
1868 5056 1899 5107 ni

341 5134 423 5187 δοῦσιν
437 5134 452 5202 ἡ
468 5133 544 5205 βουλὴ
558 5139 608 5187 τῶν
623 5130 707 5201 tutans
721 5132 887 5208 ἐνδεχομένων
907 5131 977 5189 aian·
993 5132 1076 5207 ἔπθοης
1085 5138 1112 5192 δὲ
1161 5139 1313 5203 stastatuta<
1326 5141 1436 5216 θρεοτικῆ
1452 5146 1495 5196 τοῦ
1509 5148 1553 5197 voe
1564 5143 1668 5213 κίνησις.

342 5212 500 5288 ἔνδιχόμσνόν
513 5214 587 5281 ἐστιν,
603 5214 691 5269 oeae
713 5218 884 5289 τοδυνθμεθα,
900 5221 941 5271 καὶ
963 5219 1110 5275 attraxit·
1197 5222 1268 5280 alb.
1289 5220 1328 5277 'A
1342 5243 1397 5279 τινα
1412 5221 1449 5297 ἐφ’
1476 5222 1535 5298 ἡμῖν
1554 5224 1624 5293 εἰσιν,
1641 5228 1710 5281 θοαὶ
1725 5223 1899 5297 aetertum

344 5315 415 5367 μενον
430 5297 508 5369 abab
530 5301 636 5364 πουεΐσαι
661 5296 688 5351 tl
702 5299 792 5352 τούτου
813 5299 856 5367 τὴν
880 5302 1002 5374 αθρσσινό
1026 5302 1111 5366 νυόςό
1160 5306 1200 5359 καὶ
1215 5304 1512 5380 accelerarentur.

342 5377 468 5451 ἡμέτερος,
483 5381 522 5432 καὶ
535 5377 607 5442 οὗτός
617 5378 681 5433 ἔστιν
701 5380 766 5453 ἀρχὴ
779 5380 897 5453 πράξεως·
913 5384 954 5436 καὶ
969 5386 1046 5439 ταῦτα
1060 5384 1110 5440 ἔστι
1195 5387 1217 5443 d
1235 5389 1276 5445 ld.
1291 5388 1340 5445 lib.
1355 5389 1393 5446 de
1407 5391 1505 5447 Duab-
1525 5391 1640 5450 micat.
1659 5394 1707 5447 [iul
1719 5395 1797 5459 πάλιν,
1810 5386 1901 5457 dtur&

343 5460 373 5515 τὰ
388 5459 424 5532 ἔφ’
437 5461 508 5533 ἡμῖν,
523 5462 554 5516 τὰ
573 5461 656 5530 ἐπίσης
670 5460 827 5535 ἐνδεχόμενα·
857 5459 911 5519 οἷον
941 5466 969 5522 τό
994 5471 1111 5523 κινεῖσθαι
1160 5490 1233 5544 τορος
1243 5476 1298 5539 νοῦ,
1307 5473 1400 5541 κίνησις
1415 5472 1579 5537 αθτεξοθσνος.
