4030 6204
346 314 397 375 DE
420 314 495 376 11Εο
520 313 663 388 DEIQUE
683 314 1024 393 PROPlllE'l'ATlBUS,
1047 317 1119 378 LlB.
1141 318 1194 394 Vl,
1216 320 1300 381 CAP.
1324 322 1389 382 Vll.
1619 328 1674 388 llll

81 479 218 543 celebres
240 479 275 540 in
295 479 399 541 schola
416 478 565 559 theologi,
587 479 675 540 facilc
696 479 778 541 istud
800 481 854 541 ad·
945 480 1025 542 xlv.
1048 483 1232 563 Quanquam
1252 486 1406 565 peculiare
1427 486 1575 567 quiddam
1597 490 1678 553 inest

81 573 219 647 mittent,
235 572 342 652 perlici
356 572 473 652 aliquid
488 590 524 632 eo
537 589 637 652 posse,
653 572 737 651 quod
752 571 855 652 ipsum
904 571 938 634 ln
947 572 1001 634 illa
1013 592 1146 644 sumina,
1158 582 1189 636 et
1197 578 1404 659 inexplicabili
1413 580 1572 650 Trinitate,
1589 583 1678 663 qu'us

81 664 215 725 minime
227 666 267 726 sit
279 665 355 726 inse
369 663 550 744 perlectum,
561 663 612 724 vel
620 664 766 743 perfectio
778 663 852 741 ulla,
904 665 1013 743 grstia,
1034 667 1092 728 etsi
1110 668 1240 747 singulte
1257 688 1461 750 personarum
1476 674 1678 754 proprietates

81 756 131 818 111
155 774 205 817 res
226 761 258 817 et
278 756 383 817 entitas
401 755 545 836 denique.
567 754 747 816 Perflciendi
770 755 854 816 enim
904 757 1099 835 perfectionis
1128 762 1332 824 accessionem
1356 764 1494 844 aliquam
1518 766 1673 845 lacerent,

81 848 162 909 ratio
185 848 301 929 duplex
322 855 387 909 est:
413 848 521 924 altera,
543 846 672 927 <piant
693 846 854 909 affectione
903 866 968 909 noii
986 851 1091 913 minus
1113 853 1248 931 perlecta
1267 855 1415 934 quelibet
1435 857 1473 918 de
1491 858 1592 920 tribus
1604 880 1675 941 per-

81 941 220 1020 quadam
232 941 566 1002 communicantissese
579 940 700 1015 forme,
713 941 763 1002 vel
777 959 853 1020 qua-
903 958 979 1002 sona
991 941 1081 1013 foret
1093 962 1188 1023 quam
1198 947 1267 1007 duae
1280 951 1381 1008 tresve
1395 949 1498 1012 simul.
1517 952 1676 1032 Siquidem

80 1032 194 1108 litatis3
205 1038 328 1094 utcnm
341 1033 479 1094 animam
490 1031 601 1109 virtus,
614 1031 665 1092 vel
678 1031 733 1093 1111
742 1033 852 1111 gratia
902 1037 965 1094 tres
983 1054 1136 1115 personae
1156 1038 1205 1099 vel
1226 1040 1429 1118 proprietates
1446 1042 1586 1113 totidem
1611 1061 1676 1106 nna

81 1128 137 1184 aut
158 1124 288 1186 seientia
304 1124 442 1205 perficit:
467 1122 564 1185 altera
590 1141 660 1203 quae
679 1124 854 1186 definiendo
903 1126 1072 1208 eademque
1086 1148 1136 1191 res
1154 1149 1226 1191 cum
1241 1134 1372 1195 essentia
1385 1140 1468 1194 sunt.
1487 1135 1533 1195 Ob
1547 1136 1627 1201 idm
1644 1157 1676 1199 se

81 1234 118 1276 ae
140 1217 354 1292 terminando,
380 1215 518 1278 11111111
542 1215 711 1277 coercendo
733 1216 779 1277 fit
810 1218 854 1279 lta
903 1224 1012 1280 mutilo
1027 1239 1092 1283 esse
1106 1223 1271 1300 dicuntum
1290 1244 1325 1285 ac
1341 1226 1511 1287 Patemitas
1514 1230 1675 1334 ,exempli

81 1314 233 1387 punctum
256 1308 391 1383 11111111,
416 1308 484 1369 hiae
506 1307 700 1388 superficiem
722 1309 851 1388 perlicit.
903 1313 1063 1379 11111111
1084 1313 1171 1381 Filio,
1195 1320 1225 1375 et
1245 1316 1379 1379 vicissim
1403 1317 1550 1379 Filictas
1542 1327 1622 1381 inest
1642 1322 1675 1382 in

82 1398 638 1479 Aeprioremodosolaeproprietates,
645 1417 715 1478 quae
729 1402 854 1464 stauisti
904 1401 992 1464 Patre
1009 1412 1072 1466 κατὰ
1086 1431 1140 1485 περι
1118 1433 1181 1487 ppo
1168 1415 1261 1486 ’μρησν
1284 1408 1322 1469 de
1336 1428 1398 1488 qua
1411 1409 1445 1469 in
1458 1410 1537 1471 libro
1552 1418 1673 1491 quarto,
1741 1448 1756 1491 p
1798 1460 1828 1491 ,,,.

82 1496 113 1552 et
133 1492 291 1553 naturales
311 1498 395 1568 sunt,
415 1496 481 1552 tam
499 1490 639 1552 divinam
657 1496 802 1552 naturam
820 1487 854 1547 in
903 1494 1001 1573 capite
1024 1496 1135 1556 ultimo
1159 1498 1197 1558 de
1217 1499 1366 1561 ‘trinitate
1383 1502 1601 1581 disputabitur.
1624 1505 1675 1566 ln·
1708 1502 1770 1545 1111*
1785 1503 1789 1512 “
1805 1514 1832 1546 ¹²⁴

82 1602 113 1645 se
116 1602 236 1663 ,quain
254 1602 402 1665 personae
420 1598 528 1645 omues
547 1582 734 1662 perficiunt:
751 1585 853 1662 poste-
901 1590 996 1647 terest
1008 1592 1114 1649 tamen
1133 1590 1228 1658 modi,
1245 1609 1306 1669 quo
1325 1593 1358 1652 iii
1378 1594 1468 1654 Patre
1482 1595 1590 1656 eadem
1603 1615 1675 1676 pro-

81 1694 250 1739 noreiero
259 1676 434 1750 relationes
450 1675 515 1736 1111
528 1675 705 1755 personales
718 1674 855 1754 proprie
902 1677 1018 1756 pristas
1031 1684 1077 1740 est
1090 1681 1145 1740 et
1136 1699 1169 1740 in
1191 1682 1278 1742 Filio.
1305 1683 1411 1744 Nam
1402 1702 1434 1744 iii
1453 1684 1507 1745 illo
1526 1691 1676 1766 tanqiiam

81 1774 174 1842 tates,
193 1769 361 1830 1111111111
352 1786 453 1848 ipsam
466 1768 663 1829 terminando
677 1767 851 1848 perficiunt.
902 1768 1011 1839 forma,
1021 1771 1091 1831 ut
1067 1790 1111 1832 sic
1119 1772 1239 1851 loquar
1251 1776 1378 1855 propria
1386 1777 1485 1839 inesse
1494 1777 1674 1860 somnaliter,

83 1859 150 1921 Non
166 1861 252 1921 enim
264 1862 417 1940 maiorem
434 1860 582 1940 aliquam,
598 1878 693 1940 quam
707 1878 778 1939 iproe
796 1877 853 1919 na·
903 1866 934 1921 et
950 1862 1180 1940 quodammodo
1194 1883 1267 1926 euin
1281 1866 1403 1928 afficere
1421 1870 1678 1940 1111111111-

81 1956 159 2014 turte
177 1953 274 2029 inest,
300 1958 332 2014 et
353 1958 400 2014 est
421 1952 610 2028 communis,
634 1951 854 2032 perlectionem
901 1957 968 2029 tur3
993 1955 1027 2014 in
1051 1955 1126 2016 Filio
1147 1974 1232 2024 vero,
1257 1964 1408 2038 tanquam
1432 1960 1476 2035 id,
1497 1962 1581 2041 quod
1604 1983 1676 2026 oum

81 2044 242 2123 adjiciunt.
258 2045 337 2107 Hine
355 2044 432 2106 illud
445 2044 485 2105 ab
498 2045 671 2123 Augustino
687 2044 853 2125 repetitum
902 2048 1034 2106 essentia
1059 2064 1108 2107 res
1136 2053 1182 2107 est
1206 2066 1270 2109 una
1297 2050 1534 2130 simplicissima,
1564 2057 1677 2113 111111

82 2136 214 2216 sapius:
234 2155 299 2199 non
318 2155 382 2198 esse
397 2136 530 2216 majores
543 2137 621 2198 duas
634 2136 738 2211 simul,
753 2142 853 2197 tresve
902 2145 1066 2217 περιχώρησιν
1085 2138 1206 2200 solum:
1222 2159 1284 2219 qua
1300 2143 1420 2203 ratione
1435 2144 1572 2205 Peterin
1586 2145 1673 2212 Filio,

82 2246 243 2307 personas,
265 2247 361 2309 quam
381 2247 477 2290 unam
500 2228 688 2308 quamlibet:
708 2230 854 2289 «Tantus
902 2229 1239 2301 1111111111Ρ1111,
1269 2233 1359 2294 etin
1385 2239 1518 2315 utroque
1543 2236 1677 2316 Spiritus

82 2325 136 2391 est,
160 2321 273 2400 inquit,
293 2321 377 2382 solus
390 2322 491 2397 Pater,
512 2321 562 2382 111
575 2319 658 2381 solus
676 2320 780 2395 Filius,
804 2321 854 2382 111
902 2327 1025 2382 sanetus
1039 2340 1104 2383 esse
1113 2323 1270 2385 dicuntur.
1287 2327 1374 2385 Hanc
1383 2326 1482 2405 ipsam
1492 2327 1677 2406 aequalitatis

82 2411 163 2473 solus
192 2412 325 2493 Spiritus
351 2418 497 2487 sanctus,
525 2418 660 2492 quantus
687 2417 734 2473 est
759 2412 855 2473 simul
902 2430 1028 2473 causam
1044 2413 1160 2475 indicat
1177 2415 1368 2495 Augustinus
1387 2418 1467 2478 libro
1481 2418 1556 2480 Vde
1574 2419 1675 2480 Trini-

85 2505 181 2579 Patcr,
205 2509 237 2565 et
257 2504 362 2580 Filius,
382 2510 414 2565 et
428 2505 561 2584 Spiritus
578 2509 701 2565 sanetus
717 2502 739 2564 ¹.
759 2504 853 2585 Atqui
901 2512 973 2581 tate,
995 2506 1096 2585 capite
1109 2524 1163 2567 111.
1184 2529 1200 2564 n
1218 2509 1280 2568 Neo
1300 2509 1450 2588 quoniam
1462 2510 1598 2571 Trinitas
1618 2517 1674 2580 est,

83 2597 215 2676 majores
227 2602 290 2658 tres
302 2596 397 2657 simul
410 2596 507 2657 uideri
521 2602 657 2676 possent,
669 2614 764 2677 quam
777 2615 851 2673 una,
902 2596 1019 2675 inquit,
1043 2598 1113 2659 ideo
1135 2599 1250 2678 triplex
1272 2601 1429 2679 putandus
1447 2607 1512 2677 est,
1537 2602 1677 2681 alioquin

83 2689 107 2749 si
134 2690 211 2770 quid
242 2689 437 2770 porrectionis
463 2690 588 2751 adderet
614 2689 783 2769 paternitas
814 2691 854 2751 ad
902 2688 1006 2750 minor
1020 2689 1178 2752 eritPater
1191 2692 1285 2761 solus,
1300 2697 1354 2753 aut
1368 2693 1463 2754 Filius
1477 2694 1569 2764 solus,
1582 2713 1677 2774 quain

83 2798 281 2843 communem
292 2788 447 2843 naturam.
460 2782 637 2842 Fssetenim
646 2782 854 2861 meliusquid-
902 2780 996 2841 simul
1014 2783 1113 2850 Pater,
1135 2789 1166 2843 et
1184 2783 1291 2844 Filius.
1315 2785 1500 2864 Quanquam
1513 2803 1578 2846 non
1592 2786 1677 2848 inve-

84 2872 172 2951 dom,
204 2874 263 2935 hoc
284 2879 331 2934 est
350 2873 470 2935 bonum
492 2874 602 2953 magis,
632 2874 715 2952 quod
741 2873 853 2953 triplici
903 2871 1007 2932 nietur
1020 2873 1259 2952 'quomodo'dici
1277 2875 1382 2953 possit,
1405 2881 1459 2936 ant
1478 2877 1567 2938 Pater
1580 2877 1674 2947 solus,

84 2966 210 3034 entitcte,
234 2972 271 3027 nt
289 2966 334 3026 ita
350 2965 472 3045 loquar,
488 2972 519 3026 et
532 2966 669 3026 bonitate
687 2971 851 3027 constaret.
903 2968 958 3023 aut
972 2963 1067 3024 Filius
1080 2963 1174 3040 solus,
1191 2983 1263 3025 eum
1273 2983 1405 3045 semper,
1418 2974 1511 3047 atque
1522 2968 1678 3048 insepara-

85 3057 176 3119 Porro
196 3079 212 3114 1
230 3057 264 3119 in
284 3058 332 3134 111,
355 3075 425 3135 quas
446 3075 511 3118 non
534 3057 616 3119 mole
635 3062 851 3136 magnasunt,
902 3053 1006 3116 biliter
1019 3056 1114 3117 111111
1128 3075 1201 3118 cuin
1215 3058 1292 3118 Filio
1305 3059 1354 3125 sit,
1367 3063 1398 3119 et
1411 3059 1463 3119 1111
1480 3078 1554 3121 cuin
1568 3061 1674 3122 Patre:

85 3149 126 3210 ait
141 3150 260 3211 ibidem
282 3149 484 3229 Augustinus,
504 3150 564 3212 boc
587 3155 633 3211 est
652 3150 752 3229 majus
775 3168 852 3227 esse,
902 3165 968 3208 non
981 3148 1122 3209 utambo
1136 3149 1198 3210 sint
1212 3151 1312 3218 Pater,
1329 3155 1384 3210 aut
1398 3152 1491 3211 ambo
1502 3151 1609 3222 Filius,
1622 3154 1683 3215 sed·

86 3243 165 3322 quod
179 3242 348 3304 estmelius
361 3261 438 3304 esse.
455 3264 470 3301 a
484 3243 601 3303 Rursus
614 3242 697 3303 idem
711 3243 855 3321 Augusti-
903 3240 977 3318 quia
990 3258 1111 3321 semper
1124 3241 1157 3301 in
1171 3241 1317 3310 invicem,
1333 3248 1445 3304 neuter
1460 3243 1554 3305 solus.
1571 3246 1674 3305 »Moiz

86 3352 142 3395 nus
153 3334 235 3396 libro
249 3334 315 3409 Vll,
331 3334 430 3415 capite
443 3334 635 3396 vizsbeinde
648 3334 739 3394 iubis
748 3335 852 3411 rebus,
907 3352 923 3390 1
937 3332 981 3392 lta
995 3332 1097 3393 solum
1112 3334 1234 3394 Patrem
1243 3333 1373 3394 dicimus
1383 3335 1517 3404 Patrem,
1529 3338 1678 3415 nonquia

85 3426 183 3506 inquit
191 3427 232 3488 de
241 3427 350 3487 creatis
358 3426 499 3506 loquens,
509 3444 574 3487 non
584 3430 708 3487 tantum
718 3432 764 3487 est
773 3445 854 3488 unus
903 3430 1063 3503 separatur
1081 3444 1100 3485 a
1118 3425 1214 3486 Filio:
1231 3425 1285 3486 sed
1298 3427 1372 3504 quia
1390 3446 1454 3488 nou
1473 3428 1566 3488 simul
1585 3429 1677 3489 ambo

85 3518 187 3594 bomo,
208 3523 362 3599 quantum
381 3523 444 3580 tres
456 3518 598 3579 homines
612 3518 716 3595 simul,
732 3523 764 3579 et
785 3519 855 3599 plus
903 3521 991 3594 pater
1013 3522 1097 3577 sunt.
1122 3539 1138 3573 ii
1161 3518 1199 3578 Et
1217 3517 1397 3597 Fulgentius
1419 3518 1499 3579 libro
1525 3520 1616 3580 tertio
1639 3518 1681 3581 ad

86 3616 154 3672 sunt
162 3610 283 3690 aliquid
296 3609 438 3671 homines
451 3610 524 3685 duo,
541 3627 637 3689 quam
652 3628 733 3670 unus
745 3610 852 3671 hoino.
904 3607 1079 3677 Monimou,
1105 3609 1203 3689 capite
1221 3626 1276 3670 iii.
1296 3610 1523 3690 «Tantumque
1542 3617 1598 3681 est,
1622 3611 1675 3680 ait,

86 3702 121 3763 Et
146 3704 179 3764 in
206 3702 316 3763 statius
338 3701 508 3781 equalibus
537 3701 608 3781 plus
632 3700 770 3762 suriest
792 3708 855 3763 tres
903 3698 1005 3779 ipsum
1024 3700 1174 3770 Verbum,
1197 3707 1314 3781 quanta
1338 3701 1433 3762 simul
1460 3708 1506 3763 est
1533 3710 1565 3763 et
1589 3720 1679 3764 mens

86 3794 186 3871 simul,
209 3812 305 3874 qnam
328 3793 457 3873 singule
480 3798 600 3869 statue,
625 3798 656 3854 et
682 3792 786 3854 minus
809 3799 855 3855 est
904 3791 971 3872 ipsa
982 3810 1055 3852 cum
1072 3793 1186 3854 Verbo.
1202 3794 1308 3872 Neque
1325 3794 1410 3854 enim
1424 3793 1467 3854 sic
1485 3794 1524 3855 de
1538 3794 1680 3855 11111111·-

87 3886 152 3947 auii
164 3905 241 3961 una,
258 3903 353 3965 quam
366 3886 449 3946 duaa.
470 3884 508 3947 At
522 3885 557 3946 iii
570 3885 633 3945 Deo
650 3903 715 3946 non
735 3885 777 3945 ita
796 3892 853 3947 111.
904 3882 980 3944 buin
995 3885 1141 3953 nascitur,
1164 3891 1200 3946 ut
1218 3886 1258 3945 ab
1273 3903 1309 3945 eo
1331 3885 1468 3946 localiter
1486 3892 1676 3948 secernatur.

87 3978 154 4039 Non
166 3978 252 4040 enim
266 3977 367 4056 major
379 3976 512 4038 essentia
530 3982 577 4038 est
589 3978 690 4050 Pater,
704 3982 736 4037 11
749 3977 853 4054 Filius,
904 3976 1052 4037 Nativitas
1065 3976 1180 4056 quippe
1201 3976 1263 4043 illa,
1288 3995 1359 4055 quei
1379 3977 1514 4038 ostendit
1532 3977 1607 4055 quid
1627 3979 1676 4048 sit,

87 4075 116 4130 11
129 4070 263 4150 Spiritus
285 4074 409 4130 sanctus
428 4067 532 4143 simul,
548 4085 644 4147 quam
657 4067 740 4129 solus
754 4070 854 4147 Pater,
905 4072 936 4128 11
949 4066 988 4127 de
1001 4085 1065 4146 qua
1083 4068 1132 4135 sit,
1149 4067 1216 4147 ipsa
1229 4068 1374 4135 ostendit,
1390 4068 1475 4147 quod
1489 4074 1577 4128 extra
1595 4087 1676 4138 eam,

88 4166 140 4223 ant
152 4163 237 4224 solus
250 4160 356 4237 Filius,
371 4161 423 4222 sed
447 4166 511 4222 tres
531 4159 625 4221 simul
642 4160 704 4221 illas
717 4160 858 4222 substan-
905 4158 944 4219 de
966 4176 1030 4237 qua
1048 4164 1158 4218 natum
1179 4163 1235 4227 est,
1261 4176 1326 4219 esse
1346 4176 1411 4219 non
1429 4159 1544 4238 possit:
1570 4161 1680 4221 necin

88 4254 146 4324 tie,
159 4255 384 4333 sivepersonae,
393 4253 420 4313 si
429 4253 473 4313 111
481 4251 619 4313 dicende
629 4257 712 4321 sunt,
724 4253 858 4332 aequales
906 4248 1011 4328 aliquo
1027 4250 1132 4310 minus
1145 4249 1195 4318 iit,
1211 4250 1265 4311 sed
1279 4250 1322 4310 sio
1340 4250 1379 4310 de
1398 4250 1466 4329 ipsa
1479 4251 1528 4319 sit,
1547 4255 1584 4311 ut
1596 4251 1680 4331 apud

88 4350 159 4409 sunt
175 4345 326 4425 ongum:
342 4346 426 4424 quod
439 4344 582 4406 animalis
600 4345 695 4406 bomo
709 4363 774 4406 non
787 4363 856 4424 per·
906 4340 1015 4421 ipsam,
1040 4346 1072 4401 et
1095 4341 1129 4400 in
1146 4340 1215 4420 ipsa
1228 4341 1278 4415 sit,
1297 4346 1482 4421 tantumque
1504 4342 1543 4402 sit
1556 4341 1595 4402 dc
1614 4342 1678 4411 illa,

89 4438 205 4518 cipit.»
846 4471 851 4483 ·
907 4437 1060 4513 qnantum
1078 4432 1189 4500 inilla,
1212 4438 1242 4494 et
1254 4432 1504 4501 tantuminilla,
1527 4439 1681 4513 quantum

128 4531 223 4592 Sinin
235 4534 343 4590 octavo
352 4528 442 4596 libro,
456 4550 471 4587 1
481 4530 615 4590 Tantam
624 4545 689 4590 esse
701 4527 745 4589 ait
758 4545 859 4607 aequa·
908 4543 980 4587 eum
997 4525 1062 4586 illa.
1077 4545 1093 4583 a

90 4620 206 4684 litatem
225 4621 259 4681 in
281 4640 319 4682 ea
339 4620 500 4688 Tiinitete,
521 4625 558 4680 ut
576 4638 641 4680 non
654 4619 757 4681 solum
770 4620 860 4680 Peter
948 4617 1015 4679 XV.
1039 4617 1133 4677 Porio
1142 4621 1245 4678 totum
1254 4616 1297 4686 id,
1311 4616 1395 4678 unde
1404 4616 1557 4698 perfectus
1567 4618 1683 4680 dicitur

91 4731 152 4775 uon
166 4714 206 4774 sit
223 4712 333 4793 major,
354 4729 450 4792 quam
469 4712 572 4780 Filius,
594 4712 679 4791 quod
691 4712 801 4772 attinet
820 4712 860 4772 ad
910 4710 1000 4777 lleus,
1017 4708 1067 4769 111
1078 4708 1208 4787 singulae
1230 4726 1381 4788 persona,
1407 4710 1441 4770 in
1464 4708 1530 4771 sola
1552 4711 1684 4772 essentia

92 4806 302 4880 divinitatem,
324 4805 378 4865 sed
399 4822 458 4865 nec
483 4805 572 4865 Pater
596 4809 628 4864 11
650 4803 745 4864 Filius
767 4803 860 4864 simul
910 4800 1075 4862 consistere
1087 4801 1215 4881 pulchre
1229 4801 1406 4863 Bernardus
1421 4801 1577 4863 ostendit
1569 4820 1602 4862 in
1617 4804 1681 4881 epi-

92 4899 191 4978 majus
200 4897 318 4979 ahquid
330 4896 402 4965 sint
416 4914 511 4976 quam
521 4896 652 4976 Spiritus
660 4901 793 4964 sanctus,
806 4901 861 4956 aut
910 4893 991 4954 stola
1017 4909 1088 4961 cxc,
1118 4893 1152 4953 in
1180 4911 1242 4971 qua
1270 4893 1353 4954 Petri
1380 4892 1535 4954 Abaelardi
1563 4912 1684 4954 errores

93 4987 747 5092 singulaquaequepersonaquaelibettiinm
756 4987 861 5048 minus
910 4984 1031 5046 refellit
1056 5004 1072 5041 «
1093 4984 1240 5045 11111111
1264 4985 1377 5064 digne,
1402 4985 1524 5064 inquit,
1549 5003 1605 5064 pro
1628 5005 1683 5046 sua

93 5080 209 5162 aliquid
222 5082 270 5150 sit,
283 5098 377 5162 quani
387 5080 454 5160 ipsa
467 5079 643 5140 Trinitas.»
656 5079 766 5154 Quod
758 5096 861 5160 ipsum
911 5075 1112 5180 possibilitate
1121 5076 1260 5137 divinam
1269 5077 1401 5137 aestimat
1408 5075 1680 5154 magnificentiam

94 5177 123 5233 et
135 5174 225 5236 aliis
217 5193 251 5236 in
264 5173 339 5235 locis
351 5171 497 5234 inculcat.
911 5168 966 5249 qui
983 5165 1087 5227 niliil'
1080 5185 1114 5228 in
1127 5186 1164 5228 ea
1182 5167 1297 5246 cogitat
1317 5166 1430 5246 dispar,
1451 5166 1506 5228 ubi
1523 5172 1569 5228 est
1582 5174 1683 5230 totuin

121 5362 131 5407 l
145 5363 326 5421 1111111111
339 5364 409 5416 ltin..
421 5376 441 5408 e.
454 5372 489 5406 111.

253 5465 329 5531 Toii.
352 5466 376 5528 1.
1486 5465 1525 5524 36
