3952 6170
340 345 389 406 DE
413 345 487 406 heo
513 345 657 420 llElQUE
677 345 1018 435 protuleramus,
1041 348 1112 409 LlB.
1136 347 1188 409 111.
1212 346 1294 406 CAP.
1320 345 1370 405 111.

68 515 192 589 excepto.
209 526 323 571 manca
342 511 490 571 duntaxat
509 516 540 571 et
553 512 728 572 claudicans
742 519 830 573 aster-

69 604 137 662 uitas
148 602 308 663 tribuitur.
325 604 396 677 Quae
411 604 436 663 si
450 622 523 665 vera
538 610 631 665 66166
645 606 710 665 Deo
723 605 827 683 digna,

1593 344 1653 403 273

881 515 963 593 quod
988 514 1027 574 ab
1045 520 1161 574 aeterno
1181 511 1323 601 66661161
1350 510 1453 571 6116161.
1473 507 1607 568 Tametsi
1629 509 1654 567 si

880 607 1096 668 immortalitas
1109 624 1182 667 vera
1196 612 1227 665 et
1240 622 1309 684 quse
1323 603 1441 683 optimo
1454 603 1486 662 id
1499 602 1570 679 jure
1586 618 1653 660 sor·

67 702 122 755 tam
141 694 262 755 661166
278 696 372 757 hahet
384 696 519 773 initium,
536 716 631 776 quam
648 698 711 757 line
729 704 832 759 eareat
879 699 935 763 tita
946 717 1063 760 66666
1073 705 1118 759 est
1127 704 1291 779 spectetur,
1305 695 1392 757 caah
1404 694 1574 755 aeternitate
1589 712 1653 753 nou

67 793 184 866 oportet.
200 790 241 848 At
261 788 312 849 isti
334 789 406 849 deos
420 807 530 849 omnes
550 796 619 850 satu
632 791 729 851 editos
741 796 829 851 ante·

66 879 145 940 rioris
160 880 301 959 alicujus,
324 886 355 941 et
375 887 516 961 tempore
538 884 721 962 posteriores
741 883 828 943 insti-

67 978 156 1032 tuunt.
180 974 288 1052 ltaque
310 976 418 1035 lovem
444 975 533 1036 illum
558 975 711 1054 optimum
728 977 828 1036 maxi·

67 1081 142 1125 mum
155 1084 189 1125 66
206 1066 389 1146 divumque,
406 1067 633 1146 hominumque
654 1073 826 1147 parentem,

67 1158 185 1217 Saturno
197 1161 353 1236 genitum,
370 1162 540 1221 Saturnum
550 1159 623 1221 Coeli
637 1160 752 1235 filium,
765 1161 829 1221 (1oe-

67 1247 123 1309 lum
138 1251 347 1312 1666616666
367 1252 528 1312 finxerunt
537 1251 559 1312 ¹.
576 1253 720 1313 AEternos
733 1253 829 1330 igitur

66 1341 200 1402 easolum
221 1362 261 1402 ex
276 1349 365 1422 parte
383 1344 544 1418 rebantur,
563 1344 647 1423 quod
665 1362 828 1423 numquam

66 1440 153 1492 666661
163 1434 331 1495 interituri.
347 1437 404 1510 Qui
413 1442 518 1496 66166
529 1438 642 1513 augeri
655 1436 825 1513 desierunt,

68 1530 351 1605 utramquepartem
365 1531 427 1589 ileo
440 1529 618 1589 setermtatis
629 1529 825 1590 addixerunt.

68 1617 122 1689 Quo
147 1617 278 1679 Thaletis
301 1620 354 1680 illa
374 1620 550 1700 philosophi
577 1621 737 1700 responsio
759 1639 827 1700 per-

68 1710 153 1770 tinet:
168 1711 219 1789 qui
241 1711 323 1786 Ouid
342 1722 410 1773 esset
437 1713 675 1793 antiquissimum
695 1714 827 1774 interro-

67 1801 265 1871 6661111666
296 1804 467 1873 6666611611,
496 1812 565 1865 orto
587 1806 664 1865 enim
693 1817 824 1867 carust.

68 1894 141 1966 Quod
153 1894 188 1955 de
202 1896 268 1956 solo
280 1915 319 1958 66
334 1899 389 1976 qui
402 1898 440 1958 sit
455 1916 546 1958 verus
560 1898 752 1977 intelligitur.
770 1900 826 1959 Hic

68 1987 137 2046 enim
149 2006 245 2048 noviss
256 2007 325 2051 esse
339 2009 404 2050 non
416 1996 526 2069 potest.
538 1990 618 2051 Nam
634 2012 650 2048 o
664 1991 733 2069 quis
745 1992 826 2052 Deus

68 2096 160 2151 nouus,
179 2081 235 2140 nisi
256 2080 438 2143 1616661611
461 2082 679 2143 Tertullianus.
703 2084 748 2143 Ne
769 2084 824 2144 Sa·

67 2175 178 2230 turnum
190 2173 319 2251 quidem
332 2180 419 2235 tanta
432 2176 524 2236 hodie
547 2176 713 2255 antiquitas
726 2177 825 2236 Deum

69 2261 198 2340 probabit,
213 2266 287 2345 quia
298 2272 330 2326 et
343 2267 433 2327 ilium
447 2265 567 2328 novitas
578 2268 745 2347 aliquando
756 2286 826 2347 pro-

68 2354 180 2431 duxerit,
202 2376 275 2418 eum
303 2359 443 2437 plimum
466 2361 684 2421 consecravit¹.
705 2382 720 2417 υ
744 2362 825 2422 Vere

68 2445 153 2525 itaque
172 2449 283 2511 Philo:
313 2472 330 2507 o
352 2452 480 2513 Nullum
504 2454 558 2532 qui
572 2453 611 2513 sit
634 2459 821 2532 procreatus,

68 2555 156 2600 rerem
168 2559 231 2602 esse
244 2544 349 2603 Deum
368 2545 486 2621 asserit,
502 2546 556 2605 sed
575 2545 723 2624 opinione
742 2546 822 2606 dun·

68 2634 196 2705 66161
218 2635 285 2713 qui,
313 2637 399 2715 quod
420 2643 465 2697 est
484 2639 517 2697 in
538 2638 695 2698 divinitate
720 2639 824 2717 66661-

68 2741 158 2801 6666,
177 2746 213 2787 eo
234 2734 341 2789 careat
364 2730 533 2791 eternitate
548 2729 570 2790 ⁶.
591 2752 606 2787 ιι
630 2731 667 2791 Et
689 2731 824 2792 Isidorus

70 2815 197 2879 Pelusiota
221 2820 302 2880 libro
325 2808 582 2901 1661666161616
605 2828 823 2885 66661666

68 2916 179 2983 ultera,
192 2912 223 2971 id
246 2920 293 2973 est
312 2921 467 2982 66161666,
492 2915 576 2994 quod
597 2914 636 2974 ab
662 2914 825 2977 immortoi'

68 2998 216 3080 distinguit,
231 3005 331 3066 solius
349 3024 414 3066 esse
427 3006 501 3067 dicit
514 3008 676 3086 proprium
691 3008 755 3084 Dei,
772 3028 823 3069 eu·

65 3092 200 3167 jusserba
220 3102 330 3176 postea
348 3098 491 3160 referam.
510 3100 778 3173 Quemadmodum
792 3108 823 3162 et

68 3185 226 3249 Ambrosius
251 3211 267 3247 6
288 3190 371 3251 nihil
391 3195 456 3252 tam
484 3192 647 3272 proprium
673 3193 728 3254 Dei
752 3193 823 3255 16611

156 3298 276 3360 semper
291 3300 359 3343 esse
369 3281 392 3343 ⁸.
413 3304 429 3340 υ
447 3284 547 3357 Quem
560 3285 698 3346 imitatus
711 3286 823 3347 Cassia-

68 3386 115 3430 nus
125 3371 154 3431 in
168 3373 275 3452 quinto
290 3373 327 3435 de
345 3374 565 3445 laromotione,
582 3377 680 3455 666116
702 3384 820 3454 octavo,

70 3462 203 3526 1611111116
216 3467 279 3527 Deo
291 3472 360 3527 tam
372 3469 559 3529 conveniens
572 3469 631 3528 dici
645 3471 820 3547 6616111611,

67 3570 143 3630 quom
157 3563 189 3617 ut
207 3576 335 3638 semper
347 3577 411 3621 esse
433 3560 562 3621 61166166.
579 3581 594 3617 a
612 3561 693 3621 Tum
706 3562 821 3642 Grego-

67 3646 119 3706 tius
133 3649 295 3727 Nyssenus,
319 3674 335 3709 a
356 3654 439 3731 quod
453 3672 519 3713 666
532 3670 655 3732 semper
669 3658 725 3728 est,
742 3654 820 3714 diii-

67 3754 137 3807 666.
151 3741 259 3821 inqiut,
276 3744 447 3805 existimari
459 3764 524 3805 666
538 3750 665 3824 6616610.
682 3766 697 3802 υ

18 3839 49 3935 ips
98 3831 142 3892 lll.
164 3834 204 3893 [te
223 3836 284 3896 hae
304 3836 401 3915 igitur
425 3838 546 3915 integra
565 3843 595 3896 et
614 3837 711 3897 solida
729 3842 760 3896 et
778 3838 822 3898 di·

18 3956 48 3991 6,
67 3921 116 3981 uni
126 3927 245 4004 propria
258 3929 400 3989 numinis
412 3928 582 3989 eternitate
597 3928 719 3995 dicturi.
736 3930 822 4008 prius

66 4018 255 4097 6616666166
284 4021 377 4099 quale
404 4021 442 4082 sit
474 4021 623 4082 debemus
649 4022 818 4101 inquirere.

66 4104 144 4168 Greci
158 4112 239 4189 quod
258 4118 414 4174 66166666
432 4114 481 4174 vel
502 4114 727 4194 sempiternum
745 4114 819 4176 diei·

66 4212 130 4273 111118,
144 4205 255 4280 partim
274 4211 388 4279 αἰώνιον,
401 4206 514 4285 pffl'fim
530 4213 620 4282 ἀΐδιον,
636 4207 747 4286 partim
762 4214 820 4268 ἀθά-

65 4302 249 4357 mavoeant.
271 4296 335 4358 Sed
352 4298 411 4359 hoe
432 4299 556 4377 proprie
574 4304 620 4358 est
642 4297 817 4367 immortale,

92 4550 109 4587 a
125 4534 231 4596 Pirria.
246 4541 277 4597 in
292 4541 439 4598 Conuicto.
453 4543 483 4595 rt
497 4542 677 4614 πρευόύτατους
691 4543 754 4607 θεὸς,
774 4543 819 4615 ἔφη

64 4613 284 4693 611111116666
299 4626 347 4696 γάρ
363 4623 424 4679 ἔστι.

93 4699 208 4768 llum,
228 4706 278 4762 lib.
297 4707 358 4780 Περὶ
378 4710 490 4781 ριλανθρ.
509 4710 613 4777 Γενητός
628 4708 819 4781 6166111166

64 4777 187 4917 {xima
208 4788 266 4863 δόξῃ
290 4792 377 4863 μόνον,
399 4792 428 4845 τὸ
451 4792 642 4864 ἀναγκαιότατον
665 4792 818 4865 ἀφῃρημένος

86 4880 106 4915 01
120 4886 185 4936 τητα.

93 4951 195 5009 etta.
215 4956 245 5012 in
266 4958 333 5027 prol.
360 4956 408 5013 lib.
424 4958 596 5015 Ceteri-'lb
619 4959 666 5031 γὰρ
681 4959 714 5032 μὴ
735 4958 773 5012 dcl
787 4960 816 5012 ὃν

65 5022 102 5086 u.
113 5038 322 5110 66666661
335 5039 400 5095 έοτιν
414 5040 566 5113 ὑπολήψεως.

97 5115 249 5176 disseras.
272 5140 331 5195 cap.
353 5141 389 5178 ir.
413 5130 469 5181 tea.
485 5124 549 5180 too.
575 5126 611 5178 Τὸ
631 5124 678 5197 γὰρ
697 5125 766 5189 τέλος
787 5126 817 5178 τό

66 5204 161 5275 περιέχον
180 5207 222 5259 τὸν
242 5211 286 5273 τῆς
304 5207 406 5261 έκάοταυ
424 5211 490 5275 ζωῆς
508 5210 608 5281 χρόνον,
627 5202 656 5261 οὗ
676 5208 750 5279 μηδὲν
769 5206 816 5270 ἔξω

67 5284 117 5337 κατὰ
132 5287 212 5357 plau,
234 5287 293 5342 αἰὼν
312 5290 414 5345 ἑκάστου
429 5292 554 5360 κέκληται·
569 5291 632 5346 κατὰ
643 5292 686 5345 τὸν
700 5290 773 5345 αὐτὸν
788 5291 814 5344 δέ
843 5310 851 5331 ι

879 791 991 866 differt,
1010 793 1049 852 de
1069 810 1128 871 666
1152 810 1186 851 ro
1209 795 1325 870 postea.
1344 790 1434 849 Nune
1447 793 1547 847 αἰώνιον
1562 784 1601 844 ab
1616 803 1652 845 eo

878 885 962 962 quod
987 888 1033 943 est
1052 892 1114 946 αἰὼν
1131 884 1312 945 deflectitur.
1340 887 1404 941 1161
1433 884 1537 939 66166
1565 877 1654 956 quasi

878 975 1069 1056 61666661
1087 976 1260 1057 respersit.
1284 976 1382 1047 Quam
1403 970 1538 1031 nominis
1556 969 1651 1029 inter-

869 1069 1083 1147 pretationem
1097 1087 1162 1129 666
1173 1068 1275 1129 solum
1290 1064 1485 1145 grammatici
1497 1062 1650 1139 referunt,

877 1161 930 1221 sed
944 1162 1059 1222 summi
1072 1161 1166 1222 etiam
1180 1161 1240 1220 viri
1251 1158 1424 1239 approbant
1434 1154 1456 1215 ⁸.
1472 1153 1652 1216 Aristoteles

876 1254 910 1315 in
929 1255 1030 1333 primo
1047 1254 1127 1315 libro
1141 1252 1177 1314 de
1191 1252 1272 1315 Celo
1292 1257 1371 1311 αἰῶνα
1391 1249 1459 1308 vult
1478 1246 1650 1326 significare

876 1349 1001 1426 proprie
1020 1346 1190 1406 terminum
1209 1365 1243 1405 66
1261 1344 1358 1404 finem
1378 1341 1475 1401 aetatis
1489 1339 1648 1418 cujusque,

876 1457 912 1499 ae
925 1440 1027 1518 primo
1041 1439 1166 1518 quidem
1182 1438 1319 1511 «finem,
1336 1436 1389 1513 qui
1407 1433 1650 1510 uniuscujusque

876 1537 999 1611 tempus
1012 1530 1346 1609 aetatiseompieetitur,
1363 1531 1449 1587 extra
1462 1543 1557 1605 quem
1570 1524 1649 1584 nihil

876 1629 921 1684 est
939 1625 1110 1684 secundum
1125 1629 1279 1696 naturam,
1296 1638 1417 1681 aeonem
1433 1618 1580 1698 appellari
1595 1635 1648 1676 66-

871 1716 994 1796 jusque.
1014 1716 1130 1777 Deinde
1144 1716 1237 1775 simili
1250 1715 1381 1787 ratione,
1395 1712 1490 1777 susem
1505 1728 1578 1771 eum
1596 1710 1649 1788 qui

875 1809 942 1868 66611
952 1810 1046 1869 totius
1055 1808 1162 1883 finem,
1174 1813 1205 1867 61
1217 1809 1407 1867 immensum
1418 1804 1560 1864 omnium
1572 1807 1650 1862 tem·

875 1919 943 1979 pus,
962 1907 1054 1980 atque
1072 1901 1314 1961 immensitatem
1335 1900 1434 1978 ipsam
1448 1895 1649 1974 comprehen-

875 1993 930 2061 dit,
946 2011 1066 2054 {eonem
1079 2011 1156 2068 esse,
1174 1990 1344 2052 (11616661)
1359 2008 1395 2050 eo
1410 1988 1494 2068 qirod
1513 1992 1558 2048 est
1571 2004 1649 2047 666-

875 2103 930 2164 per
943 2103 1020 2160 esse,
1036 2085 1244 2146 immortalem
1257 2103 1292 2145 ac
1310 2083 1462 2143 divinum.
1478 2081 1523 2140 Ex
1539 2096 1601 2159 quo
1618 2085 1649 2140 et

874 2183 983 2238 caetera
1007 2195 1191 2257 suspensum
1217 2177 1333 2237 hahent
1360 2175 1502 2255 quedam
1527 2191 1649 2233 accura-

873 2271 946 2344 tius,
967 2271 1110 2349 quedam
1129 2270 1299 2345 obscurius,
1321 2286 1385 2329 esse
1405 2286 1441 2327 66
1458 2267 1563 2326 vivere
1577 2264 1602 2324 ⁶.
1627 2286 1646 2325 a

874 2362 1082 2435 Quamobrem
1111 2362 1245 2424 61611116
1271 2368 1363 2439 atque
1385 2358 1549 2432 aeternitas,
1578 2374 1647 2435 quae

872 2472 995 2534 semper
1017 2460 1073 2525 est,
1099 2473 1193 2515 omne
1212 2459 1337 2533 tempus
1362 2456 1393 2513 et
1410 2456 1532 2511 aetatem
1555 2455 1647 2528 atque

873 2565 975 2608 aevum
988 2566 1081 2608 omne
1095 2546 1340 2626 comprehendit.
1359 2546 1403 2605 Ac
1417 2542 1601 2623 praclarum
1615 2543 1647 2603 id

872 2646 918 2699 est
931 2639 1112 2715 Aristotelis,
1129 2639 1212 2717 quod
1226 2639 1312 2699 illam
1330 2638 1429 2717 ipsam
1441 2635 1645 2697 aeternitatem

871 2731 968 2793 finem
982 2751 1047 2793 esse
1061 2731 1138 2792 dixit
1152 2732 1211 2792 661
1225 2731 1337 2805 omnis,
1354 2736 1385 2789 61
1399 2728 1584 2789 infinitatem
1597 2728 1644 2807 ip-

871 2841 938 2904 sam
967 2824 1230 2904 comprehendere
1255 2823 1405 2902 temporis
1433 2827 1464 2882 61
1489 2820 1644 2899 amplecti,

871 2918 955 2995 quod
968 2935 1033 2976 uon
1048 2916 1146 2976 multo
1161 2921 1229 2995 post
1243 2914 1466 2976 enarrabimus.

912 3007 1077 3087 Dionysius
1094 3008 1169 3067 item
1184 3009 1283 3067 Deum
1301 3024 1366 3066 esse
1384 3005 1487 3065 docuit
1509 3026 1524 3061 o
1545 3021 1647 3065 essen·

871 3102 946 3162 tiam
967 3117 1166 3178 eorumquae
1185 3104 1268 3174 sunt,
1290 3104 1440 3176 tanquam
1458 3096 1647 3175 principium

871 3211 981 3254 eorum
1002 3197 1032 3252 et
1052 3209 1176 3252 causam
1193 3200 1215 3267 θ,
1240 3212 1256 3249 a
1279 3195 1310 3251 et
1330 3196 1409 3252 aleva
1427 3202 1476 3251 τῶν
1491 3195 1646 3262 61616661

871 3286 926 3366 qui
942 3286 982 3345 sit
1002 3303 1115 3364 suuper
1134 3284 1284 3364 6666666
1297 3282 1424 3362 proprie
1441 3299 1530 3362 quom
1553 3298 1647 3341 66666
1716 3318 1719 3324 -

871 3396 1015 3439 universi.

912 3470 1050 3530 Plotinus
1063 3486 1187 3548 quoque
1201 3467 1240 3528 ab
1254 3486 1291 3528 eo
1305 3468 1496 3546 6661166116
1510 3468 1573 3528 εἶναι
1588 3466 1646 3528 dici
1671 3474 1818 3572 οιριωοιηρωωιι

871 3569 949 3624 αἰῶνα
973 3560 1154 3640 6166116611,
1179 3578 1238 3621 666
1255 3578 1320 3620 666
1347 3560 1473 3620 Procius
1497 3558 1578 3619 libro
1598 3577 1646 3619 se·

871 3655 973 3714 eundo
986 3654 1019 3714 in
1038 3653 1181 3715 Timoeum
1196 3653 1341 3713 Platonis.
1357 3653 1440 3725 Quos
1458 3658 1580 3712 secutus
1593 3651 1647 3712 Mi·

870 3746 956 3808 chael
983 3746 1099 3807 Psellus
1120 3746 1152 3805 in
1178 3744 1257 3805 libro
1287 3744 1484 3820 (1666116666
1505 3744 1646 3804 nondum

870 3839 963 3913 edito,
977 3839 1145 3917 quaestione
1166 3838 1322 3910 vicesima,
1342 3859 1357 3894 s
1377 3842 1493 3897 aeterna
1515 3837 1558 3896 ait
1581 3853 1645 3897 esse

870 3949 939 4011 quae
958 3949 1080 4010 semper
1098 3935 1171 3990 sunt
1192 3934 1223 3991 et
1247 3929 1430 4003 immobilia,
1451 3946 1521 4007 qua
1539 3933 1645 3988 autem

870 4028 943 4083 sunt
955 4025 988 4083 in
1002 4028 1154 4101 tempore,
1164 4022 1292 4081 tluentia
1306 4020 1598 4096 superposuimus
1610 4020 1644 4080 in

870 4114 1101 4177 commentariis
1116 4114 1343 4175 adorationem
1359 4112 1497 4190 Gregorii
1514 4111 1643 4172 Nazian-

869 4208 936 4269 zeni
956 4212 1095 4267 6616666
1114 4212 1144 4267 61
1166 4205 1363 4279 tricesimam,
1380 4211 1411 4264 et
1435 4205 1588 4265 Maximus
1604 4206 1644 4265 ad

868 4301 1013 4379 quintum
1027 4303 1120 4378 eaput
1133 4298 1204 4360 libri
1222 4298 1258 4359 de
1272 4298 1391 4360 Divinis
1409 4297 1582 4358 nominibus.
1604 4299 1645 4360 At
1710 4307 1714 4316 ‘

870 4545 944 4616 λόγον
961 4546 1001 4597 καὶ
1020 4545 1048 4598 ab
1067 4545 1157 4608 παντὸς
1173 4543 1276 4616 οὖρανοῦ
1296 4545 1375 4606 τέλος,
1390 4544 1430 4594 καὶ
1443 4543 1471 4595 th
1483 4547 1533 4596 τῶν
1545 4545 1642 4598 πάντων

869 4626 967 4699 ἄπειρον
981 4628 1082 4699 χρόνον,
1099 4629 1140 4680 καὶ
1158 4626 1202 4694 τὴν
1222 4626 1333 4698 ἀπειρίαν
1350 4626 1462 4698 περιέχον
1483 4626 1562 4695 τέλος,
1581 4627 1642 4680 αἰών

869 4707 944 4773 ἐστιν,
958 4709 1006 4763 ἀπὸ
1018 4714 1061 4762 τοῦ
1070 4709 1106 4763 ἀεὶ
1115 4704 1175 4762 εἶναι
1186 4708 1290 4781 εἰληφὼς
1296 4709 1340 4776 τὴν
1349 4706 1498 4779 ἐπωνυμίαν,
1512 4708 1640 4776 ἀθάνατος,

867 4794 906 4846 καὶ
920 4793 991 4853 θεῖος·
1005 4794 1058 4845 ὅθεν
1069 4794 1110 4844 καὶ
1125 4795 1176 4854 τοῖς
1188 4792 1273 4855 ἄλλοις
1289 4789 1426 4863 ἐξήρτηται,
1447 4794 1498 4853 τοῖς
1517 4792 1559 4863 μὲν
1575 4792 1642 4864 ἀκρι-

868 4876 990 4948 όέοτερον,
1004 4878 1056 4936 τοῖς
1067 4877 1090 4927 δ’
1103 4873 1270 4946 ἀμαυρότερον
1285 4875 1314 4927 τὸ
1327 4869 1389 4927 εἶναί
1405 4893 1440 4937 τε,
1453 4876 1493 4926 καὶ
1505 4877 1558 4946 ζῇν.

905 4959 1049 5015 6116616.
1071 4957 1249 5030 apudfiuth.
1271 4957 1457 5027 Pauperi.
1475 4957 1517 5010 tit.
1535 4957 1580 5011 lli.
1607 4953 1640 5010 ‘0

867 5042 919 5104 θεός
936 5040 1008 5094 oleta
1027 5037 1078 5093 ἐστὶ
1093 5040 1245 5104 τῶνόντων,
1261 5041 1295 5101 ὡς
1307 5039 1383 5111 ἀρχὴ,
1399 5040 1439 5091 καὶ
1453 5038 1519 5091 ultis
1534 5039 1637 5093 τούτων·

867 5122 926 5177 αἰὼν
941 5121 966 5175 δὲ
979 5127 1027 5175 τῶν
1042 5121 1148 5185 αἰώνων,
1164 5122 1198 5183 ὡς
1210 5121 1301 5185 delus,
1317 5122 1466 5193 κυριωτέρως
1474 5128 1522 5175 τῶν
1531 5122 1637 5177 αἰώνων.

903 5204 923 5279 s
937 5206 1060 5261 Pssnnus.
1081 5202 1220 5256 Tholobana
1240 5204 1276 5258 tet
1294 5204 1369 5269 ὄντα,
1385 5206 1426 5256 aul
1443 5203 1553 5273 ἀκ1νητα·
1570 5206 1601 5260 τὰ
1615 5208 1638 5260 δ’

868 5290 891 5342 ἐν
906 5291 990 5363 χρόνῳ
1006 5288 1102 5360 ῥέοντα.

90 5474 455 5537 11166161161166166-2111,
473 5484 490 5526 l.
507 5488 564 5528 6661,
581 5484 684 5530 Nomina
702 5496 749 5539 esp.
768 5484 871 5529 suu-tl
887 5483 949 5527 Toni.
968 5483 995 5525 ll.
1013 5482 1036 5524 iu
1055 5483 1113 5526 Paul.
1132 5480 1249 5522 661-1
1267 5481 1358 5530 11166161.
1379 5483 1527 5525 streton-b
1544 5485 1629 5528 1663
1675 5511 1683 5529 .

71 5535 151 5582 111111.
163 5552 208 5596 cap,
223 5555 242 5588 τ,
