3952 6170
331 378 381 438 DE
400 378 474 451 Deo
496 377 639 454 DEIQUE
659 376 1001 453 ΡΙΙΟΡΙΙΙΕΤΑΤΙΒΙΙΒ,
1023 378 1096 439 ile.
1119 378 1170 449 ΙΙΙ,
1193 378 1276 439 CAP.
1298 377 1379 438 VIIl.
1595 380 1651 441 311

67 558 125 607 non
138 543 245 606 modat
256 558 323 607 esse
334 542 445 620 Deum,
459 544 494 607 In
514 560 585 606 eam
600 544 786 607 subeuntem
802 551 834 605 et
887 545 985 621 «Quis
1002 545 1078 606 shut
1091 543 1234 607 Dome'om
1246 544 1326 607 Deo
1347 553 1444 607 noster
1461 544 1516 626 qui
1538 546 1569 607 iu
1582 543 1655 607 aleo

66 639 271 700 eonhnentem
286 642 318 698 et
338 638 367 698 el
384 636 638 700 insidentem⁶ls
656 638 749 718 Cujm
759 654 834 700 mox
882 635 1008 706 dabitat,
1017 646 1047 698 et
1058 636 1185 699 humiliis
1199 637 1321 719 respicit
1334 638 1366 699 ιἰι
1378 637 1447 699 eolo
1456 644 1486 699 ei
1500 637 1531 699 io
1547 636 1653 699 toea?

66 731 213 793 eruditam
225 731 381 792 rationem
394 730 495 792 affert.
517 731 590 793 eli
601 750 638 793 eo
651 733 737 793 enim
750 732 834 810 quod
883 732 1064 807 Ostendens,
1077 731 1189 810 inquit,
1207 731 1322 810 uhiqne
1345 730 1434 791 illum
1452 747 1528 805 esse,
1542 735 1574 790 et
1591 729 1654 791 illio

67 830 117 899 esi,
132 823 269 904 pendent
281 824 399 900 omnia,
421 841 524 904 neque
541 824 609 886 fleri
630 830 729 905 potest
743 831 778 886 ut
795 826 835 886 sit
883 823 983 885 ethio.
997 825 1066 884 Non
1080 825 1164 885 enim
1175 830 1325 903 tanquam
1335 822 1654 902 ahquisineoelooon-

67 916 461 997 diquidqmdiueoquod
469 918 830 993 estessenonhaheat.»
883 915 996 992 elusus,
1012 918 1134 978 eminus
1147 916 1232 977 videt
1249 934 1320 995 quae
1343 916 1465 976 suntin
1484 920 1578 989 terra,
1599 916 1654 977 sed

68 1009 834 1090 Nimirumresnullaoreataesseaoeonsisterepos-
882 1007 998 1088 ubique
1008 1027 1143 1088 praesens
1154 1014 1185 1069 et
1193 1008 1339 1069 omnihus
1353 1005 1551 1069 oniensi.»
1573 1008 1655 1082 Quid

67 1101 310 1177 sensistine
326 1102 382 1164 Dei
399 1120 472 1164 eum
492 1103 546 1163 ille
566 1102 730 1182 conjuncta
741 1102 831 1179 foret,
883 1099 1654 1182 aliudusurparetsshrysostomns‚sillugmh1niaut

67 1194 239 1256 mhstantia.
251 1195 386 1272 «Quare,
395 1195 480 1257 addit
491 1195 834 1272 subinde‚siIneosunt
882 1194 996 1255 Vorstii
1009 1195 1220 1255 detestandam
1229 1192 1545 1255 ehiistianisfahulam
1555 1193 1654 1255 nomi·

68 1288 174 1363 omnia,
189 1293 222 1348 et
233 1287 314 1348 illud
327 1293 374 1348 est
384 1288 418 1348 In
432 1287 588 1363 omnihus,
604 1305 725 1348 eureos
738 1288 835 1368 pudet
882 1287 981 1347 uatim
1000 1287 1172 1349 refelleret?
1193 1288 1310 1348 Rursus
1329 1287 1370 1347 ad
1389 1286 1443 1346 illa
1456 1285 1569 1347 Psalmi
1579 1304 1652 1347 ean·

69 1380 834 1460 mystertiillianuodtninearnationeposiumest,
881 1379 983 1440 tesimi
1010 1380 1156 1441 tricesimi
1184 1380 1309 1441 octavi:
1337 1378 1398 1454 Ouo
1426 1377 1514 1439 iheu
1541 1378 1652 1459 spiritu

69 1472 203 1552 quodque
225 1475 309 1534 Deus
326 1473 415 1534 doeet
426 1472 510 1533 inter
526 1473 669 1534 homines
680 1490 745 1534 esse
763 1491 832 1533 ver·
883 1471 1019 1549 too?ete,
1030 1473 1154 1549 hoeeet,
1169 1471 1318 1546 «Quoiho
1328 1470 1409 1531 ale?
1419 1469 1530 1532 Omnia
1540 1471 1651 1550 reples,

69 1570 171 1637 mmm,
184 1564 240 1644 qni
261 1583 302 1626 ne
322 1582 407 1625 nune
424 1565 552 1644 qeiidem
573 1571 660 1626 extra
672 1565 833 1627 hominem
882 1583 1018 1643 praesens
1034 1565 1108 1627 ades
1127 1565 1283 1639 omnihus,
1307 1582 1373 1625 non
1391 1581 1447 1643 per
1464 1567 1580 1642 portes,
1600 1564 1653 1625 sed

70 1657 711 1732 eeeoediturthamvisenimnonidem
721 1659 833 1719 modus
882 1658 975 1718 simul
985 1659 1130 1719 omnihus
1140 1662 1273 1718 totusue
1287 1658 1387 1736 Atque
1397 1655 1526 1718 homilia
1535 1655 1654 1717 deoIma

70 1751 290 1828 estprasentiae
305 1767 367 1830 qno
380 1751 462 1811 Deus
473 1750 508 1810 in
519 1749 609 1811 nohis
622 1755 668 1810 esi
681 1768 753 1811 oum
766 1751 831 1828 illo,
882 1751 1012 1829 ssphma
1047 1750 1079 1810 iu
1114 1750 1245 1814 Genesim
1274 1750 1352 1811 illud
1386 1766 1545 1828 exponens
1569 1749 1653 1827 quod

69 1846 164 1901 umen
176 1841 237 1902 hoe
249 1842 365 1922 ipsum,
378 1842 413 1902 In
424 1841 515 1903 nohis
527 1843 638 1918 inesse,
659 1847 690 1903 et
707 1860 792 1904 nune
803 1851 834 1906 et
883 1843 1030 1922 seriptum
1049 1849 1104 1919 est,
1120 1842 1215 1904 Deum
1237 1840 1399 1903 embolosse
1415 1840 1448 1900 iu
1462 1839 1625 1901 peredeo*
1643 1862 1650 1903 :

70 1938 135 1993 hine
151 1950 189 1994 ex
209 1952 301 2014 equo
326 1934 514 1996 confitentur
537 1951 655 1995 omnes.
681 1936 725 1996 ho
749 1954 833 1997 nune
882 1952 947 1995 non
969 1936 1108 1997 ambilet
1129 1937 1221 2011 Deus,
1245 1934 1358 2013 inquit,
1380 1932 1468 1993 absit.
1491 1933 1652 2006 Quomodo

70 2027 183 2105 quidem
192 2033 444 2106 contemperatus
453 2032 499 2087 est
509 2026 610 2103 nohis,
624 2027 833 2107 quinatumm
882 2027 967 2087 enim
1001 2029 1055 2107 qui
1088 2027 1203 2107 ubique
1235 2042 1370 2107 praesens
1402 2030 1448 2086 est
1487 2029 1519 2084 et
1544 2024 1654 2104 implet

72 2119 189 2180 ineout
200 2119 240 2180 sit
251 2120 400 2196 eontinet,
414 2124 490 2180 hine
500 2123 833 2201 autemoumeoquod
883 2119 1056 2181 omnielis

72 2215 269 2289 eunom-um,
283 2211 566 2273 oommishsslhit.o
583 2213 833 2275 Memorabilium
922 2213 1006 2273 Vixit
1019 2214 1129 2274 eodem
1140 2210 1252 2272 saeeulo
1263 2211 1316 2272 sed
1327 2211 1421 2290 paulo
1435 2209 1652 2288 chrysostomo
1721 2226 1795 2290 risos,

74 2305 164 2382 paneis
175 2304 225 2365 hio
234 2304 322 2365 loeus
332 2305 477 2365 est.Nam
487 2305 624 2365 divinam
636 2307 833 2384 praesentiam
882 2304 1140 2385 superior⁸lltus
1153 2303 1333 2366 Bostrensis.
1348 2302 1652 2381 hauteminprimo
1685 2276 1816 2324 ⁸⁰⁸¹¹⁰¹¹⁸¹'·

74 2394 251 2457 inomnIhus
258 2396 354 2457 rebus
362 2415 428 2458 non
435 2399 555 2458 actione
567 2396 833 2459 solumsedetiam
881 2406 984 2459 eontra
1004 2397 1182 2459 Mooietoeoe
1199 2397 1314 2458 horum
1334 2396 1372 2455 de
1392 2394 1514 2455 duohus
1534 2401 1565 2455 ot
1582 2412 1654 2455 eon·

74 2486 228 2550 melantia
238 2489 641 2568 apertissimedemonstrst,
652 2490 729 2550 dum
739 2490 833 2551 Verbi
881 2490 984 2551 tranIs
993 2490 1150 2570 principiis
1164 2490 1301 2551 confutat
1315 2482 1464 2563 errorem,
1476 2487 1560 2566 quod
1576 2487 1651 2548 alio·

75 2578 193 2641 hearne
204 2581 343 2642 hominis
351 2582 547 2642 existentiam
556 2581 635 2641 nihil
650 2581 764 2643 hahere
778 2601 834 2662 pu·
882 2583 936 2662 qui
945 2583 1173 2663 circumscripta
1185 2587 1216 2643 et
1224 2582 1351 2644 definita
1362 2580 1417 2641 Dei
1429 2585 1507 2641 esset
1515 2581 1654 2642 substan·

74 2671 197 2734 lendum
208 2678 263 2734 sut
274 2689 394 2734 novum
405 2690 444 2733 ex
459 2673 834 2754 illiussimilitudinepro
881 2676 935 2736 tia.
965 2676 1085 2749 «Quod
1110 2675 1253 2755 quidem,
1283 2675 1336 2751 ait,
1361 2679 1447 2735 extra
1473 2690 1655 2735 eommunes

75 2762 834 2846 hatouodnisiutroquuepraesentiaoiesdteeage·
882 2768 1164 2848 notionesest,quee
1174 2767 1272 2828 menti
1281 2769 1579 2846 miggeruntuteum
1588 2766 1655 2827 uhi·

74 2858 261 2934 etursedin
272 2864 459 2920 unovereet
469 2858 605 2938 propria,
618 2858 653 2918 in
662 2859 759 2920 altero
770 2877 835 2921 me·
882 2878 943 2940 que
953 2878 1018 2921 esse
1027 2867 1134 2922 noseat
1142 2865 1173 2921 et
1182 2864 1294 2919 nauus
1302 2858 1606 2937 incomprehensum.
1620 2880 1637 2917 s

74 2949 227 3029 hphoriea,
242 2952 350 3032 inepta
370 2957 448 3013 esset
467 2951 597 3012 omnino
610 2951 758 3013 oolleotio.
773 2952 834 3014 Sed
923 2954 1040 3014 Rursus
1062 2952 1274 3013 Theodoretus
1296 2950 1331 3011 in
1360 2950 1590 3010 commentariis
1614 2951 1654 3013 ad

76 3050 191 3104 nonest.
207 3045 315 3125 Itaque
336 3046 417 3105 Deus
431 3045 465 3105 in
482 3044 663 3104 hominihus
679 3045 833 3125 rebusque
883 3045 1037 3125 psalmum
1048 3045 1251 3106 centesimum
1265 3043 1456 3104 trieesimum
1466 3046 1611 3104 octavum
1624 3048 1655 3104 et

76 3136 833 3217 oetefismesleee’leepeeo,hooesttemperotiooem
882 3138 941 3199 ista
969 3137 1128 3217 propheta
1162 3136 1283 3198 veiha:
1312 3135 1352 3198 Si
1373 3133 1527 3196 meotidem
1549 3135 1581 3196 io
1600 3153 1655 3197 οσο-

77 3228 228 3304 quamdam
239 3229 421 3290 substantia
432 3247 496 3290 sue
506 3247 579 3290 oum
588 3229 831 3307 reinsendim,
883 3228 972 3306 tumn
985 3237 1043 3292 ete.
1063 3230 1208 3306 «Omnia,
1223 3230 1336 3308 inquit,
1346 3228 1457 3307 imples
1468 3233 1499 3288 et
1509 3246 1655 3308 suprema

76 3318 143 3379 deut
151 3321 219 3382 duee
231 3321 375 3401 perfeeto
388 3326 420 3383 et
434 3321 564 3401 integrm
577 3320 756 3383 adstantia
770 3324 833 3385 sive
883 3327 914 3384 et
923 3322 1061 3384 inlima‘.
1072 3344 1089 3381 ο
1101 3324 1190 3385 Mox:
1209 3322 1352 3402 «Ubique
1362 3326 1468 3382 autam
1481 3321 1567 3382 adest
1579 3324 1654 3382 etin

76 3407 241 3491 hypostases
263 3414 347 3474 inter
370 3430 402 3474 se
423 3418 638 3492 temperantur
654 3434 661 3474 ε
675 3414 709 3474 in
731 3415 834 3477 Verbo
883 3416 1028 3476 omnihus
1048 3420 1160 3495 prosto
1181 3420 1237 3492 est,
1260 3421 1292 3476 et
1311 3414 1343 3476 in
1359 3415 1422 3495 ipso
1435 3411 1580 3476 oioimos⁸
1601 3413 1656 3496 (se-

77 3507 167 3564 sutem
185 3524 240 3586 per
253 3512 381 3585 κατσμιξιν
396 3505 610 3574 odme’stionem,
623 3507 658 3566 in
674 3524 736 3585 qua
748 3507 833 3568 vide·
883 3509 1021 3569 eundum
1033 3509 1173 3570 divinum
1187 3505 1380 3588 Apostolum)
1401 3513 1430 3567 et
1449 3524 1610 3584 movemur,
1628 3515 1656 3569 et

78 3592 209 3658 lieetnon
231 3598 376 3677 perlectas
395 3603 468 3659 sunt
484 3598 666 3677 hypostases
684 3599 765 3675 duas,
781 3600 835 3661 sed
882 3619 981 3661 sumes
993 3600 1042 3662 Ι.»
1061 3602 1099 3662 Et
1112 3601 1145 3661 in
1157 3600 1237 3661 llhro
1250 3600 1370 3661 decimo
1384 3597 1419 3660 de
1436 3597 1652 3661 Providentia:

78 3704 131 3748 una
140 3689 286 3752 duntaxat
301 3696 408 3751 manet
426 3692 461 3753 in
473 3707 568 3769 quam
580 3691 676 3752 altera
689 3709 739 3752 res
752 3709 835 3754 assu·
887 3695 1061 3755 «Naturam
1074 3693 1151 3773 ejus,
1165 3693 1277 3773 lnquit,
1294 3692 1424 3754 minime
1446 3692 1656 3774 olroumserip—

78 3780 170 3842 mllur.
400 3820 408 3835 ·
883 3791 949 3847 tam
975 3804 1040 3848 esse
1066 3786 1197 3847 dicimus
1219 3791 1251 3847 et
1278 3785 1442 3846 oredimus.
1472 3784 1656 3847 Audivimus

108 3872 169 3935 VII.
180 3875 258 3936 Gom
271 3874 321 3936 hIs
331 3875 577 3955 oopnlendusest
586 3877 832 3957 Chrysostomus,
884 3879 969 3940 enim
983 3879 1137 3940 dicentem
1150 3879 1265 3958 ipsum,
1276 3878 1378 3939 Nonne
1389 3875 1492 3938 eoelum
1502 3885 1531 3937 et
1544 3884 1655 3939 torum

79 3964 242 4046 quipoeim
256 3974 364 4045 οῦοιοοη
379 3970 578 4048 presentiam
590 3970 645 4029 Dei
657 3975 689 4030 et
699 3970 833 4032 immen-
884 3989 935 4051 epo
956 3969 1083 4053 impleo?
1105 3969 1180 4031 dicit
1197 3969 1352 4037 Dominus,
1381 3975 1439 4031 eto.
1455 3991 1470 4027 o
1500 3970 1538 4029 Et
1561 3968 1655 4049 paulo

79 4056 183 4121 sitalem
194 4061 335 4121 adshult.
349 4060 403 4122 Ut¹
416 4062 621 4141 adpsolmum
632 4065 835 4125 oentesImum
884 4070 953 4145 post
973 4066 1011 4126 de
1032 4062 1171 4124 Christo:
1189 4062 1301 4140 «Fugit
1321 4062 1486 4123 hommum
1510 4077 1598 4122 more
1621 4062 1656 4122 in

80 4147 293 4227 domninum,
318 4152 412 4214 verba
436 4155 489 4215 illa
506 4155 630 4233 Doridis
653 4156 832 4235 explicans:
885 4156 1066 4236 AEgyptum,
1091 4172 1163 4215 oum
1189 4159 1339 4233 tanquam
1366 4154 1447 4214 Deus
1472 4152 1588 4233 uhique
1617 4153 1657 4213 sit

110 4342 255 4401 aNtssmt.
274 4359 335 4417 cap.
355 4343 401 4403 25.
420 4343 454 4399 'lh
471 4345 497 4400 δὲ
514 4343 538 4401 ἔν
553 4346 622 4418 φύσει
639 4345 711 4420 ἡμῶν
722 4348 833 4420 γενέσθαι
882 4340 992 4420 speive:
1002 4346 1046 4415 τὴν
1056 4346 1135 4417 φῦσιν·
1147 4347 1203 4400 τότε
1216 4345 1243 4399 δὲ
1252 4344 1387 4418 αατερΙχθη
1395 4344 1455 4417 πρὸς
1466 4343 1636 4417 τῦήρέτιρον.

82 4421 117 4490 ἰὴν
132 4424 238 4496 islense,
250 4431 301 4491 τοῖς
321 4428 354 4501 μὴ
375 4428 431 4482 λΙαν
454 4428 611 4502 μικροψῦχοις
634 4436 780 4485 κατανοοῦσι
803 4428 835 4484 τὰ
920 4430 1055 4487 anuis.
1076 4430 1223 4491 hessiheim
1242 4431 1369 4502 πανταχοῦ
1389 4426 1450 4492 ἔστι,
1469 4425 1541 4480 udaiei
1554 4426 1596 4481 καΙ
1616 4425 1654 4480 ἐν·

81 4504 139 4571 ὄντα,
152 4509 234 4565 sillia
248 4513 279 4565 ἃν
301 4509 328 4564 Iu
342 4513 386 4565 τοῦ
402 4510 505 4584 εῦλόγον
524 4510 635 4586 ξενισμὸν
653 4510 782 4589 Isarci-poi·
799 4515 835 4578 τΙς
884 4513 969 4568 ταῦθα·
995 4511 1024 4567 οῦ
1047 4512 1095 4587 γὰρ
1118 4513 1151 4578 ὡς
1170 4513 1199 4565 ἄν
1213 4532 1250 4575 τις
1268 4509 1292 4565 ἔν
1316 4510 1414 4585 οὐρανῷ
1432 4510 1655 4584 σογιιεαλεισρῦνος,

81 4586 120 4661 sip
128 4592 186 4646 olio
194 4596 280 4662 νήπιος
292 4594 336 4665 τὴν
347 4593 511 4668 ψοχὴν,ὁςείς
523 4596 554 4650 th
567 4598 616 4651 πᾶν
632 4596 790 4664 ἀποόλέπων,
802 4599 834 4672 μὴ
884 4596 1008 4671 πόῤῥωῦεν
1020 4596 1102 4669 βλέπει
1112 4596 1143 4651 τὰ
1153 4594 1177 4651 ἐν
1187 4600 1218 4671 τῇ
1227 4600 1267 4671 γῇ·
1289 4594 1353 4650 ἀλλὰ
1368 4599 1496 4669 πανταχοῦ
1509 4595 1606 4669 παρὼν,
1617 4595 1657 4651 uel

83 4666 308 4731 distinendae
324 4671 387 4733 εἶναι
409 4678 438 4733 τὸ
461 4678 535 4742 θεῖον,
558 4681 599 4733 eei
613 4676 695 4733 Ινδῦον
720 4680 772 4753 μὲν,
795 4682 836 4734 καὶ
885 4683 945 4735 πᾶσι
954 4681 1142 4754 παριστάμενος.

83 4757 189 4831 περιίχον,
203 4764 244 4814 καὶ
265 4759 444 4835 ἔγααθήμενονς
469 4765 513 4816 τοῦ
530 4760 578 4839 γὰρ
601 4762 673 4826 ὄντος
696 4762 795 4831 ἐξῆπται
805 4764 836 4820 τὰ
922 4779 936 4820 o
954 4764 996 4820 Id.
1014 4764 1129 4818 Τοοτέστι
1138 4767 1186 4817 ποῦ
1195 4763 1305 4837 πορευθῶ
1314 4761 1363 4817 ἀπὸ
1374 4767 1434 4834 τοῦς
1449 4764 1530 4818 πάντα
1543 4764 1657 4837 πληροῖς,

82 4836 159 4902 πάντα,
176 4845 214 4896 uui
237 4842 283 4897 οὖα
303 4842 395 4898 ἔνεστιν
424 4836 487 4897 εἷναί
501 4863 538 4909 τι,
561 4841 837 4917 primordialissima
886 4849 946 4902 πᾶσι
959 4847 1041 4920 πάρει,
1052 4845 1080 4901 οὗ
1089 4846 1153 4900 κατὰ
1164 4847 1247 4920 μέρος,
1259 4846 1316 4900 ἀλλ’
1327 4846 1391 4920 ὁμοῦ
1400 4848 1473 4901 πᾶσιν
1485 4846 1553 4908 ὅλος.

83 4916 142 4991 ipos·
154 4923 174 4976 ei
182 4920 222 4978 οῦν
247 4924 271 4979 ἔν
285 4925 353 4998 αῦτῷ
372 4926 403 4980 τὰ
421 4928 510 4991 πάντα,
523 4926 600 4982 καὶέν
617 4929 691 4982 πᾶσιν
704 4927 790 4984 ἐκεῖνο·
813 4932 837 4984 τΙ
922 4929 1004 4987 did.
1024 4929 1059 4983 Οῦ
1071 4931 1223 5003 περιπατεῖὁ
1237 4931 1342 5004 isleph
1357 4932 1464 5003 γένοιτο·
1480 4934 1532 4992 πῶς
1540 4927 1589 5002 γὰρ
1599 4930 1657 4983 eet

84 4997 254 5079 &opimitas
278 5007 303 5062 ἐν
323 5009 498 5083 τῇοίκονορΙρ
509 5015 553 5065 τοῦ
576 5011 718 5085 μυστηρίου,
730 5013 772 5066 τὸν
783 5014 837 5067 θεὸν
886 5016 1014 5086 πανταχοῦ
1028 5012 1126 5085 παρὼν,
1140 5012 1181 5067 καὶ
1196 5012 1227 5067 τὰ
1240 5015 1320 5069 πάντα
1329 5014 1448 5086 πληρῶνς

85 5081 236 5161 ἕνᾶνῦρῦτοις
255 5093 398 5166 γεγενῆσθαι
415 5094 586 5160 διδάσκοντος,
608 5094 651 5150 τὸν
666 5093 722 5149 οῦδὲ
735 5100 776 5151 νῦν
791 5095 838 5160 ἔξω
922 5111 938 5153 e
955 5098 1131 5153 Tnssonousr.
1154 5094 1278 5161 Ἀπαντα,
1297 5096 1365 5169 pusi,
1376 5096 1489 5165 πληροῖς,
1499 5091 1581 5149 καὶτὰ
1595 5093 1656 5161 (Ινω,

85 5172 126 5223 τῶν
135 5169 260 5247 ἀνθρώπων
275 5169 338 5231 εἶναι
348 5178 553 5249 πεπιστευμένονς
569 5177 591 5232 εἰ
605 5178 652 5252 γὰρ
668 5179 734 5233 καὶὸ
748 5182 837 5253 τρόπος
887 5179 927 5233 καὶ
939 5178 971 5234 τὰ
985 5180 1061 5233 κάτω.

85 5254 121 5317 τῆς
129 5250 150 5306 ἔν
158 5254 213 5328 ἡμῖν
223 5262 266 5311 τοῦ
279 5260 335 5311 θεοῦ
349 5261 480 5330 παρονσΙοις
502 5259 546 5314 οῦκ
563 5259 636 5322 οὗτος
654 5254 724 5324 οὗτος
744 5260 836 5335 laelios,
923 5262 1027 5340 flbid.
1046 5263 1178 5337 Πανταχοῦ
1206 5262 1233 5317 δὲ
1255 5263 1367 5337 πάρεστι,
1382 5262 1422 5317 καὶ
1445 5263 1497 5325 τοῖς
1508 5264 1568 5319 πᾶσι
1586 5262 1660 5336 παρΙ·

87 5329 134 5386 ἄλλ’
142 5333 181 5391 οῦν
191 5340 221 5394 τῦ
231 5339 255 5393 ἔν
265 5340 323 5413 ἡμῖν
338 5336 411 5406 εἴναι,
422 5345 462 5396 ααΙ
477 5347 529 5406 νῦν,
544 5345 585 5396 καὶ
600 5345 656 5397 τότε
668 5343 731 5398 κατὰ
743 5346 772 5399 το
782 5343 836 5400 Ισον
887 5366 984 5409 σταται,
994 5347 1036 5400 καὶ
1047 5345 1072 5401 ἐν
1087 5345 1154 5419 αῦτῷ
1164 5349 1255 5418 ζῶμεν,
1265 5353 1319 5402 elo.

86 5415 261 5495 δίνηιολῦγηται·
271 5428 312 5478 νῦν
323 5423 367 5498 μὲν
377 5419 419 5479 οῦν
435 5425 576 5499 ἐγκέκραται
586 5427 601 5497 ἡ
605 5430 646 5500 μῦν
661 5428 676 5482 d
694 5430 803 5502 συνέχων
813 5427 837 5482 ἔν

111 5586 119 5626 ¹
132 5588 184 5634 rer.
196 5603 246 5637 em.
258 5594 335 5638 s.-s
345 5596 397 5640 eei.
411 5607 445 5641 m.
454 5595 502 5640 -s
512 5593 573 5642 rom.
587 5595 622 5642 ιν,
635 5595 736 5642 soros.
748 5597 903 5642 ορκον-ι
914 5598 973 5643 ποι.
987 5567 1087 5644 em
1099 5600 1119 5644 e.
1129 5600 1175 5642 -s
1187 5602 1230 5645 ie.
1243 5610 1297 5645 me
1310 5601 1344 5646 ss.
