4030 6204
307 360 381 434 'DE
400 371 475 433 DEO
496 369 639 445 DEIQUE
659 364 1003 443 raorulmamsua
1026 370 1098 432 ΗΒ.
1121 371 1177 448 vt,
1200 372 1283 433 CAP.
1307 372 1359 433 ΙΙΙ.
1581 370 1640 431 508

59 546 205 597 summum
220 537 340 598 benum
357 537 493 599 efflorens
510 546 556 599 est
567 535 773 615 singulorum,
789 536 821 590 et
867 541 964 611 prete,
983 555 1119 615 causam,
1141 556 1210 618 qum
1229 555 1301 599 eum
1318 538 1485 619 impulerit,
1506 539 1561 616 qni
1573 538 1639 598 neec

58 628 280 707 parficrrladrtin
305 629 470 692 bononem.
505 630 570 691 Hac
597 631 683 691 enim
699 628 820 689 ratione
868 627 1061 690 machinatus
1082 632 1131 707 sit,
1156 636 1192 691 ut
1204 631 1357 710 originem
1369 648 1487 706 rerum,
1507 634 1539 690 et
1551 630 1640 690 moli-

59 719 255 783 bonumidem
262 723 416 802 generale,
427 740 669 803 supremumque
678 722 818 802 proprie-
867 718 985 781 tionem
1006 740 1120 784 novam
1141 728 1311 802 quaereret3
1341 722 1492 803 probitate
1522 721 1639 804 (malim

58 818 143 873 tatem
160 813 290 890 obtinet,
312 816 584 897 definitionemque
596 816 681 893 boni,
700 821 736 876 ut
748 821 817 876 tsn-
867 812 1026 894 bonitale)
1042 816 1181 877 videlicet
1198 816 1381 895 prestabatz
1405 815 1521 894 probus
1534 820 1640 875 autem

58 920 141 983 quam
151 905 224 966 boni
239 906 373 969 efficiens
388 915 565 989 appetatur:
577 911 660 990 quod
668 910 819 971 inscholis
866 904 984 968 invidet
997 909 1127 969 nemini.
1140 910 1245 988 ltaque
1256 909 1361 968 omnia
1371 908 1418 968 sui
1427 907 1539 967 similia
1547 925 1639 986 gene

58 995 95 1055 ita
106 997 290 1077 concipiunt,
311 1006 346 1061 ut
368 1001 480 1077 dicant,
500 1020 568 1062 rem
581 1003 816 1082 quamlibetap-
866 999 956 1060 ravit.
980 999 1052 1061 Hoec
1065 1001 1215 1061 nimirum
1238 1000 1387 1079 gignenffi
1414 999 1525 1060 mundi
1548 1018 1640 1060 carisa

59 1089 123 1165 peti,
132 1089 180 1149 rel
188 1090 448 1173 praeformatio,
456 1095 585 1175 velquis
598 1094 764 1176 effluenter
773 1102 818 1157 est
861 1091 1064 1170 justissimafl.
1080 1116 1096 1152 ι)

59 1178 140 1240 bona.
159 1182 223 1243 Hoc
245 1201 321 1245 vero
345 1187 513 1264 posteriore
541 1189 635 1249 modo
659 1204 817 1249 summum
908 1185 957 1245 Sic
971 1185 1149 1247 Aristoteles
1173 1200 1347 1246 anonesse
1364 1185 1506 1246 divinum
1519 1197 1639 1243 numen

59 1270 164 1333 bonum
177 1274 259 1335 Deus
275 1282 331 1351 est,
351 1283 387 1337 ut
400 1282 431 1337 et
448 1280 570 1357 priore;
585 1281 732 1356 actacltc,
743 1298 816 1340 con-
866 1276 1091 1355 invidumlait,
1107 1283 1321 1357 contraquam
1335 1278 1435 1338 Poetae
1456 1275 1640 1337 mentientes

60 1362 172 1443 mseqae
193 1365 227 1426 in
247 1367 287 1427 iis
306 1368 396 1429 honis
414 1372 577 1449 expetitur,
600 1390 669 1451 quas
692 1391 817 1452 quoquo
867 1368 968 1430 dicere
987 1369 1096 1431 solent.
1113 1392 1129 1429 ν
1146 1371 1245 1443 Quem
1259 1370 1298 1430 ad
1311 1369 1414 1429 locum
1435 1366 1593 1445 Asclepius
1605 1365 1636 1423 in

60 1455 140 1516 nodo
150 1463 348 1536 appetentem
365 1461 512 1524 alliciunt.
529 1465 616 1538 Quod
630 1466 752 1544 egregie
764 1467 817 1527 de·
867 1461 1102 1523 Commentariis
1130 1481 1167 1523 ex
1194 1462 1319 1522 Plutone
1344 1461 1481 1535 adnotet,
1501 1480 1516 1518 ιι
1540 1459 1638 1518 Deum

60 1545 194 1608 cluamm
203 1555 249 1610 est
258 1568 279 1611 a
293 1552 325 1613 S.
337 1553 457 1614 Thema
465 1556 567 1616 verbis
575 1557 650 1617 istist
666 1580 682 1615 ιι
696 1559 818 1619 Βοιιιιιιι
867 1560 993 1632 propter
1002 1554 1267 1615 bonitatemsuam
1278 1553 1384 1613 omnia
1393 1558 1586 1632 procreasse⁰
1600 1569 1635 1608 :a

60 1640 132 1699 enim
148 1641 264 1720 aliquid
283 1649 339 1721 est,
354 1646 407 1721 ait,
423 1648 593 1709 secundum
606 1651 690 1729 quod
704 1656 749 1711 est
762 1670 816 1730 ap·
868 1645 1115 1726 cujusdescripta
1128 1646 1285 1726 superiore
1297 1664 1335 1705 ex
1352 1644 1461 1705 Timoeo
1474 1640 1637 1716 sententia,

60 1730 188 1809 petibile3
210 1739 459 1817 unumquodque
481 1745 586 1800 aretem
604 1743 721 1822 appetit
730 1760 818 1804 suum
867 1737 1023 1798 concludit
1045 1740 1106 1799 sic:
1132 1760 1147 1796 ιι
1163 1739 1295 1812 Quinam
1312 1754 1385 1815 ergo
1404 1736 1474 1805 lons
1493 1733 1639 1795 bonitatis

61 1822 281 1900 perfectionem:
306 1830 452 1907 perfectio
478 1838 592 1909 autem,
613 1839 643 1894 et
656 1835 756 1896 forma
774 1838 816 1897 ef.
867 1834 967 1907 potest
979 1830 1170 1891 invideret»
1188 1832 1225 1890 Et
1235 1829 1399 1908 Gregorius
1413 1828 1635 1888 Nazianzenus:

61 1913 155 1989 iectus,
175 1922 219 1977 est
236 1920 382 1997 quedam
399 1920 565 1986 similitudo
588 1928 723 2004 agentis,
746 1940 818 1988 cum
871 1942 887 1977 ιι
901 1922 1020 1997 Procul,
1034 1924 1146 2001 inquit,
1170 1922 1318 1983 individia
1339 1927 1385 1981 est
1406 1920 1445 1980 ah
1464 1919 1568 1979 diviua
1582 1936 1636 1977 na·

62 2022 141 2066 omne
166 2024 261 2087 agens
287 2018 357 2090 egat
382 2014 439 2074 sihi
464 2017 575 2078 simile.
605 2019 693 2079 Unde
715 2021 818 2098 ipsum
867 2019 947 2089 tura,
964 2032 1033 2093 quac
1052 2017 1139 2076 omni
1158 2014 1388 2094 perturbatione
1403 2016 1496 2086 caret,
1512 2010 1638 2093 solaque

62 2112 143 2175 agens
155 2106 198 2160 est
210 2104 387 2182 appetibile,
406 2112 436 2167 et
453 2107 547 2168 habet
558 2109 711 2170 rationem
724 2110 815 2187 boni3
867 2105 950 2166 bona
963 2113 1018 2184 est,
1034 2115 1066 2168 et
1079 2106 1237 2168 dominat.
1254 2129 1266 2165 ο

63 2189 111 2249 hoc
122 2188 201 2252 enim
214 2196 272 2271 est,
288 2198 423 2275 quotide
440 2198 507 2278 ipso
523 2201 688 2279 appetitur,
704 2207 740 2262 ut
752 2205 818 2280 ejus
908 2200 1003 2259 Causa
1024 2204 1069 2260 cst
1090 2202 1194 2279 itaque
1217 2198 1477 2279 procreandorum
1495 2195 1637 2255 omnium

63 2278 211 2345 similitudo
233 2289 444 2368 participetur.
469 2293 547 2352 Cum
569 2311 643 2371 ergo
674 2294 755 2355 Deus
780 2297 819 2358 sit
866 2308 973 2351 rerum
986 2292 1108 2352 benitas
1121 2293 1187 2368 Dei,
1198 2292 1261 2352 sive
1275 2289 1368 2369 primi
1377 2300 1413 2349 ae
1426 2287 1540 2348 summi
1553 2287 1638 2366 prin·

63 2373 146 2450 prima
165 2390 254 2439 rausa
276 2380 414 2442 effectiva
439 2385 601 2460 omnium,
621 2386 817 2450 maniiestum
866 2383 1081 2462 cipii‚cp10d«
1100 2390 1226 2464 propter
1240 2382 1453 2463 ipsamomnia
1465 2381 1505 2440 ad
1517 2379 1587 2455 hoc,
1603 2382 1639 2438 ut

64 2471 109 2540 est,
126 2469 204 2547 quod
223 2470 283 2531 sibi
297 2476 443 2553 competit
456 2477 535 2536 ratio
548 2478 633 2553 honi,
655 2482 686 2538 ct
698 2482 816 2559 appeti-
866 2474 945 2537 benc
968 2476 1040 2550 sint,
1065 2477 1219 2554 producit,
1241 2480 1277 2535 ut
1296 2475 1339 2534 ait
1361 2471 1526 2534 Hierocles.
1542 2473 1639 2533 [lausa

65 2555 172 2619 iiim.»
866 2569 950 2627 enim
964 2568 1131 2628 molitionis
1144 2568 1287 2629 omnium
1302 2566 1387 2626 nulla
1399 2564 1503 2625 subest
1515 2563 1575 2624 alla
1587 2580 1637 2624 ra-

97 2650 141 2711 iv.
166 2655 264 2733 Atque
288 2662 324 2716 ut
345 2657 378 2716 in
403 2658 560 2719 efficientis
582 2679 695 2739 genere
717 2682 816 2724 causae
865 2659 943 2718 tiom
966 2666 1184 2735 consentanea,
1213 2665 1421 2739 praeterquam
1449 2655 1639 2716 substantiva

65 2741 174 2817 panium
207 2747 423 2824 immoremuu
453 2752 495 2811 sic
523 2751 630 2812 haberi
651 2754 814 2817 volumnae
865 2752 997 2813 bonitas.
1012 2754 1084 2812 Erat
1096 2753 1180 2812 enim
1194 2758 1305 2811 natura
1318 2748 1429 2809 honus.
1447 2748 1541 2827 Atqui
1554 2748 1638 2808 bono

65 2848 202 2897 summum
212 2837 332 2899 benum
346 2842 498 2919 omnium,
519 2860 722 2925 quacumque
735 2848 817 2908 hona
866 2845 953 2904 nulla
975 2844 1054 2905 inest
1075 2862 1215 2922 unquam
1237 2843 1335 2902 ullam
1358 2840 1398 2899 ob
1424 2850 1491 2899 rem
1508 2839 1635 2899 invidia.

64 2931 133 3000 tunt,
153 2928 209 2988 hoc
233 2936 290 3005 est,
318 2950 388 3011 quae
410 2952 535 3013 quoquo
562 2936 761 3015 madescat,
787 2942 818 2999 et
866 2936 944 2996 Nam
967 2953 1171 3015 quaecumque
1199 2935 1287 3009 alies,
1318 2937 1431 3011 praeter
1453 2930 1634 3006 honitatem,

64 3018 130 3077 ιιιιίο
148 3019 301 3097 dannan,
325 3024 459 3085 efficiens
480 3044 555 3101 esse,
578 3033 670 3107 atque
682 3030 816 3110 idipsum
866 3027 1037 3088 afferuntur
1059 3044 1158 3088 cause
1177 3025 1361 3087 fabricandae
1384 3024 1476 3101 hujus
1489 3023 1638 3082 universi-

65 3113 232 3191 smmum,
252 3117 308 3194 qui
327 3122 362 3176 ut
385 3118 468 3178 solus
484 3121 717 3200 omniumque
732 3128 814 3199 sunt,
865 3120 945 3191 tatis,
978 3120 1122 3180 humanis
1158 3115 1370 3179 affectionibus
1401 3114 1503 3193 potius
1528 3130 1637 3175 conae-

65 3200 217 3282 titeonmr,
233 3209 493 3286 quassatione,
506 3213 711 3290 conditorest,
725 3222 817 3294 atque
866 3213 968 3288 uiant,
989 3230 1083 3292 quam
1104 3214 1198 3272 Deo‘.
1215 3232 1230 3268 ιι
1255 3211 1360 3288 ltaque
1378 3220 1565 3267 «summum
1579 3204 1635 3266 bu-

65 3299 165 3356 auetcr.
193 3296 226 3357 ln
251 3317 315 3377 quo
343 3304 544 3363 asseverando
573 3306 680 3383 ausui,
697 3307 727 3367 id
759 3314 815 3385 est,
866 3318 944 3365 num
970 3310 1016 3364 est
1042 3305 1140 3380 Deus,
1171 3308 1207 3363 ut
1226 3302 1269 3363 ait
1295 3299 1457 3376 Alcinous,
1489 3299 1636 3378 quoniam

66 3382 203 3447 rhristiani
222 3390 361 3469 theologi
382 3411 454 3453 cum
475 3396 587 3455 exteris
600 3414 634 3456 sc
648 3399 815 3476 gentilibus
867 3397 1013 3457 omnihus
1032 3403 1184 3476 quantum
1202 3399 1312 3474 potest
1331 3391 1493 3468 benedicit,
1514 3406 1585 3452 cum
1598 3393 1637 3451 sit

65 3478 230 3540 concordant
240 3498 304 3542 uno
317 3501 369 3544 ore
377 3486 566 3563 profitentes,
578 3489 633 3548 Dei
645 3489 815 3552 bonitatem
864 3504 956 3549 causa
970 3490 1071 3550 omnis
1080 3488 1156 3549 honi
1166 3487 1189 3548 ί.
1206 3508 1221 3544 ιι

65 3582 170 3629 reusam
182 3588 244 3634 esse
270 3576 413 3636 omnium
425 3592 543 3655 rerum,
559 3580 633 3656 sive,
649 3588 685 3641 ut
698 3584 816 3660 priores
904 3583 941 3643 V.
963 3581 1023 3643 Sed
1041 3581 1177 3642 Philonis
1196 3579 1296 3641 Juder
1310 3590 1375 3638 non
1388 3576 1493 3637 minus
1507 3572 1637 3634 Platoni·

65 3658 168 3737 ιίιινὶιιν,
182 3680 216 3725 ac
228 3666 370 3728 disertius
380 3668 562 3748 loquuntur,
574 3672 672 3733 Deum
686 3690 750 3734 non
763 3690 817 3736 ne-
864 3674 916 3747 cis‚
933 3688 1027 3752 quam
1040 3672 1178 3735 Moesicis
1190 3668 1356 3751 disciplinis
1380 3667 1553 3729 incidenter
1568 3680 1638 3726 eru-

66 3753 183 3816 tcssitate
196 3758 234 3817 ιιιί
247 3776 298 3818 res
312 3763 516 3839 procreandas
525 3769 612 3825 extra
626 3784 669 3841 se,
685 3767 739 3826 sed
750 3766 815 3828 solo
865 3767 931 3839 diu,
952 3765 1105 3827 audienda
1127 3770 1199 3825 sunt
1216 3763 1321 3834 verbs,
1347 3774 1416 3840 quae
1435 3758 1474 3821 ad
1494 3758 1636 3819 eamdem

66 3850 131 3904 nutu
142 3846 469 3915 bonitatisadduetnm.
864 3858 1095 3919 accommodata
1114 3854 1298 3916 sententiam
1323 3851 1426 3931 posuit
1447 3852 1481 3909 in
1504 3849 1583 3909 libro
1601 3848 1636 3909 de

27 3964 48 4026 μ
98 3935 209 4000 tenere
233 3942 315 4003 istud
343 3951 389 4005 est
416 3965 455 4005 cx
490 3946 598 4008 Tt'rnoeo
624 3949 758 4010 Platonis
778 3951 815 4011 de
865 3947 1109 4029 Muodicpt'fies'c.
1132 3969 1147 4004 c
1165 3946 1230 4015 Vis,
1245 3944 1356 4021 inquit,
1379 3941 1514 4001 efficiens
1526 3941 1636 3999 mundi

27 4030 40 4111 ζ’
66 4042 150 4103 retu,
163 4039 287 4112 propter
300 4051 395 4114 quam
409 4039 545 4099 mundus
557 4045 603 4099 est
615 4040 671 4101 iste
683 4042 814 4121 produc-
865 4060 884 4101 a
902 4056 975 4101 vero
998 4041 1091 4107 bono,
1108 4054 1165 4099 reu
1177 4035 1273 4107 iente,
1290 4028 1503 4114 proficiscitur.
1517 4031 1596 4091 Nam
1610 4032 1634 4089 si

65 4120 115 4178 lus.
126 4122 318 4197 cQueramus
330 4128 436 4206 igitur,
450 4129 552 4209 inqtdt
564 4131 710 4193 Cicerone
720 4133 815 4194 inter·
866 4132 1021 4213 qrrisyelit
1041 4147 1164 4191 causam
1182 4126 1377 4207 perscrutari,
1400 4128 1636 4206 propterquam

93 4373 252 4452 thudin
269 4376 381 4440 Tlmaeo.
396 4382 552 4457 Δέγιομενδί
566 4388 641 4455 δι’ἣν
656 4388 734 4443 αἰτίαν
749 4390 815 4462 γίνε-
901 4384 1064 4444 dGnttaon.
1088 4385 1153 4442 Νη.
1176 4383 1253 4438 Orat·
1279 4395 1372 4437 xxxiv.
1392 4376 1496 4451 meapte
1523 4377 1571 4450 γὰρ
1593 4381 1636 4447 τῆς

66 4474 105 4524 νιν,
117 4462 153 4513 ταί
165 4463 193 4517 το
205 4464 253 4518 πᾶν
270 4466 353 4520 staec
369 4463 479 4530 ξονιοτὰς
493 4467 646 4538 ξυνέστησεν.
671 4469 759 4543 ἀγαθὸς
773 4466 812 4539 ἦν,
865 4470 928 4534 θείας
950 4470 1042 4541 φύσεως
1057 4468 1143 4540 φθόνος
1153 4471 1196 4534 τῆς
1208 4480 1237 4536 γε
1260 4461 1376 4527 ἀπαθοῦς,
1390 4462 1432 4516 ναί
1446 4464 1521 4535 μόνης
1535 4461 1634 4535 ίγαθῆς,

53 4538 170 4615 adast
182 4542 259 4610 οίδείς
271 4548 327 4622 περὶ
341 4547 437 4612 sitast<
446 4546 562 4605 οὗδίποτε
571 4550 705 4625 ἐγγίγνεται
719 4555 813 4624 φθόνος.
864 4554 904 4607 καί
914 4554 1005 4625 κυρίας.

66 4622 138 4678 mesu
157 4626 182 4682 δί
195 4628 261 4692 ἔντος
275 4634 321 4695 ὢν,
338 4632 417 4685 πάντα
441 4628 479 4685 ὅτι
498 4634 604 4704 μάλιστα
619 4632 815 4707 ἔὸοολήίηγενί-
899 4638 1060 4691 cillancol.
1078 4635 1109 4690 in
1127 4636 1229 4689 Aurea
1254 4646 1347 4686 carm.
1367 4628 1493 4701 retiae.
1515 4628 1634 4697 Διάὖτὴν

65 4706 110 4758 τίει
133 4714 284 4782 παραπλήσια
312 4712 389 4786 αὐτῷ.
419 4716 509 4783 ταύτην
535 4712 560 4768 ’δὲ
579 4714 694 4788 γενίοειος
720 4719 814 4789 κόσμον
864 4717 895 4770 τὰ
908 4718 988 4773 πάντα
1001 4719 1061 4791 πρὸς
1077 4718 1106 4771 τί
1124 4711 1150 4769 εὖ
1169 4711 1231 4767 εἶναι
1245 4713 1365 4785 παράγον.
1385 4711 1452 4765 αἰτία
1466 4712 1513 4784 γἀρ
1527 4716 1571 4779 τῆς
1585 4718 1635 4767 ’τῶν

66 4784 149 4855 μάλιστ’
163 4793 190 4844 ἄν
201 4805 235 4858 τις
252 4794 330 4869 ἀρχὴν
342 4798 492 4870 κυριωτάτην
507 4796 565 4870 παρ’
577 4798 672 4870 ἀνδρῶν
691 4800 815 4871 φρονίμως
864 4802 962 4854 πάντων
976 4804 1096 4869 ποιήσεως
1116 4796 1217 4870 οὔδεμία
1232 4796 1297 4865 ἄλλη
1313 4792 1443 4868 πρόσεστιν
1458 4792 1557 4866 εὔλογος
1570 4794 1635 4863 πλὴν

68 4866 239 4946 ἂκώῑίίίίῑίθί»
255 4879 373 4950 &pitture
388 4876 530 4953 tuottpou’
545 4878 584 4935 ἅν.
865 4888 908 4951 τῆς
918 4885 971 4937 κατ’
986 4883 1070 4937 οὐσίαν
1083 4882 1242 4954 ἂγαθότητος.
1252 4878 1340 4951 ἀγαθὸς
1353 4878 1401 4951 γὰρ
1414 4876 1444 4946 ἦν
1458 4878 1536 4949 plau.
1550 4876 1635 4949 ἀγαθῷ

94 4955 108 5007 b
124 4958 236 5017 luisset.
255 4956 321 5017 lib]
340 4960 501 5035 Meteptps.
519 4978 579 5034 cap.
594 4956 769 5018 11.Ἀλλόὔτε
786 4960 815 5017 τί)
865 4966 892 5019 δὲ
906 4966 983 5027 οὐδεὶς
996 4968 1051 5037 περὶ
1062 4965 1159 5025 οὐδενὸς
1173 4963 1289 5016 attiners
1304 4960 1425 5033 ἐγγίνεται
1439 4962 1532 5031 φθόνος.
1548 4959 1572 5012 ai
1587 4958 1634 5030 γὰρ

65 5030 118 5088 illei
129 5040 235 5113 φθονερὸν
265 5043 389 5118 ίνδίχεται
408 5041 479 5099 εἶναι·
503 5044 567 5099 ἀλλὰ
585 5046 648 5100 κατὰ
668 5049 812 5119 παροιμίαν,
865 5049 931 5120 παρὰ
950 5047 992 5116 τὴν
1016 5048 1155 5119 ίγαθίτητα
1174 5047 1305 5116 λεγόμεναι
1325 5042 1400 5096 αίτίαι
1415 5048 1458 5107 τῆς
1475 5041 1635 5112 δημιουργίας

66 5116 135 5171 ῑθίλᾶ
147 5121 268 5193 caetea
282 5126 369 5183 ιίοιδοί.
865 5134 936 5185 τοῦδε
957 5135 1000 5183 τοῦ
1025 5129 1125 5191 παντὸς,
1141 5125 1301 5198 ἀνθρωπίναις
1327 5126 1482 5197 περιοτάοεοι
1497 5122 1603 5196 μᾶλλον,
1618 5124 1634 5193 ἡ

96 5214 109 5253 0
124 5200 230 5263 lectas.
250 5206 309 5265 Ὀτι
323 5211 364 5265 διὰ
379 5211 422 5280 τὴν
443 5211 519 5266 αὐτοῦ
541 5208 678 5285 ιίγαθότητα
690 5210 704 5265 ὅ
718 5212 771 5273 θεὸς
784 5212 815 5265 τὰ
865 5206 913 5285 θεῷ
926 5206 1054 5284 πρέπουσι.
1717 5211 1719 5214 ⁴

67 5283 283 5365 immiteret,
298 5302 352 5351 ela.
364 5302 417 5357 πῶς
431 5290 473 5347 ott
488 5295 589 5349 δυνατὸν
604 5294 648 5361 τὴν
659 5294 739 5366 πηγὴν
755 5294 815 5365 tpa-
902 5294 922 5366 f
937 5296 1029 5349 Λιοιιι.
1046 5309 1106 5362 cap.
1123 5309 1150 5347 x.
1171 5292 1218 5344 Καὶ
1233 5291 1321 5362 ἀγαθον
1337 5292 1380 5361 μίν
1400 5287 1461 5355 ἔστι,
1477 5292 1540 5344 tutu
1553 5291 1635 5344 ’πάντα

67 5363 153 5433 ⁰⁶³⁷i³⁰t
164 5368 270 5442 νίονιῖίξ
866 5376 899 5438 τίς·
909 5376 1010 5449 δύναμιν
1023 5370 1150 5448 τίεργετιί,
1158 5364 1248 5435 navate
1261 5368 1353 5444 ίγαίίοῦ
1367 5366 1446 5436 αίτιος
1459 5370 1499 5430 tv.

89 5532 127 5579 iS.
138 5537 175 5582 rt.
189 5541 225 5595 ip.
237 5555 258 5597 q.
271 5555 300 5587 ιι.
312 5552 353 5588 ενι.
366 5545 386 5587 i.
