<?xml version="1.0" encoding="UTF-8"?>
<!DOCTYPE html PUBLIC "-//W3C//DTD XHTML 1.0 Transitional//EN"
    "http://www.w3.org/TR/xhtml1/DTD/xhtml1-transitional.dtd">
<html xmlns="http://www.w3.org/1999/xhtml" xml:lang="en" lang="en">
 <head>
  <title>
</title>
<meta http-equiv="Content-Type" content="text/html;charset=utf-8" />
  <meta name='ocr-system' content='tesseract 3.04.00' />
  <meta name='ocr-capabilities' content='ocr_page ocr_carea ocr_par ocr_line ocrx_word'/>
</head>
<body>
  <div class='ocr_page' id='page_1' title='image "./dogmatatheologi01goog_0086.png"; bbox 0 0 4134 6182; ppageno 0'>
   <div class='ocr_carea' id='block_1_1' title="bbox 688 267 1724 342">
    <p class='ocr_par' dir='ltr' id='par_1_1' title="bbox 688 267 1724 342">
     <span class='ocr_line' id='line_1_1' title="bbox 688 267 1724 342; baseline 0.005 -12"><span class='ocrx_word' id='word_1_1' title='bbox 688 267 987 342; x_wconf 81' lang='lat' dir='ltr'>PROLEGOMENA,</span> <span class='ocrx_word' id='word_1_2' title='bbox 1012 270 1096 331; x_wconf 72' lang='lat' dir='ltr'>dtr.</span> <span class='ocrx_word' id='word_1_3' title='bbox 1119 272 1185 332; x_wconf 81' lang='lat' dir='ltr'>vll.</span> <span class='ocrx_word' id='word_1_4' title='bbox 1685 276 1724 335; x_wconf 74' lang='lat' dir='ltr'>tt</span> 
     </span>
    </p>
   </div>
   <div class='ocr_carea' id='block_1_2' title="bbox 53 421 1908 4237">
    <p class='ocr_par' dir='ltr' id='par_1_2' title="bbox 129 421 1908 1812">
     <span class='ocr_line' id='line_1_2' title="bbox 130 421 1735 503; baseline 0.001 -17"><span class='ocrx_word' id='word_1_5' title='bbox 130 425 229 486; x_wconf 85' lang='lat' dir='ltr'>omnia</span> <span class='ocrx_word' id='word_1_6' title='bbox 261 425 399 485; x_wconf 88' lang='lat' dir='ltr'>humana</span> <span class='ocrx_word' id='word_1_7' title='bbox 432 423 514 484; x_wconf 90' lang='lat' dir='ltr'>bona</span> <span class='ocrx_word' id='word_1_8' title='bbox 538 422 743 502; x_wconf 84' lang='lat' dir='ltr'>principatum</span> <span class='ocrx_word' id='word_1_9' title='bbox 787 426 902 496; x_wconf 90' lang='lat' dir='ltr'>tenere,</span> <span class='ocrx_word' id='word_1_10' title='bbox 958 421 1127 483; x_wconf 79' lang='lat' dir='ltr'><strong>admodum</strong></span> <span class='ocrx_word' id='word_1_11' title='bbox 1135 423 1251 503; x_wconf 83' lang='lat' dir='ltr'>Ulyssis</span> <span class='ocrx_word' id='word_1_12' title='bbox 1259 425 1343 500; x_wconf 86' lang='lat' dir='ltr'>socii,</span> <span class='ocrx_word' id='word_1_13' title='bbox 1355 426 1465 487; x_wconf 86' lang='lat' dir='ltr'>rustice</span> <span class='ocrx_word' id='word_1_14' title='bbox 1477 426 1649 488; x_wconf 80' lang='lat' dir='ltr'>docuinam</span> <span class='ocrx_word' id='word_1_15' title='bbox 1658 434 1735 488; x_wconf 87' lang='lat' dir='ltr'>trae·</span> 
     </span>
     <span class='ocr_line' id='line_1_3' title="bbox 130 517 1734 598; baseline 0.001 -19"><span class='ocrx_word' id='word_1_16' title='bbox 130 538 184 580; x_wconf 88' lang='lat' dir='ltr'>ron</span> <span class='ocrx_word' id='word_1_17' title='bbox 208 517 300 579; x_wconf 88' lang='lat' dir='ltr'>iilam</span> <span class='ocrx_word' id='word_1_18' title='bbox 324 517 426 579; x_wconf 90' lang='lat' dir='ltr'>solum</span> <span class='ocrx_word' id='word_1_19' title='bbox 447 517 674 596; x_wconf 78' lang='lat' dir='ltr'>generosiorem</span> <span class='ocrx_word' id='word_1_20' title='bbox 700 535 735 577; x_wconf 91' lang='lat' dir='ltr'>ae</span> <span class='ocrx_word' id='word_1_21' title='bbox 754 520 902 589; x_wconf 88' lang='lat' dir='ltr'>nostram,</span> <span class='ocrx_word' id='word_1_22' title='bbox 956 520 1033 593; x_wconf 90' lang='lat' dir='ltr'>tant,</span> <span class='ocrx_word' id='word_1_23' title='bbox 1045 535 1109 577; x_wconf 90' lang='lat' dir='ltr'>non</span> <span class='ocrx_word' id='word_1_24' title='bbox 1117 517 1244 593; x_wconf 85' lang='lat' dir='ltr'>sirenas,</span> <span class='ocrx_word' id='word_1_25' title='bbox 1260 518 1314 579; x_wconf 89' lang='lat' dir='ltr'>sed</span> <span class='ocrx_word' id='word_1_26' title='bbox 1327 526 1520 579; x_wconf 78' lang='lat' dir='ltr'>numerosae</span> <span class='ocrx_word' id='word_1_27' title='bbox 1536 520 1645 581; x_wconf 87' lang='lat' dir='ltr'>modos</span> <span class='ocrx_word' id='word_1_28' title='bbox 1658 538 1734 598; x_wconf 86' lang='lat' dir='ltr'>prse-</span> 
     </span>
     <span class='ocr_line' id='line_1_4' title="bbox 129 610 1735 691; baseline 0.002 -19"><span class='ocrx_word' id='word_1_29' title='bbox 129 630 193 691; x_wconf 81' lang='lat' dir='ltr'>qure</span> <span class='ocrx_word' id='word_1_30' title='bbox 207 617 385 691; x_wconf 87' lang='lat' dir='ltr'>contempto</span> <span class='ocrx_word' id='word_1_31' title='bbox 402 611 488 671; x_wconf 91' lang='lat' dir='ltr'>omni</span> <span class='ocrx_word' id='word_1_32' title='bbox 505 611 654 672; x_wconf 86' lang='lat' dir='ltr'>sermonis</span> <span class='ocrx_word' id='word_1_33' title='bbox 675 610 779 691; x_wconf 89' lang='lat' dir='ltr'>lepore</span> <span class='ocrx_word' id='word_1_34' title='bbox 799 615 830 670; x_wconf 90' lang='lat' dir='ltr'>et</span> <span class='ocrx_word' id='word_1_35' title='bbox 852 627 903 670; x_wconf 90' lang='lat' dir='ltr'>or·</span> <span class='ocrx_word' id='word_1_36' title='bbox 956 614 1121 687; x_wconf 87' lang='lat' dir='ltr'>tereuntes,</span> <span class='ocrx_word' id='word_1_37' title='bbox 1138 617 1230 690; x_wconf 89' lang='lat' dir='ltr'>atque</span> <span class='ocrx_word' id='word_1_38' title='bbox 1244 611 1366 672; x_wconf 88' lang='lat' dir='ltr'>inscitia</span> <span class='ocrx_word' id='word_1_39' title='bbox 1384 631 1473 674; x_wconf 85' lang='lat' dir='ltr'>erues</span> <span class='ocrx_word' id='word_1_40' title='bbox 1500 632 1571 674; x_wconf 90' lang='lat' dir='ltr'>suas</span> <span class='ocrx_word' id='word_1_41' title='bbox 1591 613 1735 675; x_wconf 87' lang='lat' dir='ltr'>obturan-</span> 
     </span>
     <span class='ocr_line' id='line_1_5' title="bbox 130 703 1734 783; baseline 0.002 -19"><span class='ocrx_word' id='word_1_42' title='bbox 130 703 903 783; x_wconf 78' lang='lat' dir='ltr'>uatu,salutiuniatqueearumrerumquaeanimo</span> <span class='ocrx_word' id='word_1_43' title='bbox 955 706 1001 762; x_wconf 87' lang='lat' dir='ltr'>tes</span> <span class='ocrx_word' id='word_1_44' title='bbox 1015 708 1061 763; x_wconf 69' lang='grc' dir='ltr'>ὁ.»</span> <span class='ocrx_word' id='word_1_45' title='bbox 1079 703 1172 764; x_wconf 81' lang='lat' dir='ltr'>Addit</span> <span class='ocrx_word' id='word_1_46' title='bbox 1181 703 1273 763; x_wconf 90' lang='lat' dir='ltr'>etiam</span> <span class='ocrx_word' id='word_1_47' title='bbox 1297 706 1561 783; x_wconf 87' lang='lat' dir='ltr'>quemadmodum</span> <span class='ocrx_word' id='word_1_48' title='bbox 1585 707 1734 767; x_wconf 88' lang='lat' dir='ltr'>utendum</span> 
     </span>
     <span class='ocr_line' id='line_1_6' title="bbox 131 795 1736 881; baseline 0.002 -22"><span class='ocrx_word' id='word_1_49' title='bbox 131 799 339 879; x_wconf 71' lang='lat' dir='ltr'>percipiuntur</span> <span class='ocrx_word' id='word_1_50' title='bbox 366 798 588 879; x_wconf 81' lang='lat' dir='ltr'>prdehritudini</span> <span class='ocrx_word' id='word_1_51' title='bbox 612 798 779 859; x_wconf 81' lang='lat' dir='ltr'>arctissime</span> <span class='ocrx_word' id='word_1_52' title='bbox 808 798 904 859; x_wconf 81' lang='lat' dir='ltr'>inhae-</span> <span class='ocrx_word' id='word_1_53' title='bbox 956 795 995 855; x_wconf 84' lang='lat' dir='ltr'>sit</span> <span class='ocrx_word' id='word_1_54' title='bbox 1007 795 1204 872; x_wconf 87' lang='lat' dir='ltr'>illisartibus,</span> <span class='ocrx_word' id='word_1_55' title='bbox 1220 797 1355 858; x_wconf 89' lang='lat' dir='ltr'>etmulta</span> <span class='ocrx_word' id='word_1_56' title='bbox 1365 798 1442 859; x_wconf 88' lang='lat' dir='ltr'>scitu</span> <span class='ocrx_word' id='word_1_57' title='bbox 1457 800 1736 881; x_wconf 76' lang='lat' dir='ltr'>nonindignacon-</span> 
     </span>
     <span class='ocr_line' id='line_1_7' title="bbox 130 886 1737 973; baseline 0 -21"><span class='ocrx_word' id='word_1_58' title='bbox 130 898 183 967; x_wconf 89' lang='lat' dir='ltr'>ret;</span> <span class='ocrx_word' id='word_1_59' title='bbox 197 894 256 954; x_wconf 88' lang='lat' dir='ltr'>sed</span> <span class='ocrx_word' id='word_1_60' title='bbox 265 900 423 954; x_wconf 83' lang='lat' dir='ltr'>externam</span> <span class='ocrx_word' id='word_1_61' title='bbox 439 893 542 968; x_wconf 87' lang='lat' dir='ltr'>etiam,</span> <span class='ocrx_word' id='word_1_62' title='bbox 558 910 654 971; x_wconf 87' lang='lat' dir='ltr'>quam</span> <span class='ocrx_word' id='word_1_63' title='bbox 671 892 810 972; x_wconf 86' lang='lat' dir='ltr'>plerique</span> <span class='ocrx_word' id='word_1_64' title='bbox 823 893 903 954; x_wconf 87' lang='lat' dir='ltr'>ebri-</span> <span class='ocrx_word' id='word_1_65' title='bbox 955 886 1023 964; x_wconf 82' lang='lat' dir='ltr'>tert,</span> <span class='ocrx_word' id='word_1_66' title='bbox 1032 908 1102 969; x_wconf 86' lang='lat' dir='ltr'>quse</span> <span class='ocrx_word' id='word_1_67' title='bbox 1112 890 1348 971; x_wconf 87' lang='lat' dir='ltr'>etphilosophiae</span> <span class='ocrx_word' id='word_1_68' title='bbox 1356 898 1387 952; x_wconf 92' lang='lat' dir='ltr'>et</span> <span class='ocrx_word' id='word_1_69' title='bbox 1394 892 1575 972; x_wconf 86' lang='lat' dir='ltr'>eloquentiae</span> <span class='ocrx_word' id='word_1_70' title='bbox 1586 899 1617 954; x_wconf 88' lang='lat' dir='ltr'>et</span> <span class='ocrx_word' id='word_1_71' title='bbox 1629 892 1737 973; x_wconf 89' lang='lat' dir='ltr'>polita-</span> 
     </span>
     <span class='ocr_line' id='line_1_8' title="bbox 130 983 1735 1067; baseline -0.002 -20"><span class='ocrx_word' id='word_1_72' title='bbox 130 985 213 1047; x_wconf 84' lang='lat' dir='ltr'>stieni</span> <span class='ocrx_word' id='word_1_73' title='bbox 234 1004 333 1067; x_wconf 79' lang='lat' dir='ltr'>pravo</span> <span class='ocrx_word' id='word_1_74' title='bbox 355 986 490 1066; x_wconf 90' lang='lat' dir='ltr'>quodam</span> <span class='ocrx_word' id='word_1_75' title='bbox 511 984 639 1062; x_wconf 88' lang='lat' dir='ltr'>judicio,</span> <span class='ocrx_word' id='word_1_76' title='bbox 667 992 701 1046; x_wconf 89' lang='lat' dir='ltr'>ut</span> <span class='ocrx_word' id='word_1_77' title='bbox 721 985 899 1047; x_wconf 82' lang='lat' dir='ltr'>insidiosam</span> <span class='ocrx_word' id='word_1_78' title='bbox 954 1000 1026 1042; x_wconf 88' lang='lat' dir='ltr'>rum</span> <span class='ocrx_word' id='word_1_79' title='bbox 1040 983 1153 1044; x_wconf 85' lang='lat' dir='ltr'>artium</span> <span class='ocrx_word' id='word_1_80' title='bbox 1162 983 1352 1063; x_wconf 89' lang='lat' dir='ltr'>reliquarum</span> <span class='ocrx_word' id='word_1_81' title='bbox 1373 985 1509 1045; x_wconf 87' lang='lat' dir='ltr'>studium</span> <span class='ocrx_word' id='word_1_82' title='bbox 1523 985 1735 1046; x_wconf 86' lang='lat' dir='ltr'>accendantirr</span> 
     </span>
     <span class='ocr_line' id='line_1_9' title="bbox 129 1075 1735 1159; baseline -0.001 -20"><span class='ocrx_word' id='word_1_83' title='bbox 129 1079 367 1158; x_wconf 82' lang='lat' dir='ltr'>etpericulosam</span> <span class='ocrx_word' id='word_1_84' title='bbox 378 1097 414 1140; x_wconf 91' lang='lat' dir='ltr'>ae</span> <span class='ocrx_word' id='word_1_85' title='bbox 422 1077 531 1159; x_wconf 87' lang='lat' dir='ltr'>procul</span> <span class='ocrx_word' id='word_1_86' title='bbox 544 1097 564 1138; x_wconf 94' lang='lat' dir='ltr'>a</span> <span class='ocrx_word' id='word_1_87' title='bbox 572 1079 635 1139; x_wconf 90' lang='lat' dir='ltr'>Deo</span> <span class='ocrx_word' id='word_1_88' title='bbox 647 1085 833 1141; x_wconf 85' lang='lat' dir='ltr'>avertentem</span> <span class='ocrx_word' id='word_1_89' title='bbox 844 1098 905 1141; x_wconf 80' lang='lat' dir='ltr'>res</span> <span class='ocrx_word' id='word_1_90' title='bbox 956 1075 1195 1156; x_wconf 80' lang='lat' dir='ltr'>theologo.Vide</span> <span class='ocrx_word' id='word_1_91' title='bbox 1209 1082 1240 1138; x_wconf 90' lang='lat' dir='ltr'>et</span> <span class='ocrx_word' id='word_1_92' title='bbox 1245 1079 1407 1158; x_wconf 77' lang='lat' dir='ltr'>Origenem</span> <span class='ocrx_word' id='word_1_93' title='bbox 1414 1078 1544 1140; x_wconf 89' lang='lat' dir='ltr'>homilia</span> <span class='ocrx_word' id='word_1_94' title='bbox 1553 1080 1586 1139; x_wconf 78' lang='lat' dir='ltr'>in</span> <span class='ocrx_word' id='word_1_95' title='bbox 1594 1077 1735 1140; x_wconf 73' lang='lat' dir='ltr'>Erotium</span> 
     </span>
     <span class='ocr_line' id='line_1_10' title="bbox 129 1171 1736 1252; baseline 0.001 -20"><span class='ocrx_word' id='word_1_96' title='bbox 129 1177 235 1250; x_wconf 73' lang='lat' dir='ltr'>parnt</span> <span class='ocrx_word' id='word_1_97' title='bbox 251 1196 268 1229; x_wconf 72' lang='grc' dir='ltr'>ν</span> <span class='ocrx_word' id='word_1_98' title='bbox 281 1174 362 1232; x_wconf 90' lang='lat' dir='ltr'>Tum</span> <span class='ocrx_word' id='word_1_99' title='bbox 372 1171 504 1233; x_wconf 77' lang='lat' dir='ltr'>ostendit</span> <span class='ocrx_word' id='word_1_100' title='bbox 520 1193 534 1228; x_wconf 81' lang='grc' dir='ltr'><strong>ο</strong></span> <span class='ocrx_word' id='word_1_101' title='bbox 550 1172 678 1232; x_wconf 89' lang='lat' dir='ltr'>minime</span> <span class='ocrx_word' id='word_1_102' title='bbox 701 1173 903 1249; x_wconf 84' lang='lat' dir='ltr'>damnandas,</span> <span class='ocrx_word' id='word_1_103' title='bbox 958 1171 1103 1247; x_wconf 80' lang='lat' dir='ltr'>seerrnda,</span> <span class='ocrx_word' id='word_1_104' title='bbox 1116 1171 1171 1231; x_wconf 93' lang='lat' dir='ltr'>ubi</span> <span class='ocrx_word' id='word_1_105' title='bbox 1187 1189 1259 1232; x_wconf 90' lang='lat' dir='ltr'>eum</span> <span class='ocrx_word' id='word_1_106' title='bbox 1275 1171 1488 1233; x_wconf 79' lang='lat' dir='ltr'>obstetricibus</span> <span class='ocrx_word' id='word_1_107' title='bbox 1501 1172 1653 1252; x_wconf 75' lang='lat' dir='ltr'>AEgyptiis</span> <span class='ocrx_word' id='word_1_108' title='bbox 1672 1173 1736 1233; x_wconf 88' lang='lat' dir='ltr'>dis-</span> 
     </span>
     <span class='ocr_line' id='line_1_11' title="bbox 130 1263 1737 1345; baseline 0.001 -21"><span class='ocrx_word' id='word_1_109' title='bbox 130 1270 176 1325; x_wconf 84' lang='lat' dir='ltr'>ant</span> <span class='ocrx_word' id='word_1_110' title='bbox 191 1265 399 1345; x_wconf 77' lang='lat' dir='ltr'>negligendas</span> <span class='ocrx_word' id='word_1_111' title='bbox 417 1284 483 1326; x_wconf 78' lang='lat' dir='ltr'>esse</span> <span class='ocrx_word' id='word_1_112' title='bbox 505 1265 621 1326; x_wconf 76' lang='lat' dir='ltr'>litteras</span> <span class='ocrx_word' id='word_1_113' title='bbox 639 1266 722 1340; x_wconf 87' lang='lat' dir='ltr'>istas,</span> <span class='ocrx_word' id='word_1_114' title='bbox 747 1271 778 1327; x_wconf 88' lang='lat' dir='ltr'>et</span> <span class='ocrx_word' id='word_1_115' title='bbox 797 1266 905 1327; x_wconf 88' lang='lat' dir='ltr'>stultos</span> <span class='ocrx_word' id='word_1_116' title='bbox 958 1263 1085 1344; x_wconf 86' lang='lat' dir='ltr'>eiplinas</span> <span class='ocrx_word' id='word_1_117' title='bbox 1099 1264 1168 1325; x_wconf 90' lang='lat' dir='ltr'>illas</span> <span class='ocrx_word' id='word_1_118' title='bbox 1182 1272 1323 1326; x_wconf 83' lang='lat' dir='ltr'>externas</span> <span class='ocrx_word' id='word_1_119' title='bbox 1336 1271 1506 1345; x_wconf 84' lang='lat' dir='ltr'>comparat,</span> <span class='ocrx_word' id='word_1_120' title='bbox 1523 1266 1636 1344; x_wconf 91' lang='lat' dir='ltr'>quibus</span> <span class='ocrx_word' id='word_1_121' title='bbox 1649 1284 1737 1326; x_wconf 89' lang='lat' dir='ltr'>mens</span> 
     </span>
     <span class='ocr_line' id='line_1_12' title="bbox 130 1355 1464 1439; baseline -0.001 -20"><span class='ocrx_word' id='word_1_122' title='bbox 130 1364 219 1437; x_wconf 74' lang='lat' dir='ltr'>etque</span> <span class='ocrx_word' id='word_1_123' title='bbox 244 1358 403 1438; x_wconf 87' lang='lat' dir='ltr'>imperitos</span> <span class='ocrx_word' id='word_1_124' title='bbox 426 1357 608 1433; x_wconf 88' lang='lat' dir='ltr'>habendos,</span> <span class='ocrx_word' id='word_1_125' title='bbox 633 1360 688 1439; x_wconf 90' lang='lat' dir='ltr'>qui</span> <span class='ocrx_word' id='word_1_126' title='bbox 720 1360 779 1420; x_wconf 89' lang='lat' dir='ltr'>hoe</span> <span class='ocrx_word' id='word_1_127' title='bbox 802 1359 904 1420; x_wconf 85' lang='lat' dir='ltr'>existi·</span> <span class='ocrx_word' id='word_1_128' title='bbox 957 1355 998 1416; x_wconf 82' lang='lat' dir='ltr'>ad</span> <span class='ocrx_word' id='word_1_129' title='bbox 1007 1356 1110 1417; x_wconf 68' lang='lat' dir='ltr'>(timna</span> <span class='ocrx_word' id='word_1_130' title='bbox 1120 1356 1319 1437; x_wconf 82' lang='lat' dir='ltr'>intelligenda</span> <span class='ocrx_word' id='word_1_131' title='bbox 1329 1364 1464 1438; x_wconf 88' lang='lat' dir='ltr'>paratur.</span> 
     </span>
     <span class='ocr_line' id='line_1_13' title="bbox 130 1450 1908 1533; baseline 0.003 -20"><span class='ocrx_word' id='word_1_132' title='bbox 130 1458 222 1527; x_wconf 81' lang='lat' dir='ltr'>mant,</span> <span class='ocrx_word' id='word_1_133' title='bbox 235 1453 293 1531; x_wconf 89' lang='lat' dir='ltr'>qui</span> <span class='ocrx_word' id='word_1_134' title='bbox 306 1470 413 1512; x_wconf 75' lang='lat' dir='ltr'>omnes</span> <span class='ocrx_word' id='word_1_135' title='bbox 426 1451 552 1512; x_wconf 88' lang='lat' dir='ltr'>essesui</span> <span class='ocrx_word' id='word_1_136' title='bbox 575 1452 689 1513; x_wconf 88' lang='lat' dir='ltr'>similes</span> <span class='ocrx_word' id='word_1_137' title='bbox 708 1454 844 1533; x_wconf 89' lang='lat' dir='ltr'>cupiant,</span> <span class='ocrx_word' id='word_1_138' title='bbox 872 1459 906 1514; x_wconf 87' lang='lat' dir='ltr'>ut</span> <span class='ocrx_word' id='word_1_139' title='bbox 998 1450 1081 1511; x_wconf 87' lang='lat' dir='ltr'>Vlll.</span> <span class='ocrx_word' id='word_1_140' title='bbox 1098 1451 1175 1512; x_wconf 87' lang='lat' dir='ltr'>Mihi</span> <span class='ocrx_word' id='word_1_141' title='bbox 1193 1451 1297 1531; x_wconf 89' lang='lat' dir='ltr'>itaque</span> <span class='ocrx_word' id='word_1_142' title='bbox 1310 1452 1523 1532; x_wconf 88' lang='lat' dir='ltr'>componenda</span> <span class='ocrx_word' id='word_1_143' title='bbox 1539 1453 1641 1514; x_wconf 89' lang='lat' dir='ltr'>sieres</span> <span class='ocrx_word' id='word_1_144' title='bbox 1655 1453 1738 1515; x_wconf 87' lang='lat' dir='ltr'>vide·</span> <span class='ocrx_word' id='word_1_145' title='bbox 1762 1475 1908 1531; x_wconf 70' lang='grc' dir='ltr'>οοοροιιιιι</span> 
     </span>
     <span class='ocr_line' id='line_1_14' title="bbox 130 1536 1899 1630; baseline 0 -25"><span class='ocrx_word' id='word_1_146' title='bbox 130 1545 284 1624; x_wconf 80' lang='lat' dir='ltr'>privatum</span> <span class='ocrx_word' id='word_1_147' title='bbox 296 1562 405 1607; x_wconf 87' lang='lat' dir='ltr'>eorum</span> <span class='ocrx_word' id='word_1_148' title='bbox 423 1545 556 1606; x_wconf 81' lang='lat' dir='ltr'>dedecus</span> <span class='ocrx_word' id='word_1_149' title='bbox 574 1544 632 1605; x_wconf 92' lang='lat' dir='ltr'>sub</span> <span class='ocrx_word' id='word_1_150' title='bbox 649 1547 807 1607; x_wconf 89' lang='lat' dir='ltr'>communi</span> <span class='ocrx_word' id='word_1_151' title='bbox 828 1546 906 1607; x_wconf 92' lang='lat' dir='ltr'>deli-</span> <span class='ocrx_word' id='word_1_152' title='bbox 958 1548 1020 1619; x_wconf 89' lang='lat' dir='ltr'>tur,</span> <span class='ocrx_word' id='word_1_153' title='bbox 1042 1561 1115 1603; x_wconf 90' lang='lat' dir='ltr'>cum</span> <span class='ocrx_word' id='word_1_154' title='bbox 1133 1544 1172 1604; x_wconf 90' lang='lat' dir='ltr'>de</span> <span class='ocrx_word' id='word_1_155' title='bbox 1192 1546 1341 1606; x_wconf 88' lang='lat' dir='ltr'>sermonis</span> <span class='ocrx_word' id='word_1_156' title='bbox 1358 1564 1470 1626; x_wconf 82' lang='lat' dir='ltr'>genere</span> <span class='ocrx_word' id='word_1_157' title='bbox 1492 1547 1594 1626; x_wconf 79' lang='lat' dir='ltr'>agitur</span> <span class='ocrx_word' id='word_1_158' title='bbox 1615 1564 1677 1627; x_wconf 88' lang='lat' dir='ltr'>quo</span> <span class='ocrx_word' id='word_1_159' title='bbox 1698 1545 1737 1606; x_wconf 85' lang='lat' dir='ltr'>sit</span> <span class='ocrx_word' id='word_1_160' title='bbox 1774 1536 1899 1630; x_wconf 47' lang='lat' dir='ltr'>“ww</span> 
     </span>
     <span class='ocr_line' id='line_1_15' title="bbox 130 1637 1735 1718; baseline 0.001 -20"><span class='ocrx_word' id='word_1_161' title='bbox 130 1644 232 1714; x_wconf 77' lang='lat' dir='ltr'>tereat,</span> <span class='ocrx_word' id='word_1_162' title='bbox 244 1657 302 1700; x_wconf 88' lang='lat' dir='ltr'>nec</span> <span class='ocrx_word' id='word_1_163' title='bbox 315 1638 480 1718; x_wconf 74' lang='grc' dir='ltr'>οιιίοοοοιιι</span> <span class='ocrx_word' id='word_1_164' title='bbox 493 1655 602 1699; x_wconf 88' lang='lat' dir='ltr'>eorum</span> <span class='ocrx_word' id='word_1_165' title='bbox 617 1638 769 1699; x_wconf 87' lang='lat' dir='ltr'>inscitiam</span> <span class='ocrx_word' id='word_1_166' title='bbox 784 1639 904 1718; x_wconf 85' lang='lat' dir='ltr'>prodat,</span> <span class='ocrx_word' id='word_1_167' title='bbox 959 1637 1109 1698; x_wconf 90' lang='lat' dir='ltr'>utendum</span> <span class='ocrx_word' id='word_1_168' title='bbox 1122 1637 1155 1698; x_wconf 90' lang='lat' dir='ltr'>in</span> <span class='ocrx_word' id='word_1_169' title='bbox 1165 1638 1270 1699; x_wconf 88' lang='lat' dir='ltr'>divina</span> <span class='ocrx_word' id='word_1_170' title='bbox 1278 1639 1404 1700; x_wconf 87' lang='lat' dir='ltr'>scientia</span> <span class='ocrx_word' id='word_1_171' title='bbox 1417 1644 1452 1699; x_wconf 92' lang='lat' dir='ltr'>ut</span> <span class='ocrx_word' id='word_1_172' title='bbox 1466 1640 1622 1718; x_wconf 87' lang='lat' dir='ltr'>utrimque</span> <span class='ocrx_word' id='word_1_173' title='bbox 1635 1640 1693 1700; x_wconf 88' lang='lat' dir='ltr'>sita</span> <span class='ocrx_word' id='word_1_174' title='bbox 1702 1639 1735 1700; x_wconf 90' lang='lat' dir='ltr'>in</span> 
     </span>
     <span class='ocr_line' id='line_1_16' title="bbox 129 1725 1737 1812; baseline 0.001 -21"><span class='ocrx_word' id='word_1_175' title='bbox 129 1736 156 1791; x_wconf 88' lang='lat' dir='ltr'>et</span> <span class='ocrx_word' id='word_1_176' title='bbox 165 1732 336 1811; x_wconf 81' lang='lat' dir='ltr'>redargrrat</span> <span class='ocrx_word' id='word_1_177' title='bbox 348 1748 374 1792; x_wconf 63' lang='grc' dir='ltr'>ν.</span> <span class='ocrx_word' id='word_1_178' title='bbox 391 1754 405 1787; x_wconf 86' lang='lat'><strong>»</strong></span> <span class='ocrx_word' id='word_1_179' title='bbox 960 1730 1102 1790; x_wconf 82' lang='lat' dir='ltr'>extremis</span> <span class='ocrx_word' id='word_1_180' title='bbox 1116 1725 1281 1792; x_wconf 86' lang='lat' dir='ltr'>caveantur</span> <span class='ocrx_word' id='word_1_181' title='bbox 1291 1733 1366 1793; x_wconf 79' lang='lat' dir='ltr'>vitia</span> <span class='ocrx_word' id='word_1_182' title='bbox 1383 1733 1456 1794; x_wconf 90' lang='lat' dir='ltr'>duo.</span> <span class='ocrx_word' id='word_1_183' title='bbox 1477 1734 1557 1794; x_wconf 90' lang='lat' dir='ltr'>Nam</span> <span class='ocrx_word' id='word_1_184' title='bbox 1574 1751 1675 1812; x_wconf 92' lang='lat' dir='ltr'>neque</span> <span class='ocrx_word' id='word_1_185' title='bbox 1689 1733 1737 1793; x_wconf 90' lang='lat' dir='ltr'>di-</span> 
     </span>
    </p>

    <p class='ocr_par' dir='ltr' id='par_1_3' title="bbox 53 1823 1906 4237">
     <span class='ocr_line' id='line_1_17' title="bbox 163 1823 1737 1906; baseline 0.002 -22"><span class='ocrx_word' id='word_1_186' title='bbox 163 1824 294 1903; x_wconf 86' lang='lat' dir='ltr'>Seripsit</span> <span class='ocrx_word' id='word_1_187' title='bbox 313 1823 405 1885; x_wconf 87' lang='lat' dir='ltr'>etiam</span> <span class='ocrx_word' id='word_1_188' title='bbox 431 1824 471 1886; x_wconf 91' lang='lat' dir='ltr'>de</span> <span class='ocrx_word' id='word_1_189' title='bbox 491 1824 600 1886; x_wconf 86' lang='lat' dir='ltr'>eodem</span> <span class='ocrx_word' id='word_1_190' title='bbox 621 1830 804 1904; x_wconf 78' lang='lat' dir='ltr'>argrrmento</span> <span class='ocrx_word' id='word_1_191' title='bbox 825 1843 906 1904; x_wconf 84' lang='lat' dir='ltr'>prae-</span> <span class='ocrx_word' id='word_1_192' title='bbox 960 1824 1049 1886; x_wconf 85' lang='lat' dir='ltr'>cendi</span> <span class='ocrx_word' id='word_1_193' title='bbox 1066 1831 1246 1886; x_wconf 88' lang='lat' dir='ltr'>ornamenta</span> <span class='ocrx_word' id='word_1_194' title='bbox 1274 1830 1305 1886; x_wconf 90' lang='lat' dir='ltr'>et</span> <span class='ocrx_word' id='word_1_195' title='bbox 1326 1826 1459 1905; x_wconf 75' lang='lat' dir='ltr'>insignia</span> <span class='ocrx_word' id='word_1_196' title='bbox 1485 1826 1627 1906; x_wconf 87' lang='lat' dir='ltr'>persequi</span> <span class='ocrx_word' id='word_1_197' title='bbox 1646 1826 1737 1887; x_wconf 91' lang='lat' dir='ltr'>debet</span> 
     </span>
     <span class='ocr_line' id='line_1_18' title="bbox 129 1915 1736 1999; baseline 0.001 -21"><span class='ocrx_word' id='word_1_198' title='bbox 129 1915 245 1978; x_wconf 82' lang='lat' dir='ltr'>clanim</span> <span class='ocrx_word' id='word_1_199' title='bbox 269 1916 383 1978; x_wconf 86' lang='lat' dir='ltr'>librum</span> <span class='ocrx_word' id='word_1_200' title='bbox 398 1918 553 1997; x_wconf 75' lang='lat' dir='ltr'>synesius,</span> <span class='ocrx_word' id='word_1_201' title='bbox 573 1918 627 1999; x_wconf 90' lang='lat' dir='ltr'>qui</span> <span class='ocrx_word' id='word_1_202' title='bbox 642 1917 700 1979; x_wconf 75' lang='lat' dir='ltr'>Di&#39;o</span> <span class='ocrx_word' id='word_1_203' title='bbox 719 1918 905 1993; x_wconf 76' lang='lat' dir='ltr'>inscribitur,</span> <span class='ocrx_word' id='word_1_204' title='bbox 960 1919 1134 1998; x_wconf 78' lang='lat' dir='ltr'>theologus,</span> <span class='ocrx_word' id='word_1_205' title='bbox 1159 1925 1195 1979; x_wconf 90' lang='lat' dir='ltr'>ut</span> <span class='ocrx_word' id='word_1_206' title='bbox 1215 1918 1249 1978; x_wconf 92' lang='lat' dir='ltr'>in</span> <span class='ocrx_word' id='word_1_207' title='bbox 1268 1919 1439 1980; x_wconf 84' lang='lat' dir='ltr'>orationem</span> <span class='ocrx_word' id='word_1_208' title='bbox 1468 1937 1557 1979; x_wconf 89' lang='lat' dir='ltr'>suam</span> <span class='ocrx_word' id='word_1_209' title='bbox 1577 1919 1736 1979; x_wconf 86' lang='lat' dir='ltr'>rhetorum</span> 
     </span>
     <span class='ocr_line' id='line_1_19' title="bbox 130 2010 1738 2093; baseline 0.001 -22"><span class='ocrx_word' id='word_1_210' title='bbox 130 2029 161 2071; x_wconf 80' lang='lat' dir='ltr'>sc</span> <span class='ocrx_word' id='word_1_211' title='bbox 176 2010 261 2072; x_wconf 88' lang='lat' dir='ltr'>mira</span> <span class='ocrx_word' id='word_1_212' title='bbox 271 2011 417 2073; x_wconf 86' lang='lat' dir='ltr'>varietate</span> <span class='ocrx_word' id='word_1_213' title='bbox 435 2019 467 2075; x_wconf 88' lang='lat' dir='ltr'>et</span> <span class='ocrx_word' id='word_1_214' title='bbox 481 2013 568 2093; x_wconf 87' lang='lat' dir='ltr'>copia</span> <span class='ocrx_word' id='word_1_215' title='bbox 587 2013 806 2074; x_wconf 84' lang='lat' dir='ltr'>sententiarum</span> <span class='ocrx_word' id='word_1_216' title='bbox 819 2018 850 2072; x_wconf 89' lang='lat' dir='ltr'>et</span> <span class='ocrx_word' id='word_1_217' title='bbox 862 2030 909 2072; x_wconf 89' lang='lat' dir='ltr'>ar-</span> <span class='ocrx_word' id='word_1_218' title='bbox 961 2013 1153 2091; x_wconf 88' lang='lat' dir='ltr'>myrotheeia</span> <span class='ocrx_word' id='word_1_219' title='bbox 1163 2018 1194 2073; x_wconf 90' lang='lat' dir='ltr'>et</span> <span class='ocrx_word' id='word_1_220' title='bbox 1202 2011 1323 2072; x_wconf 90' lang='lat' dir='ltr'>arculas</span> <span class='ocrx_word' id='word_1_221' title='bbox 1336 2011 1485 2093; x_wconf 84' lang='lat' dir='ltr'>effundat,</span> <span class='ocrx_word' id='word_1_222' title='bbox 1496 2011 1609 2092; x_wconf 90' lang='lat' dir='ltr'>quibus</span> <span class='ocrx_word' id='word_1_223' title='bbox 1616 2018 1738 2092; x_wconf 89' lang='lat' dir='ltr'>compta</span> 
     </span>
     <span class='ocr_line' id='line_1_20' title="bbox 129 2104 1739 2186; baseline 0 -22"><span class='ocrx_word' id='word_1_224' title='bbox 129 2105 478 2185; x_wconf 73' lang='lat' dir='ltr'>pumentorumprobat,</span> <span class='ocrx_word' id='word_1_225' title='bbox 495 2106 615 2167; x_wconf 91' lang='lat' dir='ltr'>homini</span> <span class='ocrx_word' id='word_1_226' title='bbox 629 2105 774 2186; x_wconf 79' lang='lat' dir='ltr'>theologo</span> <span class='ocrx_word' id='word_1_227' title='bbox 791 2124 848 2167; x_wconf 89' lang='lat' dir='ltr'>nee</span> <span class='ocrx_word' id='word_1_228' title='bbox 861 2124 910 2165; x_wconf 82' lang='grc' dir='ltr'>οο-</span> <span class='ocrx_word' id='word_1_229' title='bbox 962 2110 993 2165; x_wconf 89' lang='lat' dir='ltr'>et</span> <span class='ocrx_word' id='word_1_230' title='bbox 1021 2105 1166 2166; x_wconf 84' lang='lat' dir='ltr'>decorata</span> <span class='ocrx_word' id='word_1_231' title='bbox 1185 2104 1341 2185; x_wconf 89' lang='lat' dir='ltr'>procedat,</span> <span class='ocrx_word' id='word_1_232' title='bbox 1363 2104 1449 2165; x_wconf 87' lang='lat' dir='ltr'>velut</span> <span class='ocrx_word' id='word_1_233' title='bbox 1473 2105 1510 2165; x_wconf 92' lang='lat' dir='ltr'>ad</span> <span class='ocrx_word' id='word_1_234' title='bbox 1540 2123 1686 2185; x_wconf 84' lang='lat' dir='ltr'>pompam</span> <span class='ocrx_word' id='word_1_235' title='bbox 1709 2110 1739 2165; x_wconf 87' lang='lat' dir='ltr'>et</span> 
     </span>
     <span class='ocr_line' id='line_1_21' title="bbox 133 2196 1740 2278; baseline 0.001 -21"><span class='ocrx_word' id='word_1_236' title='bbox 133 2204 238 2258; x_wconf 79' lang='lat' dir='ltr'>mtrrm</span> <span class='ocrx_word' id='word_1_237' title='bbox 273 2196 453 2260; x_wconf 85' lang='lat' dir='ltr'>elocutionis</span> <span class='ocrx_word' id='word_1_238' title='bbox 476 2217 534 2261; x_wconf 90' lang='lat' dir='ltr'>nee</span> <span class='ocrx_word' id='word_1_239' title='bbox 563 2198 754 2260; x_wconf 87' lang='lat' dir='ltr'>humanion&#39;s</span> <span class='ocrx_word' id='word_1_240' title='bbox 782 2198 909 2278; x_wconf 70' lang='lat' dir='ltr'>reliquae</span> <span class='ocrx_word' id='word_1_241' title='bbox 962 2199 1109 2277; x_wconf 84' lang='lat' dir='ltr'>speeiem3</span> <span class='ocrx_word' id='word_1_242' title='bbox 1135 2216 1236 2278; x_wconf 87' lang='lat' dir='ltr'>neque</span> <span class='ocrx_word' id='word_1_243' title='bbox 1258 2198 1363 2278; x_wconf 89' lang='lat' dir='ltr'>putide</span> <span class='ocrx_word' id='word_1_244' title='bbox 1377 2205 1482 2259; x_wconf 88' lang='lat' dir='ltr'>tamen</span> <span class='ocrx_word' id='word_1_245' title='bbox 1496 2204 1527 2258; x_wconf 90' lang='lat' dir='ltr'>et</span> <span class='ocrx_word' id='word_1_246' title='bbox 1546 2198 1678 2259; x_wconf 80' lang='lat' dir='ltr'>absurde</span> <span class='ocrx_word' id='word_1_247' title='bbox 1691 2197 1740 2259; x_wconf 91' lang='lat' dir='ltr'>lo·</span> 
     </span>
     <span class='ocr_line' id='line_1_22' title="bbox 129 2288 1739 2371; baseline 0.001 -20"><span class='ocrx_word' id='word_1_248' title='bbox 129 2288 386 2352; x_wconf 76' lang='lat' dir='ltr'>doctr-insedeesse</span> <span class='ocrx_word' id='word_1_249' title='bbox 394 2291 560 2367; x_wconf 63' lang='lat' dir='ltr'>deberent</span> <span class='ocrx_word' id='word_1_250' title='bbox 568 2291 607 2351; x_wconf 91' lang='lat' dir='ltr'>sit</span> <span class='ocrx_word' id='word_1_251' title='bbox 619 2292 834 2371; x_wconf 89' lang='lat' dir='ltr'>undecumque</span> <span class='ocrx_word' id='word_1_252' title='bbox 843 2308 911 2370; x_wconf 88' lang='lat' dir='ltr'>per-</span> <span class='ocrx_word' id='word_1_253' title='bbox 963 2291 1028 2370; x_wconf 88' lang='lat' dir='ltr'>qni,</span> <span class='ocrx_word' id='word_1_254' title='bbox 1044 2297 1080 2352; x_wconf 89' lang='lat' dir='ltr'>ut</span> <span class='ocrx_word' id='word_1_255' title='bbox 1092 2310 1164 2353; x_wconf 87' lang='lat' dir='ltr'>eum</span> <span class='ocrx_word' id='word_1_256' title='bbox 1177 2292 1278 2352; x_wconf 90' lang='lat' dir='ltr'>dicere</span> <span class='ocrx_word' id='word_1_257' title='bbox 1296 2292 1430 2371; x_wconf 89' lang='lat' dir='ltr'>incipiet,</span> <span class='ocrx_word' id='word_1_258' title='bbox 1446 2291 1546 2353; x_wconf 89' lang='lat' dir='ltr'>honor</span> <span class='ocrx_word' id='word_1_259' title='bbox 1561 2293 1600 2352; x_wconf 91' lang='lat' dir='ltr'>sit</span> <span class='ocrx_word' id='word_1_260' title='bbox 1612 2291 1739 2353; x_wconf 82' lang='lat' dir='ltr'>auribus</span> 
     </span>
     <span class='ocr_line' id='line_1_23' title="bbox 129 2382 1740 2464; baseline 0.001 -21"><span class='ocrx_word' id='word_1_261' title='bbox 129 2382 254 2444; x_wconf 82' lang='lat' dir='ltr'>ieetns’.</span> <span class='ocrx_word' id='word_1_262' title='bbox 963 2385 1147 2463; x_wconf 76' lang='lat' dir='ltr'>praefandus.</span> <span class='ocrx_word' id='word_1_263' title='bbox 1159 2387 1227 2446; x_wconf 92' lang='lat' dir='ltr'>Non</span> <span class='ocrx_word' id='word_1_264' title='bbox 1236 2386 1419 2447; x_wconf 78' lang='lat' dir='ltr'>sitillieuroe</span> <span class='ocrx_word' id='word_1_265' title='bbox 1431 2385 1501 2464; x_wconf 91' lang='lat' dir='ltr'>plus</span> <span class='ocrx_word' id='word_1_266' title='bbox 1511 2402 1607 2463; x_wconf 90' lang='lat' dir='ltr'>quam</span> <span class='ocrx_word' id='word_1_267' title='bbox 1617 2392 1740 2446; x_wconf 86' lang='lat' dir='ltr'>necesse</span> 
     </span>
     <span class='ocr_line' id='line_1_24' title="bbox 163 2476 1741 2559; baseline 0.002 -23"><span class='ocrx_word' id='word_1_268' title='bbox 163 2476 357 2555; x_wconf 77' lang='lat' dir='ltr'>Augustinus</span> <span class='ocrx_word' id='word_1_269' title='bbox 370 2495 505 2557; x_wconf 90' lang='lat' dir='ltr'>quoque,</span> <span class='ocrx_word' id='word_1_270' title='bbox 520 2478 576 2539; x_wconf 87' lang='lat' dir='ltr'>etsi</span> <span class='ocrx_word' id='word_1_271' title='bbox 592 2497 656 2539; x_wconf 91' lang='lat' dir='ltr'>non</span> <span class='ocrx_word' id='word_1_272' title='bbox 671 2495 738 2540; x_wconf 83' lang='lat' dir='ltr'>esse</span> <span class='ocrx_word' id='word_1_273' title='bbox 751 2478 910 2540; x_wconf 84' lang='lat' dir='ltr'>lastidien·</span> <span class='ocrx_word' id='word_1_274' title='bbox 964 2485 1019 2559; x_wconf 89' lang='lat' dir='ltr'>est,</span> <span class='ocrx_word' id='word_1_275' title='bbox 1036 2478 1081 2539; x_wconf 88' lang='lat' dir='ltr'>uti</span> <span class='ocrx_word' id='word_1_276' title='bbox 1094 2496 1215 2558; x_wconf 87' lang='lat' dir='ltr'>semper</span> <span class='ocrx_word' id='word_1_277' title='bbox 1232 2484 1304 2558; x_wconf 88' lang='lat' dir='ltr'>apta</span> <span class='ocrx_word' id='word_1_278' title='bbox 1321 2478 1458 2539; x_wconf 87' lang='lat' dir='ltr'>numeris</span> <span class='ocrx_word' id='word_1_279' title='bbox 1477 2478 1569 2539; x_wconf 83' lang='lat' dir='ltr'>dictio</span> <span class='ocrx_word' id='word_1_280' title='bbox 1583 2482 1614 2539; x_wconf 87' lang='lat' dir='ltr'>et</span> <span class='ocrx_word' id='word_1_281' title='bbox 1628 2478 1741 2539; x_wconf 87' lang='lat' dir='ltr'>modu·</span> 
     </span>
     <span class='ocr_line' id='line_1_25' title="bbox 130 2566 1741 2651; baseline 0.003 -24"><span class='ocrx_word' id='word_1_282' title='bbox 130 2566 181 2628; x_wconf 83' lang='lat' dir='ltr'>dns</span> <span class='ocrx_word' id='word_1_283' title='bbox 194 2574 285 2647; x_wconf 87' lang='lat' dir='ltr'>putat</span> <span class='ocrx_word' id='word_1_284' title='bbox 297 2570 410 2632; x_wconf 79' lang='lat' dir='ltr'>divinis</span> <span class='ocrx_word' id='word_1_285' title='bbox 423 2572 462 2632; x_wconf 89' lang='lat' dir='ltr'>de</span> <span class='ocrx_word' id='word_1_286' title='bbox 475 2571 567 2633; x_wconf 91' lang='lat' dir='ltr'>rebus</span> <span class='ocrx_word' id='word_1_287' title='bbox 579 2572 673 2633; x_wconf 89' lang='lat' dir='ltr'>etiam</span> <span class='ocrx_word' id='word_1_288' title='bbox 683 2572 806 2651; x_wconf 85' lang='lat' dir='ltr'>jejunas</span> <span class='ocrx_word' id='word_1_289' title='bbox 816 2590 909 2633; x_wconf 88' lang='lat' dir='ltr'>oma-</span> <span class='ocrx_word' id='word_1_290' title='bbox 964 2569 1027 2630; x_wconf 89' lang='lat' dir='ltr'>lata</span> <span class='ocrx_word' id='word_1_291' title='bbox 1037 2571 1190 2647; x_wconf 86' lang='lat' dir='ltr'>decurrat,</span> <span class='ocrx_word' id='word_1_292' title='bbox 1204 2571 1258 2632; x_wconf 89' lang='lat' dir='ltr'>sed</span> <span class='ocrx_word' id='word_1_293' title='bbox 1271 2589 1327 2632; x_wconf 88' lang='lat' dir='ltr'>nee</span> <span class='ocrx_word' id='word_1_294' title='bbox 1342 2571 1477 2632; x_wconf 86' lang='lat' dir='ltr'>salebras</span> <span class='ocrx_word' id='word_1_295' title='bbox 1492 2577 1574 2633; x_wconf 89' lang='lat' dir='ltr'>amet</span> <span class='ocrx_word' id='word_1_296' title='bbox 1587 2590 1623 2632; x_wconf 87' lang='lat' dir='ltr'>ee</span> <span class='ocrx_word' id='word_1_297' title='bbox 1636 2571 1741 2632; x_wconf 89' lang='lat' dir='ltr'>sordes</span> 
     </span>
     <span class='ocr_line' id='line_1_26' title="bbox 129 2664 1741 2746; baseline 0.004 -25"><span class='ocrx_word' id='word_1_298' title='bbox 129 2667 306 2722; x_wconf 85' lang='lat' dir='ltr'>mentorum</span> <span class='ocrx_word' id='word_1_299' title='bbox 327 2664 501 2739; x_wconf 85' lang='lat' dir='ltr'>sententias,</span> <span class='ocrx_word' id='word_1_300' title='bbox 524 2665 569 2724; x_wconf 85' lang='lat' dir='ltr'>uti</span> <span class='ocrx_word' id='word_1_301' title='bbox 586 2683 680 2744; x_wconf 83' lang='lat' dir='ltr'>supra</span> <span class='ocrx_word' id='word_1_302' title='bbox 700 2665 909 2739; x_wconf 89' lang='lat' dir='ltr'>meminimus,</span> <span class='ocrx_word' id='word_1_303' title='bbox 964 2671 995 2725; x_wconf 89' lang='lat' dir='ltr'>et</span> <span class='ocrx_word' id='word_1_304' title='bbox 1007 2665 1189 2727; x_wconf 85' lang='lat' dir='ltr'>offensiones</span> <span class='ocrx_word' id='word_1_305' title='bbox 1207 2668 1341 2727; x_wconf 89' lang='lat' dir='ltr'>aurium.</span> <span class='ocrx_word' id='word_1_306' title='bbox 1362 2668 1415 2727; x_wconf 87' lang='lat' dir='ltr'>Est</span> <span class='ocrx_word' id='word_1_307' title='bbox 1429 2667 1522 2727; x_wconf 90' lang='lat' dir='ltr'>etiam</span> <span class='ocrx_word' id='word_1_308' title='bbox 1541 2666 1574 2727; x_wconf 92' lang='lat' dir='ltr'>in</span> <span class='ocrx_word' id='word_1_309' title='bbox 1592 2666 1741 2746; x_wconf 81' lang='lat' dir='ltr'>eligendis</span> 
     </span>
     <span class='ocr_line' id='line_1_27' title="bbox 132 2752 1742 2839; baseline 0.004 -26"><span class='ocrx_word' id='word_1_310' title='bbox 132 2752 215 2813; x_wconf 75' lang='lat' dir='ltr'>addit</span> <span class='ocrx_word' id='word_1_311' title='bbox 236 2755 295 2815; x_wconf 91' lang='lat' dir='ltr'>hoe</span> <span class='ocrx_word' id='word_1_312' title='bbox 323 2760 427 2817; x_wconf 89' lang='lat' dir='ltr'>tamen</span> <span class='ocrx_word' id='word_1_313' title='bbox 441 2758 481 2817; x_wconf 91' lang='lat' dir='ltr'>ad</span> <span class='ocrx_word' id='word_1_314' title='bbox 512 2757 566 2817; x_wconf 91' lang='lat' dir='ltr'>illa</span> <span class='ocrx_word' id='word_1_315' title='bbox 582 2758 677 2819; x_wconf 86' lang='lat' dir='ltr'>verba</span> <span class='ocrx_word' id='word_1_316' title='bbox 695 2776 765 2837; x_wconf 87' lang='lat' dir='ltr'>quae</span> <span class='ocrx_word' id='word_1_317' title='bbox 792 2757 908 2818; x_wconf 88' lang='lat' dir='ltr'>retuli:</span> <span class='ocrx_word' id='word_1_318' title='bbox 964 2758 1155 2839; x_wconf 90' lang='lat' dir='ltr'>simplicibus</span> <span class='ocrx_word' id='word_1_319' title='bbox 1163 2759 1320 2820; x_wconf 83' lang='lat' dir='ltr'>vocabulis</span> <span class='ocrx_word' id='word_1_320' title='bbox 1334 2760 1471 2821; x_wconf 82' lang='lat' dir='ltr'>cavenda</span> <span class='ocrx_word' id='word_1_321' title='bbox 1479 2760 1571 2820; x_wconf 90' lang='lat' dir='ltr'>nimis</span> <span class='ocrx_word' id='word_1_322' title='bbox 1583 2760 1742 2820; x_wconf 88' lang='lat' dir='ltr'>enucleata</span> 
     </span>
     <span class='ocr_line' id='line_1_28' title="bbox 137 2847 1738 2933; baseline 0.002 -25"><span class='ocrx_word' id='word_1_323' title='bbox 137 2847 234 2908; x_wconf 72' lang='lat' dir='ltr'>«Sed</span> <span class='ocrx_word' id='word_1_324' title='bbox 259 2849 408 2928; x_wconf 88' lang='lat' dir='ltr'>quoniam</span> <span class='ocrx_word' id='word_1_325' title='bbox 430 2849 510 2911; x_wconf 86' lang='lat' dir='ltr'>inter</span> <span class='ocrx_word' id='word_1_326' title='bbox 538 2868 571 2911; x_wconf 91' lang='lat' dir='ltr'>se</span> <span class='ocrx_word' id='word_1_327' title='bbox 591 2850 708 2912; x_wconf 87' lang='lat' dir='ltr'>habent</span> <span class='ocrx_word' id='word_1_328' title='bbox 729 2850 911 2912; x_wconf 88' lang='lat' dir='ltr'>nonnullam</span> <span class='ocrx_word' id='word_1_329' title='bbox 965 2852 1134 2932; x_wconf 77' lang='lat' dir='ltr'>diligentia,</span> <span class='ocrx_word' id='word_1_330' title='bbox 1151 2871 1213 2931; x_wconf 91' lang='lat' dir='ltr'>quo</span> <span class='ocrx_word' id='word_1_331' title='bbox 1231 2853 1305 2913; x_wconf 84' lang='lat' dir='ltr'>vitio</span> <span class='ocrx_word' id='word_1_332' title='bbox 1328 2852 1471 2914; x_wconf 91' lang='lat' dir='ltr'>laborant</span> <span class='ocrx_word' id='word_1_333' title='bbox 1490 2852 1586 2933; x_wconf 87' lang='lat' dir='ltr'>inepti</span> <span class='ocrx_word' id='word_1_334' title='bbox 1601 2853 1738 2932; x_wconf 87' lang='lat' dir='ltr'>quidam,</span> 
     </span>
     <span class='ocr_line' id='line_1_29' title="bbox 131 2937 1741 3024; baseline 0.001 -23"><span class='ocrx_word' id='word_1_335' title='bbox 131 2937 365 3002; x_wconf 83' lang='lat' dir='ltr'>similitudinem</span> <span class='ocrx_word' id='word_1_336' title='bbox 394 2949 550 3003; x_wconf 75' lang='lat' dir='ltr'>vescentes</span> <span class='ocrx_word' id='word_1_337' title='bbox 563 2943 822 3023; x_wconf 85' lang='lat' dir='ltr'>atquediseentes,</span> <span class='ocrx_word' id='word_1_338' title='bbox 838 2962 910 3022; x_wconf 91' lang='lat' dir='ltr'>pro·</span> <span class='ocrx_word' id='word_1_339' title='bbox 965 2945 1020 3023; x_wconf 88' lang='lat' dir='ltr'>qui</span> <span class='ocrx_word' id='word_1_340' title='bbox 1039 2944 1161 3005; x_wconf 91' lang='lat' dir='ltr'>nullum</span> <span class='ocrx_word' id='word_1_341' title='bbox 1184 2945 1242 3005; x_wconf 94' lang='lat' dir='ltr'>sibi</span> <span class='ocrx_word' id='word_1_342' title='bbox 1262 2946 1321 3005; x_wconf 87' lang='lat' dir='ltr'>nisi</span> <span class='ocrx_word' id='word_1_343' title='bbox 1333 2945 1467 3024; x_wconf 90' lang='lat' dir='ltr'>probum</span> <span class='ocrx_word' id='word_1_344' title='bbox 1484 2950 1515 3004; x_wconf 91' lang='lat' dir='ltr'>et</span> <span class='ocrx_word' id='word_1_345' title='bbox 1528 2945 1672 3006; x_wconf 89' lang='lat' dir='ltr'>Latinum</span> <span class='ocrx_word' id='word_1_346' title='bbox 1686 2963 1741 3003; x_wconf 92' lang='lat' dir='ltr'>no-</span> 
     </span>
     <span class='ocr_line' id='line_1_30' title="bbox 131 3034 1743 3117; baseline 0 -21"><span class='ocrx_word' id='word_1_347' title='bbox 131 3039 197 3113; x_wconf 88' lang='lat' dir='ltr'>pter</span> <span class='ocrx_word' id='word_1_348' title='bbox 212 3034 332 3096; x_wconf 66' lang='lat' dir='ltr'>hstidia</span> <span class='ocrx_word' id='word_1_349' title='bbox 344 3036 562 3116; x_wconf 88' lang='lat' dir='ltr'>plurimorum,</span> <span class='ocrx_word' id='word_1_350' title='bbox 575 3037 669 3097; x_wconf 88' lang='lat' dir='ltr'>etiam</span> <span class='ocrx_word' id='word_1_351' title='bbox 685 3038 752 3117; x_wconf 87' lang='lat' dir='ltr'>ipsa</span> <span class='ocrx_word' id='word_1_352' title='bbox 764 3037 829 3097; x_wconf 90' lang='lat' dir='ltr'>sine</span> <span class='ocrx_word' id='word_1_353' title='bbox 841 3036 912 3116; x_wconf 91' lang='lat' dir='ltr'>qui-</span> <span class='ocrx_word' id='word_1_354' title='bbox 965 3055 1038 3098; x_wconf 88' lang='lat' dir='ltr'>men</span> <span class='ocrx_word' id='word_1_355' title='bbox 1051 3055 1200 3117; x_wconf 89' lang='lat' dir='ltr'>usurpare</span> <span class='ocrx_word' id='word_1_356' title='bbox 1213 3038 1403 3117; x_wconf 81' lang='lat' dir='ltr'>permitttmt,</span> <span class='ocrx_word' id='word_1_357' title='bbox 1415 3054 1479 3097; x_wconf 89' lang='lat' dir='ltr'>non</span> <span class='ocrx_word' id='word_1_358' title='bbox 1493 3037 1594 3097; x_wconf 88' lang='lat' dir='ltr'>solum</span> <span class='ocrx_word' id='word_1_359' title='bbox 1609 3037 1644 3097; x_wconf 92' lang='lat' dir='ltr'>in</span> <span class='ocrx_word' id='word_1_360' title='bbox 1656 3037 1743 3097; x_wconf 86' lang='lat' dir='ltr'>theo-</span> 
     </span>
     <span class='ocr_line' id='line_1_31' title="bbox 130 3127 1743 3209; baseline 0.002 -23"><span class='ocrx_word' id='word_1_361' title='bbox 130 3127 191 3187; x_wconf 91' lang='lat' dir='ltr'>bus</span> <span class='ocrx_word' id='word_1_362' title='bbox 226 3128 287 3188; x_wconf 78' lang='lat' dir='ltr'>riri</span> <span class='ocrx_word' id='word_1_363' title='bbox 313 3148 377 3190; x_wconf 92' lang='lat' dir='ltr'>non</span> <span class='ocrx_word' id='word_1_364' title='bbox 405 3136 531 3209; x_wconf 86' lang='lat' dir='ltr'>potest,</span> <span class='ocrx_word' id='word_1_365' title='bbox 571 3130 718 3191; x_wconf 86' lang='lat' dir='ltr'>elimenta</span> <span class='ocrx_word' id='word_1_366' title='bbox 742 3130 912 3192; x_wconf 83' lang='lat' dir='ltr'>condienda</span> <span class='ocrx_word' id='word_1_367' title='bbox 965 3129 1072 3209; x_wconf 79' lang='lat' dir='ltr'>logicis</span> <span class='ocrx_word' id='word_1_368' title='bbox 1091 3129 1355 3191; x_wconf 86' lang='lat' dir='ltr'>lucubrationibus</span> <span class='ocrx_word' id='word_1_369' title='bbox 1376 3131 1449 3206; x_wconf 85' lang='lat' dir='ltr'>suis,</span> <span class='ocrx_word' id='word_1_370' title='bbox 1486 3130 1540 3190; x_wconf 90' lang='lat' dir='ltr'>sed</span> <span class='ocrx_word' id='word_1_371' title='bbox 1559 3130 1652 3190; x_wconf 88' lang='lat' dir='ltr'>etiam</span> <span class='ocrx_word' id='word_1_372' title='bbox 1670 3147 1743 3190; x_wconf 90' lang='lat' dir='ltr'>cum</span> 
     </span>
     <span class='ocr_line' id='line_1_32' title="bbox 129 3221 1870 3302; baseline 0.001 -22"><span class='ocrx_word' id='word_1_373' title='bbox 129 3224 230 3281; x_wconf 71' lang='lat' dir='ltr'>sunu.</span> <span class='ocrx_word' id='word_1_374' title='bbox 245 3221 913 3286; x_wconf 75' lang='lat' dir='ltr'>»Cuisimileistudesthuctantii:tdireum-</span> <span class='ocrx_word' id='word_1_375' title='bbox 965 3240 1066 3283; x_wconf 87' lang='lat' dir='ltr'>sacras</span> <span class='ocrx_word' id='word_1_376' title='bbox 1080 3223 1206 3283; x_wconf 86' lang='lat' dir='ltr'>Litteras</span> <span class='ocrx_word' id='word_1_377' title='bbox 1219 3227 1342 3283; x_wconf 85' lang='lat' dir='ltr'>vertunt</span> <span class='ocrx_word' id='word_1_378' title='bbox 1353 3221 1525 3283; x_wconf 79' lang='lat' dir='ltr'>LadueSie</span> <span class='ocrx_word' id='word_1_379' title='bbox 1538 3223 1680 3302; x_wconf 90' lang='lat' dir='ltr'>impurus</span> <span class='ocrx_word' id='word_1_380' title='bbox 1691 3222 1743 3282; x_wconf 91' lang='lat' dir='ltr'>ille</span> <span class='ocrx_word' id='word_1_381' title='bbox 1797 3247 1870 3292; x_wconf 61' lang='lat' dir='ltr'>stur„</span> 
     </span>
     <span class='ocr_line' id='line_1_33' title="bbox 131 3299 1906 3398; baseline 0 -23"><span class='ocrx_word' id='word_1_382' title='bbox 131 3313 248 3375; x_wconf 84' lang='lat' dir='ltr'>linatur</span> <span class='ocrx_word' id='word_1_383' title='bbox 265 3316 358 3377; x_wconf 90' lang='lat' dir='ltr'>modo</span> <span class='ocrx_word' id='word_1_384' title='bbox 375 3316 522 3397; x_wconf 87' lang='lat' dir='ltr'>poculum</span> <span class='ocrx_word' id='word_1_385' title='bbox 544 3317 662 3378; x_wconf 87' lang='lat' dir='ltr'>eoelesti</span> <span class='ocrx_word' id='word_1_386' title='bbox 681 3316 774 3379; x_wconf 90' lang='lat' dir='ltr'>melle</span> <span class='ocrx_word' id='word_1_387' title='bbox 790 3318 913 3397; x_wconf 88' lang='lat' dir='ltr'>sapien·</span> <span class='ocrx_word' id='word_1_388' title='bbox 965 3314 1106 3390; x_wconf 81' lang='lat' dir='ltr'>Castalio,</span> <span class='ocrx_word' id='word_1_389' title='bbox 1122 3316 1178 3394; x_wconf 91' lang='lat' dir='ltr'>qui</span> <span class='ocrx_word' id='word_1_390' title='bbox 1194 3315 1474 3395; x_wconf 84' lang='lat' dir='ltr'>ininterpretandis</span> <span class='ocrx_word' id='word_1_391' title='bbox 1494 3313 1598 3375; x_wconf 89' lang='lat' dir='ltr'>Bibliis</span> <span class='ocrx_word' id='word_1_392' title='bbox 1616 3332 1697 3375; x_wconf 83' lang='lat' dir='ltr'>nova</span> <span class='ocrx_word' id='word_1_393' title='bbox 1713 3319 1744 3375; x_wconf 88' lang='lat' dir='ltr'>et</span> <span class='ocrx_word' id='word_1_394' title='bbox 1775 3299 1906 3398; x_wconf 55' lang='grc' dir='ltr'>ωῗξθῦἱ·</span> 
     </span>
     <span class='ocr_line' id='line_1_34' title="bbox 131 3407 1898 3506; baseline -0.001 -38"><span class='ocrx_word' id='word_1_395' title='bbox 131 3408 913 3491; x_wconf 77' lang='lat' dir='ltr'>iiaeutpossintabimprudentibusamararemedia</span> <span class='ocrx_word' id='word_1_396' title='bbox 965 3410 1103 3470; x_wconf 89' lang='lat' dir='ltr'>inaudita</span> <span class='ocrx_word' id='word_1_397' title='bbox 1111 3409 1387 3470; x_wconf 74' lang='lat' dir='ltr'>Ecclesiaanomina</span> <span class='ocrx_word' id='word_1_398' title='bbox 1400 3427 1457 3489; x_wconf 92' lang='lat' dir='ltr'>pro</span> <span class='ocrx_word' id='word_1_399' title='bbox 1470 3407 1745 3487; x_wconf 86' lang='lat' dir='ltr'>communibuspo·</span> <span class='ocrx_word' id='word_1_400' title='bbox 1788 3411 1898 3506; x_wconf 52' lang='lat' dir='ltr'>‘&#39;ffissffh</span> 
     </span>
     <span class='ocr_line' id='line_1_35' title="bbox 131 3500 1905 3585; baseline -0.001 -23"><span class='ocrx_word' id='word_1_401' title='bbox 131 3501 492 3584; x_wconf 81' lang='lat' dir='ltr'>sineoffensionepotari,</span> <span class='ocrx_word' id='word_1_402' title='bbox 509 3504 719 3566; x_wconf 88' lang='lat' dir='ltr'>dumillieiens</span> <span class='ocrx_word' id='word_1_403' title='bbox 732 3506 833 3585; x_wconf 89' lang='lat' dir='ltr'>prima</span> <span class='ocrx_word' id='word_1_404' title='bbox 846 3504 913 3565; x_wconf 91' lang='lat' dir='ltr'>dul·</span> <span class='ocrx_word' id='word_1_405' title='bbox 966 3505 1027 3565; x_wconf 90' lang='lat' dir='ltr'>suit</span> <span class='ocrx_word' id='word_1_406' title='bbox 1039 3509 1069 3564; x_wconf 92' lang='lat' dir='ltr'>et</span> <span class='ocrx_word' id='word_1_407' title='bbox 1081 3502 1156 3563; x_wconf 91' lang='lat' dir='ltr'>olim</span> <span class='ocrx_word' id='word_1_408' title='bbox 1174 3504 1253 3563; x_wconf 86' lang='lat' dir='ltr'>notis</span> <span class='ocrx_word' id='word_1_409' title='bbox 1267 3522 1302 3564; x_wconf 88' lang='lat' dir='ltr'>ae</span> <span class='ocrx_word' id='word_1_410' title='bbox 1315 3503 1454 3585; x_wconf 87' lang='lat' dir='ltr'>receptis.</span> <span class='ocrx_word' id='word_1_411' title='bbox 1471 3502 1511 3563; x_wconf 93' lang='lat' dir='ltr'>Ut</span> <span class='ocrx_word' id='word_1_412' title='bbox 1532 3520 1603 3563; x_wconf 90' lang='lat' dir='ltr'>eum</span> <span class='ocrx_word' id='word_1_413' title='bbox 1624 3520 1680 3581; x_wconf 91' lang='lat' dir='ltr'>pro</span> <span class='ocrx_word' id='word_1_414' title='bbox 1693 3500 1743 3561; x_wconf 87' lang='lat' dir='ltr'>fir-</span> <span class='ocrx_word' id='word_1_415' title='bbox 1780 3516 1905 3561; x_wconf 72' lang='lat' dir='ltr'>minino·</span> 
     </span>
     <span class='ocr_line' id='line_1_36' title="bbox 132 3572 1899 3678; baseline 0 -22"><span class='ocrx_word' id='word_1_416' title='bbox 132 3594 209 3657; x_wconf 86' lang='lat' dir='ltr'>cedo</span> <span class='ocrx_word' id='word_1_417' title='bbox 225 3596 422 3657; x_wconf 83' lang='lat' dir='ltr'>acerbitatem</span> <span class='ocrx_word' id='word_1_418' title='bbox 444 3598 561 3678; x_wconf 88' lang='lat' dir='ltr'>saporis</span> <span class='ocrx_word' id='word_1_419' title='bbox 577 3599 678 3678; x_wconf 89' lang='lat' dir='ltr'>asperi</span> <span class='ocrx_word' id='word_1_420' title='bbox 693 3598 751 3658; x_wconf 91' lang='lat' dir='ltr'>sub</span> <span class='ocrx_word' id='word_1_421' title='bbox 764 3604 913 3677; x_wconf 74' lang='lat' dir='ltr'>pretextu</span> <span class='ocrx_word' id='word_1_422' title='bbox 965 3593 1743 3677; x_wconf 75' lang='lat' dir='ltr'>mamentoIipuidumusurpat,probeminolovom</span> <span class='ocrx_word' id='word_1_423' title='bbox 1782 3572 1899 3619; x_wconf 48' lang='lat' dir='ltr'>&#39;mm&#39;</span> 
     </span>
     <span class='ocr_line' id='line_1_37' title="bbox 131 3687 1743 3771; baseline -0.001 -22"><span class='ocrx_word' id='word_1_424' title='bbox 131 3689 288 3750; x_wconf 73' lang='lat' dir='ltr'>maritatis</span> <span class='ocrx_word' id='word_1_425' title='bbox 311 3690 454 3751; x_wconf 78' lang='lat' dir='ltr'>omrrltat.</span> <span class='ocrx_word' id='word_1_426' title='bbox 481 3691 657 3753; x_wconf 80' lang='lat' dir='ltr'>»Clemens</span> <span class='ocrx_word' id='word_1_427' title='bbox 677 3710 750 3752; x_wconf 85' lang='lat' dir='ltr'>vero</span> <span class='ocrx_word' id='word_1_428' title='bbox 779 3690 914 3752; x_wconf 84' lang='lat' dir='ltr'>Alexan-</span> <span class='ocrx_word' id='word_1_429' title='bbox 967 3711 1023 3771; x_wconf 91' lang='lat' dir='ltr'>pro</span> <span class='ocrx_word' id='word_1_430' title='bbox 1036 3689 1126 3751; x_wconf 89' lang='lat' dir='ltr'>idolis</span> <span class='ocrx_word' id='word_1_431' title='bbox 1139 3688 1268 3751; x_wconf 73' lang='grc' dir='ltr'><strong>άοοοοοο</strong></span> <span class='ocrx_word' id='word_1_432' title='bbox 1282 3691 1331 3752; x_wconf 82' lang='lat' dir='ltr'>vel</span> <span class='ocrx_word' id='word_1_433' title='bbox 1343 3699 1473 3770; x_wconf 70' lang='lat' dir='ltr'>petates,</span> <span class='ocrx_word' id='word_1_434' title='bbox 1497 3707 1554 3768; x_wconf 93' lang='lat' dir='ltr'>pro</span> <span class='ocrx_word' id='word_1_435' title='bbox 1568 3687 1678 3768; x_wconf 78' lang='lat' dir='ltr'>angelo</span> <span class='ocrx_word' id='word_1_436' title='bbox 1693 3707 1743 3769; x_wconf 79' lang='lat' dir='ltr'>pe-</span> 
     </span>
     <span class='ocr_line' id='line_1_38' title="bbox 133 3780 1739 3865; baseline -0.001 -23"><span class='ocrx_word' id='word_1_437' title='bbox 133 3780 243 3842; x_wconf 88' lang='lat' dir='ltr'>drinus</span> <span class='ocrx_word' id='word_1_438' title='bbox 254 3783 287 3843; x_wconf 94' lang='lat' dir='ltr'>in</span> <span class='ocrx_word' id='word_1_439' title='bbox 300 3790 386 3844; x_wconf 82' lang='lat' dir='ltr'>sexto</span> <span class='ocrx_word' id='word_1_440' title='bbox 397 3792 581 3852; x_wconf 79' lang='lat' dir='ltr'>stromateon</span> <span class='ocrx_word' id='word_1_441' title='bbox 595 3785 689 3865; x_wconf 79' lang='lat' dir='ltr'>longa</span> <span class='ocrx_word' id='word_1_442' title='bbox 704 3785 912 3865; x_wconf 90' lang='lat' dir='ltr'>disputatione</span> <span class='ocrx_word' id='word_1_443' title='bbox 957 3785 1060 3860; x_wconf 65' lang='grc' dir='ltr'>νινόοι,</span> <span class='ocrx_word' id='word_1_444' title='bbox 1069 3802 1125 3865; x_wconf 90' lang='lat' dir='ltr'>pro</span> <span class='ocrx_word' id='word_1_445' title='bbox 1139 3784 1304 3863; x_wconf 78' lang='lat' dir='ltr'>synagogis</span> <span class='ocrx_word' id='word_1_446' title='bbox 1317 3782 1451 3863; x_wconf 77' lang='lat' dir='ltr'>callepio,</span> <span class='ocrx_word' id='word_1_447' title='bbox 1463 3800 1520 3862; x_wconf 92' lang='lat' dir='ltr'>pro</span> <span class='ocrx_word' id='word_1_448' title='bbox 1535 3781 1639 3857; x_wconf 89' lang='lat' dir='ltr'>racha,</span> <span class='ocrx_word' id='word_1_449' title='bbox 1656 3781 1739 3861; x_wconf 91' lang='lat' dir='ltr'>quod</span> 
     </span>
     <span class='ocr_line' id='line_1_39' title="bbox 131 3874 1743 3958; baseline -0.001 -22"><span class='ocrx_word' id='word_1_450' title='bbox 131 3875 245 3954; x_wconf 76' lang='lat' dir='ltr'>prebat</span> <span class='ocrx_word' id='word_1_451' title='bbox 269 3877 472 3938; x_wconf 85' lang='lat' dir='ltr'>christianum</span> <span class='ocrx_word' id='word_1_452' title='bbox 503 3879 683 3957; x_wconf 83' lang='lat' dir='ltr'>sapientem,</span> <span class='ocrx_word' id='word_1_453' title='bbox 704 3896 798 3957; x_wconf 91' lang='lat' dir='ltr'>quem</span> <span class='ocrx_word' id='word_1_454' title='bbox 817 3879 856 3939; x_wconf 87' lang='lat' dir='ltr'>ab</span> <span class='ocrx_word' id='word_1_455' title='bbox 875 3897 913 3940; x_wconf 86' lang='lat' dir='ltr'>eo</span> <span class='ocrx_word' id='word_1_456' title='bbox 967 3884 1013 3939; x_wconf 89' lang='lat' dir='ltr'>est</span> <span class='ocrx_word' id='word_1_457' title='bbox 1037 3878 1121 3958; x_wconf 92' lang='lat' dir='ltr'>apud</span> <span class='ocrx_word' id='word_1_458' title='bbox 1138 3877 1317 3939; x_wconf 88' lang='lat' dir='ltr'>Matthaeum</span> <span class='ocrx_word' id='word_1_459' title='bbox 1332 3876 1461 3938; x_wconf 85' lang='lat' dir='ltr'>convicii</span> <span class='ocrx_word' id='word_1_460' title='bbox 1480 3894 1590 3955; x_wconf 83' lang='lat' dir='ltr'>genus,</span> <span class='ocrx_word' id='word_1_461' title='bbox 1612 3874 1743 3937; x_wconf 83' lang='lat' dir='ltr'>balatio-</span> 
     </span>
     <span class='ocr_line' id='line_1_40' title="bbox 53 3966 1700 4050; baseline -0.001 -19"><span class='ocrx_word' id='word_1_462' title='bbox 53 3998 58 4005; x_wconf 91' lang='lat'><strong>·</strong></span> <span class='ocrx_word' id='word_1_463' title='bbox 99 4036 106 4046; x_wconf 64' lang='grc'>,</span> <span class='ocrx_word' id='word_1_464' title='bbox 132 3972 277 4049; x_wconf 62' lang='lat' dir='ltr'>mmsis</span> <span class='ocrx_word' id='word_1_465' title='bbox 288 3971 520 4049; x_wconf 86' lang='lat' dir='ltr'>nominarijam</span> <span class='ocrx_word' id='word_1_466' title='bbox 533 3972 678 4048; x_wconf 83' lang='lat' dir='ltr'>diximus,</span> <span class='ocrx_word' id='word_1_467' title='bbox 694 3972 913 4033; x_wconf 88' lang='lat' dir='ltr'>humaniorum</span> <span class='ocrx_word' id='word_1_468' title='bbox 966 3991 1043 4034; x_wconf 85' lang='lat' dir='ltr'>nem.</span> <span class='ocrx_word' id='word_1_469' title='bbox 1063 3972 1101 4030; x_wconf 90' lang='lat' dir='ltr'>Et</span> <span class='ocrx_word' id='word_1_470' title='bbox 1110 3969 1172 4030; x_wconf 90' lang='lat' dir='ltr'>alia</span> <span class='ocrx_word' id='word_1_471' title='bbox 1184 3969 1331 4050; x_wconf 88' lang='lat' dir='ltr'>pleraque</span> <span class='ocrx_word' id='word_1_472' title='bbox 1345 3970 1490 4049; x_wconf 82' lang='lat' dir='ltr'>ineptaet</span> <span class='ocrx_word' id='word_1_473' title='bbox 1507 3966 1700 4047; x_wconf 87' lang='lat' dir='ltr'>sputatilicia.</span> 
     </span>
     <span class='ocr_line' id='line_1_41' title="bbox 132 4062 1893 4144; baseline -0.001 -22"><span class='ocrx_word' id='word_1_474' title='bbox 132 4062 367 4142; x_wconf 85' lang='lat' dir='ltr'>disciplinamm</span> <span class='ocrx_word' id='word_1_475' title='bbox 378 4062 524 4124; x_wconf 90' lang='lat' dir='ltr'>scientem</span> <span class='ocrx_word' id='word_1_476' title='bbox 537 4082 602 4125; x_wconf 89' lang='lat' dir='ltr'>esse</span> <span class='ocrx_word' id='word_1_477' title='bbox 613 4064 736 4140; x_wconf 90' lang='lat' dir='ltr'>debere,</span> <span class='ocrx_word' id='word_1_478' title='bbox 751 4071 781 4126; x_wconf 91' lang='lat' dir='ltr'>et</span> <span class='ocrx_word' id='word_1_479' title='bbox 794 4065 914 4144; x_wconf 79' lang='lat' dir='ltr'>elegan-</span> <span class='ocrx_word' id='word_1_480' title='bbox 1007 4064 1102 4125; x_wconf 86' lang='lat' dir='ltr'>Nobis</span> <span class='ocrx_word' id='word_1_481' title='bbox 1111 4081 1184 4124; x_wconf 88' lang='lat' dir='ltr'>vero</span> <span class='ocrx_word' id='word_1_482' title='bbox 1196 4081 1261 4123; x_wconf 91' lang='lat' dir='ltr'>non</span> <span class='ocrx_word' id='word_1_483' title='bbox 1278 4062 1332 4123; x_wconf 87' lang='lat' dir='ltr'>illa</span> <span class='ocrx_word' id='word_1_484' title='bbox 1340 4062 1442 4122; x_wconf 92' lang='lat' dir='ltr'>solum</span> <span class='ocrx_word' id='word_1_485' title='bbox 1454 4079 1524 4140; x_wconf 86' lang='lat' dir='ltr'>quae</span> <span class='ocrx_word' id='word_1_486' title='bbox 1535 4066 1660 4139; x_wconf 86' lang='lat' dir='ltr'>acceptu</span> <span class='ocrx_word' id='word_1_487' title='bbox 1671 4067 1744 4121; x_wconf 89' lang='lat' dir='ltr'>sunt</span> <span class='ocrx_word' id='word_1_488' title='bbox 1791 4098 1893 4140; x_wconf 55' lang='lat' dir='ltr'>mm</span> 
     </span>
     <span class='ocr_line' id='line_1_42' title="bbox 132 4151 1872 4237; baseline -0.003 -21"><span class='ocrx_word' id='word_1_489' title='bbox 132 4155 185 4216; x_wconf 76' lang='lat' dir='ltr'>tiae</span> <span class='ocrx_word' id='word_1_490' title='bbox 198 4156 349 4217; x_wconf 80' lang='lat' dir='ltr'>anniteris</span> <span class='ocrx_word' id='word_1_491' title='bbox 363 4163 519 4218; x_wconf 89' lang='lat' dir='ltr'>amantem</span> <span class='ocrx_word' id='word_1_492' title='bbox 529 4158 575 4217; x_wconf 78' lang='grc' dir='ltr'>’.ι</span> <span class='ocrx_word' id='word_1_493' title='bbox 588 4157 767 4237; x_wconf 84' lang='lat' dir='ltr'>Complures</span> <span class='ocrx_word' id='word_1_494' title='bbox 779 4159 822 4218; x_wconf 86' lang='lat' dir='ltr'>ait</span> <span class='ocrx_word' id='word_1_495' title='bbox 834 4158 914 4219; x_wconf 87' lang='lat' dir='ltr'>inter</span> <span class='ocrx_word' id='word_1_496' title='bbox 967 4159 1001 4219; x_wconf 89' lang='lat' dir='ltr'>in</span> <span class='ocrx_word' id='word_1_497' title='bbox 1013 4173 1105 4217; x_wconf 89' lang='lat' dir='ltr'>usum</span> <span class='ocrx_word' id='word_1_498' title='bbox 1118 4154 1158 4217; x_wconf 91' lang='lat' dir='ltr'>ab</span> <span class='ocrx_word' id='word_1_499' title='bbox 1173 4155 1306 4234; x_wconf 90' lang='lat' dir='ltr'>antiquis</span> <span class='ocrx_word' id='word_1_500' title='bbox 1320 4153 1470 4229; x_wconf 89' lang='lat' dir='ltr'>Patribus,</span> <span class='ocrx_word' id='word_1_501' title='bbox 1484 4152 1669 4231; x_wconf 70' lang='lat' dir='ltr'>defugiendas</span> <span class='ocrx_word' id='word_1_502' title='bbox 1679 4171 1743 4214; x_wconf 89' lang='lat' dir='ltr'>nou</span> <span class='ocrx_word' id='word_1_503' title='bbox 1811 4151 1872 4193; x_wconf 72' lang='lat'><strong>¹⁰0⁰·</strong></span> 
     </span>
    </p>
   </div>
   <div class='ocr_carea' id='block_1_3' title="bbox 1795 4205 1891 4247">
    <p class='ocr_par' dir='ltr' id='par_1_4' title="bbox 1795 4205 1891 4247">
     <span class='ocr_line' id='line_1_43' title="bbox 1795 4205 1891 4247; baseline 0 0"><span class='ocrx_word' id='word_1_504' title='bbox 1795 4205 1891 4247; x_wconf 79' lang='lat' dir='ltr'>tionibus</span> 
     </span>
    </p>
   </div>
   <div class='ocr_carea' id='block_1_4' title="bbox 132 4246 1897 4355">
    <p class='ocr_par' dir='ltr' id='par_1_5' title="bbox 132 4246 1897 4355">
     <span class='ocr_line' id='line_1_44' title="bbox 132 4246 1897 4355; baseline -0.006 -44"><span class='ocrx_word' id='word_1_505' title='bbox 132 4249 915 4330; x_wconf 75' lang='lat' dir='ltr'>oartera,quiehristianocenseuturnomirre,quem·</span> <span class='ocrx_word' id='word_1_506' title='bbox 968 4255 1050 4327; x_wconf 90' lang='lat' dir='ltr'>sunt,</span> <span class='ocrx_word' id='word_1_507' title='bbox 1066 4249 1199 4328; x_wconf 91' lang='lat' dir='ltr'>quodiis</span> <span class='ocrx_word' id='word_1_508' title='bbox 1214 4248 1363 4310; x_wconf 78' lang='lat' dir='ltr'>invenient</span> <span class='ocrx_word' id='word_1_509' title='bbox 1380 4246 1509 4308; x_wconf 88' lang='lat' dir='ltr'>meliora</span> <span class='ocrx_word' id='word_1_510' title='bbox 1524 4264 1588 4306; x_wconf 89' lang='lat' dir='ltr'>nou</span> <span class='ocrx_word' id='word_1_511' title='bbox 1604 4251 1741 4325; x_wconf 87' lang='lat' dir='ltr'>possunt,</span> <span class='ocrx_word' id='word_1_512' title='bbox 1787 4264 1897 4355; x_wconf 52' lang='lat' dir='ltr'>quqqnu·</span> 
     </span>
    </p>
   </div>
   <div class='ocr_carea' id='block_1_5' title="bbox 131 4366 1893 4762">
    <p class='ocr_par' dir='ltr' id='par_1_6' title="bbox 131 4366 1893 4762">
     <span class='ocr_line' id='line_1_45' title="bbox 1792 4366 1893 4417; baseline -0.01 -9"><span class='ocrx_word' id='word_1_513' title='bbox 1792 4366 1893 4417; x_wconf 76' lang='lat' dir='ltr'>theologo</span> 
     </span>
     <span class='ocr_line' id='line_1_46' title="bbox 170 4418 1889 4510; baseline -0.005 -17"><span class='ocrx_word' id='word_1_514' title='bbox 170 4437 265 4493; x_wconf 54' lang='lat' dir='ltr'>ubiz.</span> <span class='ocrx_word' id='word_1_515' title='bbox 278 4441 349 4492; x_wconf 76' lang='lat' dir='ltr'>orat.</span> <span class='ocrx_word' id='word_1_516' title='bbox 361 4450 405 4492; x_wconf 78' lang='lat' dir='ltr'>xx.</span> <span class='ocrx_word' id='word_1_517' title='bbox 417 4434 509 4489; x_wconf 72' lang='lat' dir='ltr'>(timor</span> <span class='ocrx_word' id='word_1_518' title='bbox 521 4436 665 4510; x_wconf 67' lang='grc' dir='ltr'>ἄτιμα-,ἔον</span> <span class='ocrx_word' id='word_1_519' title='bbox 677 4436 720 4505; x_wconf 71' lang='grc' dir='ltr'>τὴν</span> <span class='ocrx_word' id='word_1_520' title='bbox 733 4437 867 4504; x_wconf 59' lang='grc' dir='ltr'>παίδευσιν,</span> <span class='ocrx_word' id='word_1_521' title='bbox 877 4441 916 4494; x_wconf 72' lang='grc' dir='ltr'>ὅτι</span> <span class='ocrx_word' id='word_1_522' title='bbox 1005 4434 1021 4489; x_wconf 81' lang='grc' dir='ltr'>ὁ</span> <span class='ocrx_word' id='word_1_523' title='bbox 1036 4433 1122 4491; x_wconf 76' lang='lat' dir='ltr'>Cuttt·</span> <span class='ocrx_word' id='word_1_524' title='bbox 1137 4438 1162 4490; x_wconf 85' lang='grc'>6.</span> <span class='ocrx_word' id='word_1_525' title='bbox 1179 4434 1277 4492; x_wconf 79' lang='lat' dir='ltr'>Strom.</span> <span class='ocrx_word' id='word_1_526' title='bbox 1300 4432 1368 4487; x_wconf 84' lang='grc' dir='ltr'><strong>Ἀλλ’</strong></span> <span class='ocrx_word' id='word_1_527' title='bbox 1382 4434 1416 4496; x_wconf 81' lang='grc' dir='ltr'>ὡς</span> <span class='ocrx_word' id='word_1_528' title='bbox 1427 4430 1514 4498; x_wconf 76' lang='grc' dir='ltr'>ἔοικεν,</span> <span class='ocrx_word' id='word_1_529' title='bbox 1532 4432 1681 4486; x_wconf 76' lang='grc' dir='ltr'><strong>οἱπλεῖστοι</strong></span> <span class='ocrx_word' id='word_1_530' title='bbox 1695 4437 1744 4485; x_wconf 85' lang='grc' dir='ltr'>τῶν</span> <span class='ocrx_word' id='word_1_531' title='bbox 1795 4418 1889 4465; x_wconf 78' lang='lat' dir='ltr'>licitum.</span> 
     </span>
     <span class='ocr_line' id='line_1_47' title="bbox 134 4516 1745 4592; baseline -0.004 -16"><span class='ocrx_word' id='word_1_532' title='bbox 134 4519 750 4587; x_wconf 73' lang='grc' dir='ltr'>τοῖηοδοιιεῖτιοιν·ἇλλὰσν.ιιιο“νς,καὶᾶπαιδε3τους</span> <span class='ocrx_word' id='word_1_533' title='bbox 762 4518 914 4591; x_wconf 72' lang='grc' dir='ltr'><strong>ὑποληπτέον</strong></span> <span class='ocrx_word' id='word_1_534' title='bbox 969 4518 998 4572; x_wconf 85' lang='grc' dir='ltr'>τδ</span> <span class='ocrx_word' id='word_1_535' title='bbox 1020 4519 1099 4592; x_wconf 75' lang='grc' dir='ltr'>ὄνομα</span> <span class='ocrx_word' id='word_1_536' title='bbox 1122 4517 1331 4591; x_wconf 67' lang='grc' dir='ltr'>ἐπιγραφομένων,</span> <span class='ocrx_word' id='word_1_537' title='bbox 1353 4518 1458 4590; x_wconf 74' lang='grc' dir='ltr'>καθάπερ</span> <span class='ocrx_word' id='word_1_538' title='bbox 1484 4516 1508 4570; x_wconf 77' lang='lat' dir='ltr'>oi</span> <span class='ocrx_word' id='word_1_539' title='bbox 1538 4520 1580 4571; x_wconf 79' lang='grc' dir='ltr'>τοῦ</span> <span class='ocrx_word' id='word_1_540' title='bbox 1610 4516 1745 4579; x_wconf 67' lang='grc' dir='ltr'>Ὀδυσσᾶιος</span> 
     </span>
     <span class='ocr_line' id='line_1_48' title="bbox 133 4598 1744 4677; baseline 0 -22"><span class='ocrx_word' id='word_1_541' title='bbox 133 4606 193 4668; x_wconf 70' lang='grc' dir='ltr'><strong>τοὺς</strong></span> <span class='ocrx_word' id='word_1_542' title='bbox 209 4604 319 4677; x_wconf 70' lang='grc' dir='ltr'>ἔχοντας·</span> <span class='ocrx_word' id='word_1_543' title='bbox 335 4604 361 4657; x_wconf 77' lang='grc' dir='ltr'>οἳ</span> <span class='ocrx_word' id='word_1_544' title='bbox 378 4604 499 4675; x_wconf 71' lang='grc' dir='ltr'>βούλοιντ’</span> <span class='ocrx_word' id='word_1_545' title='bbox 516 4607 544 4658; x_wconf 70' lang='grc' dir='ltr'>ἂν</span> <span class='ocrx_word' id='word_1_546' title='bbox 554 4607 660 4667; x_wconf 75' lang='grc' dir='ltr'>ἅπαντας</span> <span class='ocrx_word' id='word_1_547' title='bbox 673 4598 735 4657; x_wconf 81' lang='grc' dir='ltr'>εἶναι</span> <span class='ocrx_word' id='word_1_548' title='bbox 748 4604 914 4672; x_wconf 69' lang='grc' dir='ltr'>καθ’ἓιωτοδς,</span> <span class='ocrx_word' id='word_1_549' title='bbox 970 4600 1073 4674; x_wconf 73' lang='grc' dir='ltr'>ἑταῖροι,</span> <span class='ocrx_word' id='word_1_550' title='bbox 1093 4601 1213 4674; x_wconf 77' lang='grc' dir='ltr'><strong>ἀγροίκως</strong></span> <span class='ocrx_word' id='word_1_551' title='bbox 1235 4602 1330 4673; x_wconf 68' lang='lat' dir='ltr'>petias:</span> <span class='ocrx_word' id='word_1_552' title='bbox 1349 4601 1390 4655; x_wconf 83' lang='grc' dir='ltr'>τδν</span> <span class='ocrx_word' id='word_1_553' title='bbox 1409 4602 1495 4672; x_wconf 81' lang='grc' dir='ltr'><strong>λόγον,</strong></span> <span class='ocrx_word' id='word_1_554' title='bbox 1510 4601 1538 4654; x_wconf 77' lang='grc' dir='ltr'>οδ</span> <span class='ocrx_word' id='word_1_555' title='bbox 1557 4599 1599 4663; x_wconf 75' lang='grc' dir='ltr'>τὰς</span> <span class='ocrx_word' id='word_1_556' title='bbox 1618 4602 1744 4673; x_wconf 73' lang='grc' dir='ltr'>Σειρῆνας,</span> 
     </span>
     <span class='ocr_line' id='line_1_49' title="bbox 131 4684 1747 4762; baseline -0.001 -23"><span class='ocrx_word' id='word_1_557' title='bbox 131 4687 168 4739; x_wconf 82' lang='grc' dir='ltr'>ἵν’</span> <span class='ocrx_word' id='word_1_558' title='bbox 183 4686 212 4741; x_wconf 70' lang='grc' dir='ltr'>ἓν</span> <span class='ocrx_word' id='word_1_559' title='bbox 226 4694 260 4760; x_wconf 75' lang='grc' dir='ltr'>τῷ</span> <span class='ocrx_word' id='word_1_560' title='bbox 272 4693 348 4760; x_wconf 75' lang='grc' dir='ltr'>κοινῷ</span> <span class='ocrx_word' id='word_1_561' title='bbox 359 4688 388 4741; x_wconf 77' lang='lat' dir='ltr'>rh</span> <span class='ocrx_word' id='word_1_562' title='bbox 407 4690 462 4742; x_wconf 67' lang='grc' dir='ltr'>κατ’</span> <span class='ocrx_word' id='word_1_563' title='bbox 481 4688 566 4751; x_wconf 65' lang='grc' dir='ltr'><strong>αὐτοὺς</strong></span> <span class='ocrx_word' id='word_1_564' title='bbox 584 4689 727 4762; x_wconf 62' lang='lat' dir='ltr'>replicuisset,</span> <span class='ocrx_word' id='word_1_565' title='bbox 744 4690 783 4741; x_wconf 73' lang='grc' dir='ltr'>καὶ</span> <span class='ocrx_word' id='word_1_566' title='bbox 805 4690 860 4752; x_wconf 66' lang='lat' dir='ltr'>robe</span> <span class='ocrx_word' id='word_1_567' title='bbox 873 4695 916 4758; x_wconf 74' lang='grc' dir='ltr'>τῆς</span> <span class='ocrx_word' id='word_1_568' title='bbox 970 4685 1035 4739; x_wconf 73' lang='grc' dir='ltr'><strong>ἀλλὰ</strong></span> <span class='ocrx_word' id='word_1_569' title='bbox 1047 4686 1089 4740; x_wconf 77' lang='lat' dir='ltr'>thr</span> <span class='ocrx_word' id='word_1_570' title='bbox 1104 4686 1204 4758; x_wconf 75' lang='grc' dir='ltr'>ῥυθμὸν,</span> <span class='ocrx_word' id='word_1_571' title='bbox 1218 4686 1258 4739; x_wconf 74' lang='grc' dir='ltr'>καὶ</span> <span class='ocrx_word' id='word_1_572' title='bbox 1269 4685 1298 4738; x_wconf 75' lang='lat' dir='ltr'>eb</span> <span class='ocrx_word' id='word_1_573' title='bbox 1313 4685 1386 4757; x_wconf 80' lang='grc' dir='ltr'><strong>μέλος</strong></span> <span class='ocrx_word' id='word_1_574' title='bbox 1400 4687 1589 4758; x_wconf 74' lang='grc' dir='ltr'>παρερχόμενοι,</span> <span class='ocrx_word' id='word_1_575' title='bbox 1604 4684 1696 4758; x_wconf 63' lang='grc' dir='ltr'>ἀμαθίᾳ</span> <span class='ocrx_word' id='word_1_576' title='bbox 1707 4686 1747 4756; x_wconf 69' lang='grc' dir='ltr'>βύ-</span> 
     </span>
    </p>
   </div>
   <div class='ocr_carea' id='block_1_6' title="bbox 133 4763 1178 4851">
    <p class='ocr_par' dir='ltr' id='par_1_7' title="bbox 133 4763 1178 4851">
     <span class='ocr_line' id='line_1_50' title="bbox 133 4763 1178 4851; baseline -0.002 -26"><span class='ocrx_word' id='word_1_577' title='bbox 133 4771 292 4835; x_wconf 51' lang='lat' dir='ltr'>&amp;mimine</span> <span class='ocrx_word' id='word_1_578' title='bbox 309 4771 425 4846; x_wconf 60' lang='grc' dir='ltr'>ἔλέγρως</span> <span class='ocrx_word' id='word_1_579' title='bbox 437 4774 631 4847; x_wconf 73' lang='grc' dir='ltr'>διαδιδράσκοιοι.</span> <span class='ocrx_word' id='word_1_580' title='bbox 971 4788 1054 4833; x_wconf 85' lang='grc' dir='ltr'>σαντες</span> <span class='ocrx_word' id='word_1_581' title='bbox 1067 4769 1097 4823; x_wconf 74' lang='grc' dir='ltr'>τὰ</span> <span class='ocrx_word' id='word_1_582' title='bbox 1116 4763 1178 4851; x_wconf 69' lang='grc' dir='ltr'><strong>ὦτα.</strong></span> 
     </span>
    </p>
   </div>
   <div class='ocr_carea' id='block_1_7' title="bbox 135 4916 1750 5178">
    <p class='ocr_par' dir='ltr' id='par_1_8' title="bbox 135 4916 1750 5178">
     <span class='ocr_line' id='line_1_51' title="bbox 169 4916 1748 5020; baseline -0.001 -21"><span class='ocrx_word' id='word_1_583' title='bbox 169 4916 299 5001; x_wconf 40' lang='lat' dir='ltr'>&#39;&#39;flomtd</span> <span class='ocrx_word' id='word_1_584' title='bbox 324 4951 396 5003; x_wconf 84' lang='lat' dir='ltr'>instar</span> <span class='ocrx_word' id='word_1_585' title='bbox 417 4950 483 5002; x_wconf 86' lang='lat' dir='ltr'>nobis</span> <span class='ocrx_word' id='word_1_586' title='bbox 504 4951 579 5002; x_wconf 76' lang='lat' dir='ltr'>usum</span> <span class='ocrx_word' id='word_1_587' title='bbox 594 4964 686 5018; x_wconf 83' lang='lat' dir='ltr'>semper</span> <span class='ocrx_word' id='word_1_588' title='bbox 711 4959 756 5016; x_wconf 86' lang='lat' dir='ltr'>est,</span> <span class='ocrx_word' id='word_1_589' title='bbox 771 4953 867 5020; x_wconf 86' lang='lat' dir='ltr'>reperiri</span> <span class='ocrx_word' id='word_1_590' title='bbox 880 4954 921 5006; x_wconf 85' lang='lat' dir='ltr'>nli-</span> <span class='ocrx_word' id='word_1_591' title='bbox 971 4953 1043 5005; x_wconf 81' lang='lat' dir='ltr'>torma</span> <span class='ocrx_word' id='word_1_592' title='bbox 1056 4948 1382 5017; x_wconf 73' lang='lat' dir='ltr'>perfectionis3eoncedenus</span> <span class='ocrx_word' id='word_1_593' title='bbox 1395 4952 1496 5015; x_wconf 87' lang='lat' dir='ltr'>oportet,</span> <span class='ocrx_word' id='word_1_594' title='bbox 1517 4961 1570 5000; x_wconf 87' lang='lat' dir='ltr'>ern</span> <span class='ocrx_word' id='word_1_595' title='bbox 1584 4949 1693 4999; x_wconf 73' lang='lat' dir='ltr'>denunt</span> <span class='ocrx_word' id='word_1_596' title='bbox 1706 4961 1748 4998; x_wconf 89' lang='lat' dir='ltr'>nu·</span> 
     </span>
     <span class='ocr_line' id='line_1_52' title="bbox 135 5026 1750 5098; baseline -0.002 -18"><span class='ocrx_word' id='word_1_597' title='bbox 135 5041 208 5093; x_wconf 77' lang='lat' dir='ltr'>qnos</span> <span class='ocrx_word' id='word_1_598' title='bbox 224 5029 333 5094; x_wconf 71' lang='lat' dir='ltr'>mnan,</span> <span class='ocrx_word' id='word_1_599' title='bbox 349 5031 388 5095; x_wconf 81' lang='lat' dir='ltr'>qni</span> <span class='ocrx_word' id='word_1_600' title='bbox 399 5031 428 5082; x_wconf 82' lang='lat' dir='ltr'>ab</span> <span class='ocrx_word' id='word_1_601' title='bbox 442 5032 486 5083; x_wconf 86' lang='lat' dir='ltr'>boe</span> <span class='ocrx_word' id='word_1_602' title='bbox 502 5031 686 5098; x_wconf 69' lang='lat' dir='ltr'>synesiijudieio</span> <span class='ocrx_word' id='word_1_603' title='bbox 699 5033 854 5086; x_wconf 85' lang='lat' dir='ltr'>discederent.</span> <span class='ocrx_word' id='word_1_604' title='bbox 872 5032 920 5085; x_wconf 86' lang='lat' dir='ltr'>Nisi</span> <span class='ocrx_word' id='word_1_605' title='bbox 973 5031 1043 5084; x_wconf 87' lang='lat' dir='ltr'>meris</span> <span class='ocrx_word' id='word_1_606' title='bbox 1061 5030 1167 5083; x_wconf 85' lang='lat' dir='ltr'>omuibus</span> <span class='ocrx_word' id='word_1_607' title='bbox 1190 5029 1319 5080; x_wconf 80' lang='lat' dir='ltr'>absolutum</span> <span class='ocrx_word' id='word_1_608' title='bbox 1344 5030 1477 5095; x_wconf 69' lang='lat' dir='ltr'>theologum</span> <span class='ocrx_word' id='word_1_609' title='bbox 1500 5026 1589 5078; x_wconf 80' lang='lat' dir='ltr'>censen</span> <span class='ocrx_word' id='word_1_610' title='bbox 1610 5040 1689 5092; x_wconf 78' lang='lat' dir='ltr'>posse.</span> <span class='ocrx_word' id='word_1_611' title='bbox 1709 5029 1750 5091; x_wconf 84' lang='lat' dir='ltr'>qui</span> 
     </span>
     <span class='ocr_line' id='line_1_53' title="bbox 137 5105 1747 5178; baseline 0.001 -21"><span class='ocrx_word' id='word_1_612' title='bbox 137 5107 207 5158; x_wconf 77' lang='lat' dir='ltr'>enin</span> <span class='ocrx_word' id='word_1_613' title='bbox 225 5107 325 5159; x_wconf 70' lang='lat' dir='ltr'>turdus</span> <span class='ocrx_word' id='word_1_614' title='bbox 342 5122 387 5160; x_wconf 88' lang='lat' dir='ltr'>nos</span> <span class='ocrx_word' id='word_1_615' title='bbox 400 5109 470 5161; x_wconf 82' lang='lat' dir='ltr'>latest</span> <span class='ocrx_word' id='word_1_616' title='bbox 484 5115 525 5161; x_wconf 80' lang='lat' dir='ltr'>eut</span> <span class='ocrx_word' id='word_1_617' title='bbox 537 5123 605 5175; x_wconf 81' lang='lat' dir='ltr'>quun</span> <span class='ocrx_word' id='word_1_618' title='bbox 621 5112 726 5177; x_wconf 79' lang='lat' dir='ltr'>ampliter</span> <span class='ocrx_word' id='word_1_619' title='bbox 750 5126 776 5163; x_wconf 86' lang='lat' dir='ltr'>se</span> <span class='ocrx_word' id='word_1_620' title='bbox 798 5112 922 5178; x_wconf 76' lang='lat' dir='ltr'>profundet</span> <span class='ocrx_word' id='word_1_621' title='bbox 972 5110 1095 5165; x_wconf 80' lang='lat' dir='ltr'>excellenti</span> <span class='ocrx_word' id='word_1_622' title='bbox 1105 5109 1202 5175; x_wconf 81' lang='lat' dir='ltr'>quadan</span> <span class='ocrx_word' id='word_1_623' title='bbox 1220 5108 1329 5161; x_wconf 83' lang='lat' dir='ltr'>doctrine</span> <span class='ocrx_word' id='word_1_624' title='bbox 1347 5108 1412 5174; x_wconf 82' lang='lat' dir='ltr'>copie</span> <span class='ocrx_word' id='word_1_625' title='bbox 1429 5105 1566 5171; x_wconf 85' lang='lat' dir='ltr'>dicendique</span> <span class='ocrx_word' id='word_1_626' title='bbox 1581 5106 1687 5159; x_wconf 68' lang='lat' dir='ltr'>uberim</span> <span class='ocrx_word' id='word_1_627' title='bbox 1704 5119 1747 5159; x_wconf 82' lang='lat' dir='ltr'>ec·</span> 
     </span>
    </p>
   </div>
   <div class='ocr_carea' id='block_1_8' title="bbox 140 5186 1205 5259">
    <p class='ocr_par' dir='ltr' id='par_1_9' title="bbox 140 5186 1205 5259">
     <span class='ocr_line' id='line_1_54' title="bbox 140 5186 1205 5259; baseline -0.004 -18"><span class='ocrx_word' id='word_1_628' title='bbox 140 5186 281 5250; x_wconf 65' lang='lat' dir='ltr'>theutones</span> <span class='ocrx_word' id='word_1_629' title='bbox 289 5187 417 5255; x_wconf 76' lang='lat' dir='ltr'>dbdphna,</span> <span class='ocrx_word' id='word_1_630' title='bbox 425 5193 465 5240; x_wconf 85' lang='lat' dir='ltr'>aut</span> <span class='ocrx_word' id='word_1_631' title='bbox 478 5202 528 5255; x_wconf 83' lang='lat' dir='ltr'>que</span> <span class='ocrx_word' id='word_1_632' title='bbox 543 5189 574 5243; x_wconf 85' lang='lat' dir='ltr'>sit</span> <span class='ocrx_word' id='word_1_633' title='bbox 585 5202 641 5245; x_wconf 79' lang='lat' dir='ltr'>verr</span> <span class='ocrx_word' id='word_1_634' title='bbox 654 5191 752 5256; x_wconf 71' lang='lat' dir='ltr'>meotes,</span> <span class='ocrx_word' id='word_1_635' title='bbox 767 5205 921 5259; x_wconf 73' lang='lat' dir='ltr'>germanaque</span> <span class='ocrx_word' id='word_1_636' title='bbox 972 5194 1117 5244; x_wconf 87' lang='lat' dir='ltr'>honestetur.</span> <span class='ocrx_word' id='word_1_637' title='bbox 1129 5189 1159 5240; x_wconf 82' lang='grc' dir='ltr'>Ε.</span> <span class='ocrx_word' id='word_1_638' title='bbox 1173 5188 1205 5238; x_wconf 81' lang='lat' dir='ltr'>s.</span> 
     </span>
    </p>
   </div>
   <div class='ocr_carea' id='block_1_9' title="bbox 167 5360 834 5523">
    <p class='ocr_par' dir='ltr' id='par_1_10' title="bbox 167 5360 834 5523">
     <span class='ocr_line' id='line_1_55' title="bbox 167 5360 834 5420; baseline 0.009 -17"><span class='ocrx_word' id='word_1_639' title='bbox 167 5367 178 5409; x_wconf 75' lang='lat' dir='ltr'>t</span> <span class='ocrx_word' id='word_1_640' title='bbox 194 5360 248 5407; x_wconf 67' lang='lat' dir='ltr'>lat.</span> <span class='ocrx_word' id='word_1_641' title='bbox 265 5360 399 5411; x_wconf 70' lang='lat' dir='ltr'>itidemst.</span> <span class='ocrx_word' id='word_1_642' title='bbox 418 5363 495 5409; x_wconf 79' lang='lat' dir='ltr'>christ.</span> <span class='ocrx_word' id='word_1_643' title='bbox 511 5374 534 5408; x_wconf 84' lang='lat' dir='ltr'>c.</span> <span class='ocrx_word' id='word_1_644' title='bbox 547 5373 584 5413; x_wconf 82' lang='lat' dir='ltr'>xi.</span> <span class='ocrx_word' id='word_1_645' title='bbox 601 5385 626 5398; x_wconf 89' lang='lat'><em>-</em></span> <span class='ocrx_word' id='word_1_646' title='bbox 639 5365 655 5413; x_wconf 82' lang='lat'>2</span> <span class='ocrx_word' id='word_1_647' title='bbox 669 5363 718 5411; x_wconf 80' lang='lat' dir='ltr'>Lib.</span> <span class='ocrx_word' id='word_1_648' title='bbox 732 5364 762 5420; x_wconf 88' lang='lat' dir='ltr'>V,</span> <span class='ocrx_word' id='word_1_649' title='bbox 775 5378 799 5414; x_wconf 84' lang='lat' dir='ltr'>e.</span> <span class='ocrx_word' id='word_1_650' title='bbox 815 5378 834 5413; x_wconf 89' lang='lat' dir='ltr'>r.</span> 
     </span>
     <span class='ocr_line' id='line_1_56' title="bbox 403 5469 523 5523; baseline -0.017 -1"><span class='ocrx_word' id='word_1_651' title='bbox 403 5469 486 5523; x_wconf 75' lang='lat' dir='ltr'>&#39;iones</span> <span class='ocrx_word' id='word_1_652' title='bbox 503 5470 523 5522; x_wconf 91' lang='grc' dir='ltr'>Ι.</span> 
     </span>
    </p>
   </div>
   <div class='ocr_carea' id='block_1_10' title="bbox 0 0 2080 6180">
    <p class='ocr_par' dir='ltr' id='par_1_11' title="bbox 0 0 2080 6180">
     <span class='ocr_line' id='line_1_57' title="bbox 0 0 2080 6180; baseline 0 0"><span class='ocrx_word' id='word_1_653' title='bbox 0 0 2080 6180; x_wconf 95' lang='lat' dir='ltr'> </span> 
     </span>
    </p>
   </div>
  </div>
 </body>
</html>
