<?xml version="1.0" encoding="UTF-8"?>
<!DOCTYPE html PUBLIC "-//W3C//DTD XHTML 1.0 Transitional//EN"
    "http://www.w3.org/TR/xhtml1/DTD/xhtml1-transitional.dtd">
<html xmlns="http://www.w3.org/1999/xhtml" xml:lang="en" lang="en">
 <head>
  <title>
</title>
<meta http-equiv="Content-Type" content="text/html;charset=utf-8" />
  <meta name='ocr-system' content='tesseract 3.04.00' />
  <meta name='ocr-capabilities' content='ocr_page ocr_carea ocr_par ocr_line ocrx_word'/>
</head>
<body>
  <div class='ocr_page' id='page_1' title='image "./dogmatatheologi01goog/dogmatatheologi01goog_0324.png"; bbox 0 0 3952 6170; ppageno 0'>
   <div class='ocr_carea' id='block_1_1' title="bbox 366 265 1681 352">
    <p class='ocr_par' dir='ltr' id='par_1_1' title="bbox 366 265 1681 352">
     <span class='ocr_line' id='line_1_1' title="bbox 366 265 1681 352; baseline 0.013 -25"><span class='ocrx_word' id='word_1_1' title='bbox 366 266 416 327; x_wconf 83' lang='lat' dir='ltr'>DE</span> <span class='ocrx_word' id='word_1_2' title='bbox 436 265 510 328; x_wconf 83' lang='grc' dir='ltr'>11Εο</span> <span class='ocrx_word' id='word_1_3' title='bbox 532 267 676 342; x_wconf 83' lang='lat' dir='ltr'><strong>DEIQUE</strong></span> <span class='ocrx_word' id='word_1_4' title='bbox 695 269 1042 347; x_wconf 82' lang='lat' dir='ltr'>PROPRIETATIBUS,</span> <span class='ocrx_word' id='word_1_5' title='bbox 1064 274 1137 335; x_wconf 88' lang='lat' dir='ltr'>LlB.</span> <span class='ocrx_word' id='word_1_6' title='bbox 1162 275 1218 352; x_wconf 85' lang='lat'>111,</span> <span class='ocrx_word' id='word_1_7' title='bbox 1241 277 1324 337; x_wconf 82' lang='lat' dir='ltr'><strong>CAP.</strong></span> <span class='ocrx_word' id='word_1_8' title='bbox 1348 278 1400 338; x_wconf 88' lang='lat' dir='ltr'>IV.</span> <span class='ocrx_word' id='word_1_9' title='bbox 1621 284 1681 345; x_wconf 73' lang='grc'>985</span> 
     </span>
    </p>
   </div>
   <div class='ocr_carea' id='block_1_2' title="bbox 93 425 1686 4665">
    <p class='ocr_par' dir='ltr' id='par_1_2' title="bbox 93 425 1686 3466">
     <span class='ocr_line' id='line_1_2' title="bbox 95 425 1681 512; baseline 0.014 -23"><span class='ocrx_word' id='word_1_10' title='bbox 95 435 217 509; x_wconf 75' lang='lat' dir='ltr'>unoque</span> <span class='ocrx_word' id='word_1_11' title='bbox 243 428 376 492; x_wconf 88' lang='lat' dir='ltr'>invicem</span> <span class='ocrx_word' id='word_1_12' title='bbox 400 430 457 492; x_wconf 88' lang='lat' dir='ltr'>sibi</span> <span class='ocrx_word' id='word_1_13' title='bbox 485 436 516 492; x_wconf 91' lang='lat' dir='ltr'>et</span> <span class='ocrx_word' id='word_1_14' title='bbox 542 432 576 492; x_wconf 91' lang='lat' dir='ltr'>in</span> <span class='ocrx_word' id='word_1_15' title='bbox 604 451 637 494; x_wconf 86' lang='lat' dir='ltr'>se</span> <span class='ocrx_word' id='word_1_16' title='bbox 664 435 856 498; x_wconf 86' lang='lat' dir='ltr'>connexione</span> <span class='ocrx_word' id='word_1_17' title='bbox 906 425 975 486; x_wconf 67' lang='lat' dir='ltr'>idffl</span> <span class='ocrx_word' id='word_1_18' title='bbox 996 426 1180 489; x_wconf 66' lang='lat' dir='ltr'>ifflm0tlflli³</span> <span class='ocrx_word' id='word_1_19' title='bbox 1205 428 1288 490; x_wconf 67' lang='grc'><strong>801113</strong></span> <span class='ocrx_word' id='word_1_20' title='bbox 1315 435 1361 491; x_wconf 63' lang='lat' dir='ltr'>est</span> <span class='ocrx_word' id='word_1_21' title='bbox 1387 431 1681 512; x_wconf 64' lang='grc'><strong>119113111111801115</strong></span> 
     </span>
     <span class='ocr_line' id='line_1_3' title="bbox 95 517 1682 606; baseline 0.009 -33"><span class='ocrx_word' id='word_1_22' title='bbox 95 526 195 582; x_wconf 74' lang='lat' dir='ltr'>mutus</span> <span class='ocrx_word' id='word_1_23' title='bbox 205 522 362 602; x_wconf 71' lang='lat' dir='ltr'>perplexa,</span> <span class='ocrx_word' id='word_1_24' title='bbox 383 529 414 583; x_wconf 73' lang='lat' dir='ltr'>st</span> <span class='ocrx_word' id='word_1_25' title='bbox 427 524 466 584; x_wconf 76' lang='lat' dir='ltr'>ad</span> <span class='ocrx_word' id='word_1_26' title='bbox 485 529 600 585; x_wconf 75' lang='lat' dir='ltr'>statum</span> <span class='ocrx_word' id='word_1_27' title='bbox 615 528 792 589; x_wconf 66' lang='lat' dir='ltr'>oeternjtatjg</span> <span class='ocrx_word' id='word_1_28' title='bbox 810 529 855 590; x_wconf 68' lang='lat' dir='ltr'>vi.</span> <span class='ocrx_word' id='word_1_29' title='bbox 905 517 1108 580; x_wconf 89' lang='lat' dir='ltr'>immutahilis</span> <span class='ocrx_word' id='word_1_30' title='bbox 1125 525 1182 582; x_wconf 90' lang='lat' dir='ltr'>est.</span> <span class='ocrx_word' id='word_1_31' title='bbox 1209 543 1225 579; x_wconf 84' lang='lat' dir='ltr'>a</span> <span class='ocrx_word' id='word_1_32' title='bbox 1241 523 1322 582; x_wconf 85' lang='lat' dir='ltr'>Vera</span> <span class='ocrx_word' id='word_1_33' title='bbox 1349 541 1485 604; x_wconf 91' lang='lat' dir='ltr'>namque</span> <span class='ocrx_word' id='word_1_34' title='bbox 1510 531 1541 585; x_wconf 89' lang='grc' dir='ltr'>θῖ</span> <span class='ocrx_word' id='word_1_35' title='bbox 1560 526 1682 606; x_wconf 78' lang='lat' dir='ltr'>integra</span> 
     </span>
     <span class='ocr_line' id='line_1_4' title="bbox 94 610 1682 696; baseline 0.007 -27"><span class='ocrx_word' id='word_1_36' title='bbox 94 614 166 675; x_wconf 70' lang='lat' dir='ltr'>cama</span> <span class='ocrx_word' id='word_1_37' title='bbox 190 616 440 677; x_wconf 77' lang='lat' dir='ltr'>concatenatione</span> <span class='ocrx_word' id='word_1_38' title='bbox 460 618 626 696; x_wconf 68' lang='lat' dir='ltr'>producta,</span> <span class='ocrx_word' id='word_1_39' title='bbox 648 625 679 679; x_wconf 79' lang='lat' dir='ltr'>et</span> <span class='ocrx_word' id='word_1_40' title='bbox 695 620 856 682; x_wconf 73' lang='lat' dir='ltr'>immorta-</span> <span class='ocrx_word' id='word_1_41' title='bbox 904 610 1129 689; x_wconf 80' lang='lat' dir='ltr'>immortalitas,</span> <span class='ocrx_word' id='word_1_42' title='bbox 1141 635 1157 670; x_wconf 81' lang='grc' dir='ltr'>ν)</span> <span class='ocrx_word' id='word_1_43' title='bbox 1185 618 1222 673; x_wconf 86' lang='lat' dir='ltr'>ut</span> <span class='ocrx_word' id='word_1_44' title='bbox 1235 615 1383 677; x_wconf 81' lang='lat' dir='ltr'>Bernardi</span> <span class='ocrx_word' id='word_1_45' title='bbox 1404 616 1506 677; x_wconf 82' lang='lat' dir='ltr'>verbis</span> <span class='ocrx_word' id='word_1_46' title='bbox 1530 624 1601 679; x_wconf 76' lang='lat' dir='ltr'>utar</span> <span class='ocrx_word' id='word_1_47' title='bbox 1621 637 1682 680; x_wconf 84' lang='lat' dir='ltr'>set·-</span> 
     </span>
     <span class='ocr_line' id='line_1_5' title="bbox 93 704 1680 791; baseline 0.009 -33"><span class='ocrx_word' id='word_1_48' title='bbox 93 705 170 766; x_wconf 74' lang='lat' dir='ltr'>litute</span> <span class='ocrx_word' id='word_1_49' title='bbox 182 707 220 766; x_wconf 72' lang='lat' dir='ltr'>ds</span> <span class='ocrx_word' id='word_1_50' title='bbox 233 707 466 788; x_wconf 64' lang='lat' dir='ltr'>incorruptione</span> <span class='ocrx_word' id='word_1_51' title='bbox 477 710 694 787; x_wconf 58' lang='lat' dir='ltr'>descendente,</span> <span class='ocrx_word' id='word_1_52' title='bbox 714 718 746 773; x_wconf 66' lang='lat' dir='ltr'>et</span> <span class='ocrx_word' id='word_1_53' title='bbox 758 714 858 774; x_wconf 67' lang='lat' dir='ltr'>mfflr.</span> <span class='ocrx_word' id='word_1_54' title='bbox 906 721 1000 765; x_wconf 90' lang='lat' dir='ltr'>mone</span> <span class='ocrx_word' id='word_1_55' title='bbox 1012 722 1094 766; x_wconf 80' lang='lat' dir='ltr'>rxxxr</span> <span class='ocrx_word' id='word_1_56' title='bbox 1105 706 1140 766; x_wconf 92' lang='lat' dir='ltr'>in</span> <span class='ocrx_word' id='word_1_57' title='bbox 1154 704 1289 783; x_wconf 77' lang='lat' dir='ltr'>Cantica,</span> <span class='ocrx_word' id='word_1_58' title='bbox 1310 713 1397 769; x_wconf 83' lang='lat' dir='ltr'>«tam</span> <span class='ocrx_word' id='word_1_59' title='bbox 1413 727 1477 768; x_wconf 86' lang='lat' dir='ltr'>non</span> <span class='ocrx_word' id='word_1_60' title='bbox 1488 711 1597 791; x_wconf 79' lang='lat' dir='ltr'>recipit</span> <span class='ocrx_word' id='word_1_61' title='bbox 1610 731 1680 773; x_wconf 92' lang='lat' dir='ltr'>mu-</span> 
     </span>
     <span class='ocr_line' id='line_1_6' title="bbox 94 797 1683 880; baseline 0.006 -21"><span class='ocrx_word' id='word_1_62' title='bbox 94 798 226 879; x_wconf 87' lang='lat' dir='ltr'>rnptione</span> <span class='ocrx_word' id='word_1_63' title='bbox 239 800 279 860; x_wconf 92' lang='lat' dir='ltr'>de</span> <span class='ocrx_word' id='word_1_64' title='bbox 297 801 529 864; x_wconf 86' lang='lat' dir='ltr'>immortalitate</span> <span class='ocrx_word' id='word_1_65' title='bbox 546 803 746 865; x_wconf 89' lang='lat' dir='ltr'>veniente¹.»</span> <span class='ocrx_word' id='word_1_66' title='bbox 764 806 858 867; x_wconf 92' lang='lat' dir='ltr'>Nimi-</span> <span class='ocrx_word' id='word_1_67' title='bbox 905 797 1056 858; x_wconf 61' lang='grc'><strong>1311011611</strong></span> <span class='ocrx_word' id='word_1_68' title='bbox 1075 816 1170 876; x_wconf 72' lang='lat' dir='ltr'>quam</span> <span class='ocrx_word' id='word_1_69' title='bbox 1185 817 1243 860; x_wconf 75' lang='lat' dir='ltr'>nec</span> <span class='ocrx_word' id='word_1_70' title='bbox 1260 799 1368 875; x_wconf 74' lang='lat' dir='ltr'>finem,</span> <span class='ocrx_word' id='word_1_71' title='bbox 1389 802 1473 880; x_wconf 81' lang='lat' dir='ltr'>quod</span> <span class='ocrx_word' id='word_1_72' title='bbox 1494 803 1596 863; x_wconf 83' lang='lat' dir='ltr'>omnis</span> <span class='ocrx_word' id='word_1_73' title='bbox 1614 823 1683 865; x_wconf 89' lang='lat' dir='ltr'>mu-</span> 
     </span>
     <span class='ocr_line' id='line_1_7' title="bbox 95 889 1682 977; baseline 0.007 -25"><span class='ocrx_word' id='word_1_74' title='bbox 95 894 323 973; x_wconf 87' lang='lat' dir='ltr'>rumoorruptio</span> <span class='ocrx_word' id='word_1_75' title='bbox 344 893 394 955; x_wconf 93' lang='lat' dir='ltr'>via</span> <span class='ocrx_word' id='word_1_76' title='bbox 407 895 551 974; x_wconf 72' lang='lat' dir='ltr'>quedam</span> <span class='ocrx_word' id='word_1_77' title='bbox 572 902 618 957; x_wconf 89' lang='lat' dir='ltr'>est</span> <span class='ocrx_word' id='word_1_78' title='bbox 640 902 671 958; x_wconf 90' lang='lat' dir='ltr'>et</span> <span class='ocrx_word' id='word_1_79' title='bbox 684 899 857 977; x_wconf 79' lang='lat' dir='ltr'>progressio</span> <span class='ocrx_word' id='word_1_80' title='bbox 906 889 981 948; x_wconf 72' lang='grc'><strong>13110</strong></span> <span class='ocrx_word' id='word_1_81' title='bbox 1016 892 1159 969; x_wconf 69' lang='lat' dir='ltr'>qllaedam</span> <span class='ocrx_word' id='word_1_82' title='bbox 1193 891 1302 952; x_wconf 72' lang='lat' dir='ltr'>mortis</span> <span class='ocrx_word' id='word_1_83' title='bbox 1335 893 1466 955; x_wconf 72' lang='lat' dir='ltr'>imitatio</span> <span class='ocrx_word' id='word_1_84' title='bbox 1494 896 1543 956; x_wconf 78' lang='lat' dir='ltr'>sit·</span> <span class='ocrx_word' id='word_1_85' title='bbox 1583 897 1682 959; x_wconf 81' lang='lat' dir='ltr'>Omne</span> 
     </span>
     <span class='ocr_line' id='line_1_8' title="bbox 95 983 1682 1070; baseline 0.006 -26"><span class='ocrx_word' id='word_1_86' title='bbox 95 984 129 1045; x_wconf 87' lang='lat' dir='ltr'>ad</span> <span class='ocrx_word' id='word_1_87' title='bbox 140 990 268 1046; x_wconf 87' lang='lat' dir='ltr'>mortem</span> <span class='ocrx_word' id='word_1_88' title='bbox 285 1005 292 1045; x_wconf 76' lang='grc' dir='ltr'><strong>ε</strong></span> <span class='ocrx_word' id='word_1_89' title='bbox 309 987 394 1066; x_wconf 87' lang='lat' dir='ltr'>quod</span> <span class='ocrx_word' id='word_1_90' title='bbox 414 988 499 1048; x_wconf 90' lang='lat' dir='ltr'>enim</span> <span class='ocrx_word' id='word_1_91' title='bbox 520 989 739 1070; x_wconf 77' lang='lat' dir='ltr'>corrumpitur,</span> <span class='ocrx_word' id='word_1_92' title='bbox 759 992 858 1052; x_wconf 87' lang='lat' dir='ltr'>tendit</span> <span class='ocrx_word' id='word_1_93' title='bbox 907 983 1022 1043; x_wconf 70' lang='lat' dir='ltr'>etenim</span> <span class='ocrx_word' id='word_1_94' title='bbox 1038 985 1121 1063; x_wconf 74' lang='lat' dir='ltr'>quod</span> <span class='ocrx_word' id='word_1_95' title='bbox 1139 989 1289 1062; x_wconf 60' lang='lat' dir='ltr'>multitu,</span> <span class='ocrx_word' id='word_1_96' title='bbox 1311 986 1387 1047; x_wconf 84' lang='lat' dir='ltr'>dum</span> <span class='ocrx_word' id='word_1_97' title='bbox 1406 988 1444 1048; x_wconf 81' lang='lat' dir='ltr'>de</span> <span class='ocrx_word' id='word_1_98' title='bbox 1465 989 1582 1049; x_wconf 72' lang='grc'><strong>11110111</strong></span> <span class='ocrx_word' id='word_1_99' title='bbox 1597 990 1682 1051; x_wconf 79' lang='lat' dir='ltr'>aliud</span> 
     </span>
     <span class='ocr_line' id='line_1_9' title="bbox 94 1074 1681 1163; baseline 0.008 -32"><span class='ocrx_word' id='word_1_100' title='bbox 94 1076 128 1136; x_wconf 82' lang='lat' dir='ltr'>ad</span> <span class='ocrx_word' id='word_1_101' title='bbox 154 1076 312 1138; x_wconf 71' lang='lat' dir='ltr'>interitum</span> <span class='ocrx_word' id='word_1_102' title='bbox 344 1079 627 1160; x_wconf 71' lang='lat' dir='ltr'>extinufionemque</span> <span class='ocrx_word' id='word_1_103' title='bbox 656 1083 714 1142; x_wconf 80' lang='lat' dir='ltr'>sui,</span> <span class='ocrx_word' id='word_1_104' title='bbox 751 1083 858 1163; x_wconf 65' lang='lat' dir='ltr'>Neque</span> <span class='ocrx_word' id='word_1_105' title='bbox 906 1074 1016 1135; x_wconf 80' lang='lat' dir='ltr'>transit</span> <span class='ocrx_word' id='word_1_106' title='bbox 1039 1093 1121 1153; x_wconf 88' lang='lat' dir='ltr'>esse,</span> <span class='ocrx_word' id='word_1_107' title='bbox 1144 1078 1374 1157; x_wconf 82' lang='lat' dir='ltr'>quodammodo</span> <span class='ocrx_word' id='word_1_108' title='bbox 1395 1099 1517 1142; x_wconf 89' lang='lat' dir='ltr'>necesse</span> <span class='ocrx_word' id='word_1_109' title='bbox 1545 1087 1591 1143; x_wconf 88' lang='lat' dir='ltr'>est</span> <span class='ocrx_word' id='word_1_110' title='bbox 1613 1101 1681 1144; x_wconf 92' lang='lat' dir='ltr'>mo·</span> 
     </span>
     <span class='ocr_line' id='line_1_10' title="bbox 94 1166 1683 1254; baseline 0.008 -30"><span class='ocrx_word' id='word_1_111' title='bbox 94 1172 186 1229; x_wconf 72' lang='lat' dir='ltr'>umen</span> <span class='ocrx_word' id='word_1_112' title='bbox 211 1170 360 1249; x_wconf 79' lang='lat' dir='ltr'>distingui</span> <span class='ocrx_word' id='word_1_113' title='bbox 381 1171 550 1233; x_wconf 77' lang='lat' dir='ltr'><strong>admodum</strong></span> <span class='ocrx_word' id='word_1_114' title='bbox 574 1173 634 1233; x_wconf 74' lang='lat' dir='ltr'>istu</span> <span class='ocrx_word' id='word_1_115' title='bbox 653 1192 775 1235; x_wconf 70' lang='lat' dir='ltr'>necessu</span> <span class='ocrx_word' id='word_1_116' title='bbox 799 1181 855 1236; x_wconf 68' lang='lat' dir='ltr'>est,</span> <span class='ocrx_word' id='word_1_117' title='bbox 906 1166 1004 1227; x_wconf 90' lang='lat' dir='ltr'>riatur</span> <span class='ocrx_word' id='word_1_118' title='bbox 1023 1170 1107 1248; x_wconf 88' lang='lat' dir='ltr'>quod</span> <span class='ocrx_word' id='word_1_119' title='bbox 1127 1176 1184 1247; x_wconf 87' lang='lat' dir='ltr'>est,</span> <span class='ocrx_word' id='word_1_120' title='bbox 1208 1170 1262 1230; x_wconf 88' lang='lat' dir='ltr'>ubi</span> <span class='ocrx_word' id='word_1_121' title='bbox 1281 1189 1345 1233; x_wconf 88' lang='lat' dir='ltr'>esse</span> <span class='ocrx_word' id='word_1_122' title='bbox 1365 1173 1493 1253; x_wconf 87' lang='lat' dir='ltr'>incipiat</span> <span class='ocrx_word' id='word_1_123' title='bbox 1512 1175 1596 1254; x_wconf 88' lang='lat' dir='ltr'>quod</span> <span class='ocrx_word' id='word_1_124' title='bbox 1617 1194 1683 1235; x_wconf 91' lang='lat' dir='ltr'>non</span> 
     </span>
     <span class='ocr_line' id='line_1_11' title="bbox 95 1259 1683 1343; baseline 0.007 -26"><span class='ocrx_word' id='word_1_125' title='bbox 95 1259 163 1320; x_wconf 87' lang='lat' dir='ltr'>Nam</span> <span class='ocrx_word' id='word_1_126' title='bbox 176 1264 205 1321; x_wconf 86' lang='lat' dir='ltr'>et</span> <span class='ocrx_word' id='word_1_127' title='bbox 217 1263 299 1323; x_wconf 87' lang='lat' dir='ltr'>mori</span> <span class='ocrx_word' id='word_1_128' title='bbox 312 1263 416 1342; x_wconf 88' lang='lat' dir='ltr'>ipsum</span> <span class='ocrx_word' id='word_1_129' title='bbox 437 1263 488 1323; x_wconf 82' lang='lat' dir='ltr'>via</span> <span class='ocrx_word' id='word_1_130' title='bbox 506 1268 553 1325; x_wconf 79' lang='lat' dir='ltr'>est</span> <span class='ocrx_word' id='word_1_131' title='bbox 570 1266 610 1327; x_wconf 77' lang='lat' dir='ltr'>ad</span> <span class='ocrx_word' id='word_1_132' title='bbox 621 1272 766 1328; x_wconf 71' lang='lat' dir='ltr'>mortum,</span> <span class='ocrx_word' id='word_1_133' title='bbox 791 1268 857 1330; x_wconf 85' lang='lat' dir='ltr'>lm0</span> <span class='ocrx_word' id='word_1_134' title='bbox 907 1264 962 1319; x_wconf 92' lang='grc' dir='ltr'><strong>θεῖ.</strong></span> <span class='ocrx_word' id='word_1_135' title='bbox 978 1261 1066 1334; x_wconf 82' lang='lat' dir='ltr'>Quod</span> <span class='ocrx_word' id='word_1_136' title='bbox 1080 1261 1105 1321; x_wconf 93' lang='lat' dir='ltr'>si</span> <span class='ocrx_word' id='word_1_137' title='bbox 1122 1266 1169 1321; x_wconf 90' lang='lat' dir='ltr'>tot</span> <span class='ocrx_word' id='word_1_138' title='bbox 1188 1267 1303 1324; x_wconf 84' lang='lat' dir='ltr'>mortes</span> <span class='ocrx_word' id='word_1_139' title='bbox 1324 1270 1401 1343; x_wconf 88' lang='lat' dir='ltr'>quot</span> <span class='ocrx_word' id='word_1_140' title='bbox 1415 1267 1612 1342; x_wconf 88' lang='lat' dir='ltr'>mutationes,</span> <span class='ocrx_word' id='word_1_141' title='bbox 1629 1267 1683 1327; x_wconf 90' lang='lat' dir='ltr'>ubi</span> 
     </span>
     <span class='ocr_line' id='line_1_12' title="bbox 94 1351 1684 1435; baseline 0.008 -27"><span class='ocrx_word' id='word_1_142' title='bbox 94 1371 158 1414; x_wconf 80' lang='lat' dir='ltr'>aare</span> <span class='ocrx_word' id='word_1_143' title='bbox 169 1355 329 1434; x_wconf 82' lang='lat' dir='ltr'>morsipsu</span> <span class='ocrx_word' id='word_1_144' title='bbox 338 1356 507 1435; x_wconf 77' lang='lat' dir='ltr'>quamdam</span> <span class='ocrx_word' id='word_1_145' title='bbox 516 1356 855 1421; x_wconf 71' lang='lat' dir='ltr'>habetsuouessiuuem‚</span> <span class='ocrx_word' id='word_1_146' title='bbox 906 1351 1164 1414; x_wconf 80' lang='lat' dir='ltr'>immortalitastn</span> <span class='ocrx_word' id='word_1_147' title='bbox 1195 1354 1244 1414; x_wconf 91' lang='lat' dir='ltr'>Sic</span> <span class='ocrx_word' id='word_1_148' title='bbox 1272 1355 1461 1419; x_wconf 89' lang='lat' dir='ltr'>Novatianus</span> <span class='ocrx_word' id='word_1_149' title='bbox 1488 1359 1522 1418; x_wconf 89' lang='lat' dir='ltr'>in</span> <span class='ocrx_word' id='word_1_150' title='bbox 1546 1358 1626 1419; x_wconf 85' lang='lat' dir='ltr'>libro</span> <span class='ocrx_word' id='word_1_151' title='bbox 1649 1358 1684 1420; x_wconf 80' lang='lat' dir='ltr'>de</span> 
     </span>
     <span class='ocr_line' id='line_1_13' title="bbox 98 1443 1685 1528; baseline 0.014 -36"><span class='ocrx_word' id='word_1_152' title='bbox 98 1446 381 1519; x_wconf 58' lang='lat' dir='ltr'>«Quemadmodum</span> <span class='ocrx_word' id='word_1_153' title='bbox 409 1447 621 1528; x_wconf 63' lang='lat' dir='ltr'>clepsydram,</span> <span class='ocrx_word' id='word_1_154' title='bbox 651 1451 694 1512; x_wconf 73' lang='lat' dir='ltr'>uit</span> <span class='ocrx_word' id='word_1_155' title='bbox 721 1452 855 1528; x_wconf 67' lang='lat' dir='ltr'>Sensus,</span> <span class='ocrx_word' id='word_1_156' title='bbox 910 1443 1057 1507; x_wconf 81' lang='lat' dir='ltr'>Trinitcte</span> <span class='ocrx_word' id='word_1_157' title='bbox 1071 1464 1082 1506; x_wconf 93' lang='lat'>.·</span> <span class='ocrx_word' id='word_1_158' title='bbox 1099 1447 1182 1507; x_wconf 80' lang='lat' dir='ltr'>«Hic</span> <span class='ocrx_word' id='word_1_159' title='bbox 1202 1464 1325 1527; x_wconf 81' lang='lat' dir='ltr'>semper</span> <span class='ocrx_word' id='word_1_160' title='bbox 1346 1449 1394 1509; x_wconf 87' lang='lat' dir='ltr'>sui</span> <span class='ocrx_word' id='word_1_161' title='bbox 1413 1456 1459 1510; x_wconf 89' lang='lat' dir='ltr'>est</span> <span class='ocrx_word' id='word_1_162' title='bbox 1480 1451 1603 1527; x_wconf 89' lang='lat' dir='ltr'>similis,</span> <span class='ocrx_word' id='word_1_163' title='bbox 1626 1470 1685 1514; x_wconf 90' lang='lat' dir='ltr'>uec</span> 
     </span>
     <span class='ocr_line' id='line_1_14' title="bbox 94 1535 1682 1621; baseline 0.006 -26"><span class='ocrx_word' id='word_1_164' title='bbox 94 1535 208 1616; x_wconf 81' lang='lat' dir='ltr'>epistola</span> <span class='ocrx_word' id='word_1_165' title='bbox 232 1555 340 1615; x_wconf 70' lang='lat' dir='ltr'>mxvr,</span> <span class='ocrx_word' id='word_1_166' title='bbox 370 1558 434 1600; x_wconf 89' lang='lat' dir='ltr'>uon</span> <span class='ocrx_word' id='word_1_167' title='bbox 466 1548 641 1603; x_wconf 73' lang='lat' dir='ltr'>exuemum</span> <span class='ocrx_word' id='word_1_168' title='bbox 670 1543 858 1606; x_wconf 76' lang='lat' dir='ltr'>stillicidium</span> <span class='ocrx_word' id='word_1_169' title='bbox 907 1555 939 1598; x_wconf 88' lang='lat' dir='ltr'>se</span> <span class='ocrx_word' id='word_1_170' title='bbox 951 1538 1265 1619; x_wconf 84' lang='lat' dir='ltr'>unquaminaliquas</span> <span class='ocrx_word' id='word_1_171' title='bbox 1278 1540 1394 1601; x_wconf 88' lang='lat' dir='ltr'>formas</span> <span class='ocrx_word' id='word_1_172' title='bbox 1404 1543 1497 1603; x_wconf 90' lang='lat' dir='ltr'>vertit</span> <span class='ocrx_word' id='word_1_173' title='bbox 1508 1549 1562 1603; x_wconf 85' lang='lat' dir='ltr'>aut</span> <span class='ocrx_word' id='word_1_174' title='bbox 1570 1549 1682 1621; x_wconf 85' lang='lat' dir='ltr'>mutat,</span> 
     </span>
     <span class='ocr_line' id='line_1_15' title="bbox 95 1630 1683 1713; baseline 0.005 -23"><span class='ocrx_word' id='word_1_175' title='bbox 95 1630 238 1707; x_wconf 75' lang='lat' dir='ltr'>exhaurit,</span> <span class='ocrx_word' id='word_1_176' title='bbox 269 1633 325 1693; x_wconf 87' lang='lat' dir='ltr'>sed</span> <span class='ocrx_word' id='word_1_177' title='bbox 353 1633 504 1713; x_wconf 87' lang='lat' dir='ltr'>quidquid</span> <span class='ocrx_word' id='word_1_178' title='bbox 534 1639 606 1694; x_wconf 86' lang='lat' dir='ltr'>ante</span> <span class='ocrx_word' id='word_1_179' title='bbox 638 1635 782 1712; x_wconf 75' lang='lat' dir='ltr'>dessuxit3</span> <span class='ocrx_word' id='word_1_180' title='bbox 815 1639 859 1699; x_wconf 72' lang='lat' dir='ltr'>siu</span> <span class='ocrx_word' id='word_1_181' title='bbox 906 1649 947 1690; x_wconf 91' lang='lat' dir='ltr'>ne</span> <span class='ocrx_word' id='word_1_182' title='bbox 961 1649 1016 1711; x_wconf 89' lang='lat' dir='ltr'>per</span> <span class='ocrx_word' id='word_1_183' title='bbox 1028 1631 1280 1693; x_wconf 88' lang='lat' dir='ltr'>immutationem</span> <span class='ocrx_word' id='word_1_184' title='bbox 1297 1634 1391 1694; x_wconf 86' lang='lat' dir='ltr'>etiam</span> <span class='ocrx_word' id='word_1_185' title='bbox 1409 1636 1550 1697; x_wconf 81' lang='lat' dir='ltr'>mortalis</span> <span class='ocrx_word' id='word_1_186' title='bbox 1561 1654 1626 1698; x_wconf 92' lang='lat' dir='ltr'>esse</span> <span class='ocrx_word' id='word_1_187' title='bbox 1637 1638 1683 1697; x_wconf 89' lang='lat' dir='ltr'>vi-</span> 
     </span>
     <span class='ocr_line' id='line_1_16' title="bbox 95 1720 1684 1809; baseline 0.004 -25"><span class='ocrx_word' id='word_1_188' title='bbox 95 1720 191 1783; x_wconf 81' lang='lat' dir='ltr'>dtima</span> <span class='ocrx_word' id='word_1_189' title='bbox 213 1723 293 1784; x_wconf 90' lang='lat' dir='ltr'>hora</span> <span class='ocrx_word' id='word_1_190' title='bbox 315 1743 378 1806; x_wconf 87' lang='lat' dir='ltr'>qua</span> <span class='ocrx_word' id='word_1_191' title='bbox 405 1742 470 1787; x_wconf 83' lang='lat' dir='ltr'>esse</span> <span class='ocrx_word' id='word_1_192' title='bbox 495 1725 677 1804; x_wconf 82' lang='lat' dir='ltr'>desinimus,</span> <span class='ocrx_word' id='word_1_193' title='bbox 704 1747 770 1789; x_wconf 89' lang='lat' dir='ltr'>non</span> <span class='ocrx_word' id='word_1_194' title='bbox 793 1729 859 1791; x_wconf 77' lang='lat' dir='ltr'>sola</span> <span class='ocrx_word' id='word_1_195' title='bbox 907 1723 1027 1783; x_wconf 86' lang='lat' dir='ltr'>deatnr.</span> <span class='ocrx_word' id='word_1_196' title='bbox 1043 1725 1222 1785; x_wconf 82' lang='lat' dir='ltr'>immutatio</span> <span class='ocrx_word' id='word_1_197' title='bbox 1236 1725 1321 1786; x_wconf 88' lang='lat' dir='ltr'>enim</span> <span class='ocrx_word' id='word_1_198' title='bbox 1340 1729 1559 1806; x_wconf 79' lang='lat' dir='ltr'>conversionis,</span> <span class='ocrx_word' id='word_1_199' title='bbox 1582 1731 1684 1809; x_wconf 85' lang='lat' dir='ltr'>portio</span> 
     </span>
     <span class='ocr_line' id='line_1_17' title="bbox 95 1815 1683 1897; baseline 0.007 -24"><span class='ocrx_word' id='word_1_200' title='bbox 95 1820 213 1875; x_wconf 85' lang='lat' dir='ltr'>mortem</span> <span class='ocrx_word' id='word_1_201' title='bbox 229 1816 314 1893; x_wconf 83' lang='lat' dir='ltr'>facit,</span> <span class='ocrx_word' id='word_1_202' title='bbox 335 1817 390 1879; x_wconf 91' lang='lat' dir='ltr'>sed</span> <span class='ocrx_word' id='word_1_203' title='bbox 412 1818 728 1881; x_wconf 80' lang='lat' dir='ltr'>solaconsummat.»</span> <span class='ocrx_word' id='word_1_204' title='bbox 757 1823 858 1895; x_wconf 76' lang='lat' dir='ltr'>Quare</span> <span class='ocrx_word' id='word_1_205' title='bbox 906 1815 1066 1894; x_wconf 90' lang='lat' dir='ltr'>cujusdam</span> <span class='ocrx_word' id='word_1_206' title='bbox 1081 1817 1355 1897; x_wconf 85' lang='lat' dir='ltr'>comprehenditur</span> <span class='ocrx_word' id='word_1_207' title='bbox 1374 1819 1539 1881; x_wconf 81' lang='lat' dir='ltr'>mortis⁸.»</span> <span class='ocrx_word' id='word_1_208' title='bbox 1556 1823 1595 1882; x_wconf 89' lang='lat' dir='ltr'>Et</span> <span class='ocrx_word' id='word_1_209' title='bbox 1608 1824 1683 1884; x_wconf 87' lang='lat' dir='ltr'>Gre-</span> 
     </span>
     <span class='ocr_line' id='line_1_18' title="bbox 95 1907 1684 1988; baseline 0.012 -23"><span class='ocrx_word' id='word_1_210' title='bbox 95 1907 253 1985; x_wconf 88' lang='lat' dir='ltr'>promiscue</span> <span class='ocrx_word' id='word_1_211' title='bbox 274 1908 370 1970; x_wconf 85' lang='lat' dir='ltr'>ambo</span> <span class='ocrx_word' id='word_1_212' title='bbox 390 1909 449 1969; x_wconf 90' lang='lat' dir='ltr'>ista</span> <span class='ocrx_word' id='word_1_213' title='bbox 469 1917 644 1988; x_wconf 87' lang='lat' dir='ltr'>sumantur,</span> <span class='ocrx_word' id='word_1_214' title='bbox 664 1918 700 1972; x_wconf 91' lang='lat' dir='ltr'>ut</span> <span class='ocrx_word' id='word_1_215' title='bbox 719 1912 759 1974; x_wconf 90' lang='lat' dir='ltr'>ab</span> <span class='ocrx_word' id='word_1_216' title='bbox 779 1914 858 1975; x_wconf 87' lang='lat' dir='ltr'>Rha·</span> <span class='ocrx_word' id='word_1_217' title='bbox 906 1908 1012 1986; x_wconf 70' lang='lat' dir='ltr'><strong>8⁰P111⁸</strong></span> <span class='ocrx_word' id='word_1_218' title='bbox 1033 1909 1182 1988; x_wconf 86' lang='lat' dir='ltr'>Magnus:</span> <span class='ocrx_word' id='word_1_219' title='bbox 1202 1910 1304 1983; x_wconf 70' lang='lat' dir='ltr'>“Quid</span> <span class='ocrx_word' id='word_1_220' title='bbox 1324 1912 1410 1972; x_wconf 66' lang='lat' dir='ltr'>essim</span> <span class='ocrx_word' id='word_1_221' title='bbox 1424 1912 1612 1974; x_wconf 57' lang='lat' dir='ltr'>mutabilitas</span> <span class='ocrx_word' id='word_1_222' title='bbox 1626 1913 1684 1975; x_wconf 73' lang='lat' dir='ltr'>nisi</span> 
     </span>
     <span class='ocr_line' id='line_1_19' title="bbox 94 1996 1685 2083; baseline 0.006 -26"><span class='ocrx_word' id='word_1_223' title='bbox 94 1996 165 2059; x_wconf 90' lang='lat' dir='ltr'>bano</span> <span class='ocrx_word' id='word_1_224' title='bbox 183 1999 298 2061; x_wconf 79' lang='lat' dir='ltr'>fncmrn</span> <span class='ocrx_word' id='word_1_225' title='bbox 322 2006 370 2062; x_wconf 85' lang='lat' dir='ltr'>est</span> <span class='ocrx_word' id='word_1_226' title='bbox 392 2001 427 2062; x_wconf 90' lang='lat' dir='ltr'>in</span> <span class='ocrx_word' id='word_1_227' title='bbox 453 2003 555 2082; x_wconf 85' lang='lat' dir='ltr'>primu</span> <span class='ocrx_word' id='word_1_228' title='bbox 580 2004 619 2065; x_wconf 81' lang='lat' dir='ltr'>de</span> <span class='ocrx_word' id='word_1_229' title='bbox 644 2007 854 2068; x_wconf 63' lang='lat' dir='ltr'>universitate,</span> <span class='ocrx_word' id='word_1_230' title='bbox 907 2017 991 2060; x_wconf 90' lang='lat' dir='ltr'>mors</span> <span class='ocrx_word' id='word_1_231' title='bbox 1005 2001 1148 2080; x_wconf 88' lang='lat' dir='ltr'>quaedam</span> <span class='ocrx_word' id='word_1_232' title='bbox 1167 2000 1235 2063; x_wconf 86' lang='lat' dir='ltr'>est?</span> <span class='ocrx_word' id='word_1_233' title='bbox 1250 2003 1411 2075; x_wconf 82' lang='lat' dir='ltr'>Quaedum</span> <span class='ocrx_word' id='word_1_234' title='bbox 1428 2022 1497 2065; x_wconf 87' lang='lat' dir='ltr'>rem</span> <span class='ocrx_word' id='word_1_235' title='bbox 1514 2005 1685 2083; x_wconf 90' lang='lat' dir='ltr'>quamlibet</span> 
     </span>
     <span class='ocr_line' id='line_1_20' title="bbox 99 2089 1686 2176; baseline 0.006 -28"><span class='ocrx_word' id='word_1_236' title='bbox 99 2089 175 2167; x_wconf 79' lang='lat' dir='ltr'>«tle,</span> <span class='ocrx_word' id='word_1_237' title='bbox 195 2092 308 2173; x_wconf 85' lang='lat' dir='ltr'>inquit,</span> <span class='ocrx_word' id='word_1_238' title='bbox 326 2111 385 2155; x_wconf 89' lang='lat' dir='ltr'>nec</span> <span class='ocrx_word' id='word_1_239' title='bbox 404 2094 499 2155; x_wconf 91' lang='lat' dir='ltr'>dividi</span> <span class='ocrx_word' id='word_1_240' title='bbox 518 2100 630 2175; x_wconf 86' lang='lat' dir='ltr'>potest,</span> <span class='ocrx_word' id='word_1_241' title='bbox 646 2116 704 2159; x_wconf 87' lang='lat' dir='ltr'>nec</span> <span class='ocrx_word' id='word_1_242' title='bbox 716 2099 855 2175; x_wconf 73' lang='lat' dir='ltr'>interire,</span> <span class='ocrx_word' id='word_1_243' title='bbox 906 2091 940 2151; x_wconf 92' lang='lat' dir='ltr'>in</span> <span class='ocrx_word' id='word_1_244' title='bbox 958 2092 1044 2154; x_wconf 87' lang='lat' dir='ltr'>aliud</span> <span class='ocrx_word' id='word_1_245' title='bbox 1058 2093 1215 2171; x_wconf 86' lang='lat' dir='ltr'>immutat,</span> <span class='ocrx_word' id='word_1_246' title='bbox 1242 2095 1331 2173; x_wconf 89' lang='lat' dir='ltr'>quasi</span> <span class='ocrx_word' id='word_1_247' title='bbox 1354 2095 1465 2156; x_wconf 87' lang='lat' dir='ltr'>occidit</span> <span class='ocrx_word' id='word_1_248' title='bbox 1483 2098 1567 2176; x_wconf 91' lang='lat' dir='ltr'>quod</span> <span class='ocrx_word' id='word_1_249' title='bbox 1584 2097 1686 2158; x_wconf 75' lang='lat' dir='ltr'>dierat</span> 
     </span>
     <span class='ocr_line' id='line_1_21' title="bbox 95 2180 1684 2265; baseline 0.005 -23"><span class='ocrx_word' id='word_1_250' title='bbox 95 2180 157 2242; x_wconf 91' lang='lat' dir='ltr'>inde</span> <span class='ocrx_word' id='word_1_251' title='bbox 182 2184 424 2264; x_wconf 74' lang='lat' dir='ltr'>ineomuptihilis</span> <span class='ocrx_word' id='word_1_252' title='bbox 450 2191 531 2247; x_wconf 72' lang='lat' dir='ltr'>est.»</span> <span class='ocrx_word' id='word_1_253' title='bbox 570 2188 614 2249; x_wconf 80' lang='grc' dir='ltr'>Αο</span> <span class='ocrx_word' id='word_1_254' title='bbox 646 2191 769 2252; x_wconf 71' lang='lat' dir='ltr'>tametsi</span> <span class='ocrx_word' id='word_1_255' title='bbox 800 2190 858 2253; x_wconf 70' lang='lat' dir='ltr'>his</span> <span class='ocrx_word' id='word_1_256' title='bbox 907 2188 943 2243; x_wconf 93' lang='lat' dir='ltr'>ut</span> <span class='ocrx_word' id='word_1_257' title='bbox 961 2184 1089 2265; x_wconf 88' lang='lat' dir='ltr'>incipiat</span> <span class='ocrx_word' id='word_1_258' title='bbox 1110 2204 1174 2247; x_wconf 89' lang='lat' dir='ltr'>esse</span> <span class='ocrx_word' id='word_1_259' title='bbox 1191 2187 1275 2265; x_wconf 88' lang='lat' dir='ltr'>quod</span> <span class='ocrx_word' id='word_1_260' title='bbox 1286 2205 1351 2247; x_wconf 91' lang='lat' dir='ltr'>non</span> <span class='ocrx_word' id='word_1_261' title='bbox 1363 2193 1439 2247; x_wconf 88' lang='lat' dir='ltr'>erat.</span> <span class='ocrx_word' id='word_1_262' title='bbox 1455 2189 1492 2249; x_wconf 88' lang='lat' dir='ltr'>Et</span> <span class='ocrx_word' id='word_1_263' title='bbox 1505 2190 1543 2249; x_wconf 88' lang='lat' dir='ltr'>de</span> <span class='ocrx_word' id='word_1_264' title='bbox 1557 2194 1684 2250; x_wconf 88' lang='lat' dir='ltr'>auctore</span> 
     </span>
     <span class='ocr_line' id='line_1_22' title="bbox 95 2273 1684 2359; baseline 0.005 -26"><span class='ocrx_word' id='word_1_265' title='bbox 95 2273 183 2336; x_wconf 84' lang='lat' dir='ltr'>solum</span> <span class='ocrx_word' id='word_1_266' title='bbox 195 2277 357 2355; x_wconf 82' lang='lat' dir='ltr'>posteriori</span> <span class='ocrx_word' id='word_1_267' title='bbox 378 2283 476 2357; x_wconf 83' lang='lat' dir='ltr'>parte,</span> <span class='ocrx_word' id='word_1_268' title='bbox 488 2279 514 2340; x_wconf 88' lang='lat' dir='ltr'>si</span> <span class='ocrx_word' id='word_1_269' title='bbox 528 2298 600 2359; x_wconf 79' lang='lat' dir='ltr'>pars</span> <span class='ocrx_word' id='word_1_270' title='bbox 617 2286 664 2341; x_wconf 84' lang='lat' dir='ltr'>ast</span> <span class='ocrx_word' id='word_1_271' title='bbox 681 2282 859 2344; x_wconf 75' lang='lat' dir='ltr'>aeternitutis</span> <span class='ocrx_word' id='word_1_272' title='bbox 907 2277 1051 2337; x_wconf 91' lang='lat' dir='ltr'>omnium</span> <span class='ocrx_word' id='word_1_273' title='bbox 1073 2277 1224 2358; x_wconf 89' lang='lat' dir='ltr'>scriptum</span> <span class='ocrx_word' id='word_1_274' title='bbox 1247 2283 1303 2339; x_wconf 88' lang='lat' dir='ltr'>est.</span> <span class='ocrx_word' id='word_1_275' title='bbox 1331 2277 1391 2353; x_wconf 78' lang='lat' dir='ltr'>Oui</span> <span class='ocrx_word' id='word_1_276' title='bbox 1410 2278 1487 2339; x_wconf 80' lang='lat' dir='ltr'>aolus</span> <span class='ocrx_word' id='word_1_277' title='bbox 1514 2279 1602 2341; x_wconf 76' lang='lat' dir='ltr'>tabet</span> <span class='ocrx_word' id='word_1_278' title='bbox 1627 2281 1684 2341; x_wconf 88' lang='lat' dir='ltr'>im·</span> 
     </span>
     <span class='ocr_line' id='line_1_23' title="bbox 95 2365 1684 2453; baseline 0.006 -27"><span class='ocrx_word' id='word_1_279' title='bbox 95 2365 150 2426; x_wconf 85' lang='lat' dir='ltr'>ulla</span> <span class='ocrx_word' id='word_1_280' title='bbox 163 2369 363 2443; x_wconf 87' lang='lat' dir='ltr'>nominanda,</span> <span class='ocrx_word' id='word_1_281' title='bbox 380 2387 452 2430; x_wconf 90' lang='lat' dir='ltr'>cum</span> <span class='ocrx_word' id='word_1_282' title='bbox 465 2371 558 2432; x_wconf 86' lang='lat' dir='ltr'>rebus</span> <span class='ocrx_word' id='word_1_283' title='bbox 578 2373 709 2434; x_wconf 79' lang='lat' dir='ltr'>conditis</span> <span class='ocrx_word' id='word_1_284' title='bbox 721 2392 859 2436; x_wconf 80' lang='lat' dir='ltr'>eommu-</span> <span class='ocrx_word' id='word_1_285' title='bbox 907 2367 1138 2445; x_wconf 82' lang='lat' dir='ltr'>mortalitatem,</span> <span class='ocrx_word' id='word_1_286' title='bbox 1173 2370 1247 2450; x_wconf 87' lang='lat' dir='ltr'>quia</span> <span class='ocrx_word' id='word_1_287' title='bbox 1282 2369 1426 2431; x_wconf 76' lang='lat' dir='ltr'>videlicet</span> <span class='ocrx_word' id='word_1_288' title='bbox 1454 2370 1490 2431; x_wconf 90' lang='lat' dir='ltr'>in</span> <span class='ocrx_word' id='word_1_289' title='bbox 1520 2373 1684 2453; x_wconf 87' lang='lat' dir='ltr'>semetipso</span> 
     </span>
     <span class='ocr_line' id='line_1_24' title="bbox 97 2457 1684 2540; baseline 0.006 -23"><span class='ocrx_word' id='word_1_290' title='bbox 97 2457 180 2519; x_wconf 88' lang='lat' dir='ltr'>nicari</span> <span class='ocrx_word' id='word_1_291' title='bbox 194 2479 284 2540; x_wconf 83' lang='lat' dir='ltr'>posse</span> <span class='ocrx_word' id='word_1_292' title='bbox 300 2461 441 2537; x_wconf 76' lang='lat' dir='ltr'>videtur,</span> <span class='ocrx_word' id='word_1_293' title='bbox 467 2463 546 2524; x_wconf 89' lang='lat' dir='ltr'>inest</span> <span class='ocrx_word' id='word_1_294' title='bbox 572 2466 634 2525; x_wconf 85' lang='lat' dir='ltr'>Deo</span> <span class='ocrx_word' id='word_1_295' title='bbox 655 2466 859 2528; x_wconf 78' lang='lat' dir='ltr'>nihilomiuus</span> <span class='ocrx_word' id='word_1_296' title='bbox 892 2460 991 2520; x_wconf 38' lang='lat' dir='ltr'>*solus</span> <span class='ocrx_word' id='word_1_297' title='bbox 1002 2460 1206 2522; x_wconf 87' lang='lat' dir='ltr'>immutabilis</span> <span class='ocrx_word' id='word_1_298' title='bbox 1219 2460 1320 2522; x_wconf 59' lang='grc' dir='ltr'><strong>θεῖ’.»</strong></span> <span class='ocrx_word' id='word_1_299' title='bbox 1345 2463 1383 2522; x_wconf 89' lang='lat' dir='ltr'>Et</span> <span class='ocrx_word' id='word_1_300' title='bbox 1396 2462 1430 2523; x_wconf 93' lang='lat' dir='ltr'>in</span> <span class='ocrx_word' id='word_1_301' title='bbox 1444 2465 1684 2527; x_wconf 78' lang='lat' dir='ltr'>octavodecimo</span> 
     </span>
     <span class='ocr_line' id='line_1_25' title="bbox 96 2552 1685 2637; baseline 0.004 -24"><span class='ocrx_word' id='word_1_302' title='bbox 96 2552 228 2628; x_wconf 58' lang='lat' dir='ltr'>mulieri</span> <span class='ocrx_word' id='word_1_303' title='bbox 247 2572 286 2613; x_wconf 89' lang='lat' dir='ltr'>ac</span> <span class='ocrx_word' id='word_1_304' title='bbox 306 2554 432 2633; x_wconf 81' lang='lat' dir='ltr'>propria</span> <span class='ocrx_word' id='word_1_305' title='bbox 450 2556 585 2634; x_wconf 88' lang='lat' dir='ltr'>quadam</span> <span class='ocrx_word' id='word_1_306' title='bbox 612 2557 744 2634; x_wconf 87' lang='lat' dir='ltr'>ratione,</span> <span class='ocrx_word' id='word_1_307' title='bbox 771 2559 858 2637; x_wconf 83' lang='lat' dir='ltr'>cnjus</span> <span class='ocrx_word' id='word_1_308' title='bbox 907 2552 997 2631; x_wconf 82' lang='lat' dir='ltr'>libre,</span> <span class='ocrx_word' id='word_1_309' title='bbox 1019 2555 1117 2633; x_wconf 87' lang='lat' dir='ltr'>capite</span> <span class='ocrx_word' id='word_1_310' title='bbox 1142 2554 1273 2634; x_wconf 89' lang='lat' dir='ltr'>septimo</span> <span class='ocrx_word' id='word_1_311' title='bbox 1302 2560 1333 2615; x_wconf 90' lang='lat' dir='ltr'>et</span> <span class='ocrx_word' id='word_1_312' title='bbox 1359 2555 1536 2617; x_wconf 88' lang='lat' dir='ltr'>vicesimo:</span> <span class='ocrx_word' id='word_1_313' title='bbox 1565 2579 1581 2613; x_wconf 81' lang='lat' dir='ltr'>a</span> <span class='ocrx_word' id='word_1_314' title='bbox 1595 2558 1685 2620; x_wconf 87' lang='lat' dir='ltr'>Solus</span> 
     </span>
     <span class='ocr_line' id='line_1_26' title="bbox 96 2644 1685 2727; baseline 0.004 -23"><span class='ocrx_word' id='word_1_315' title='bbox 96 2644 232 2725; x_wconf 81' lang='lat' dir='ltr'>particeps</span> <span class='ocrx_word' id='word_1_316' title='bbox 245 2663 312 2706; x_wconf 87' lang='lat' dir='ltr'>esse</span> <span class='ocrx_word' id='word_1_317' title='bbox 324 2652 465 2707; x_wconf 86' lang='lat' dir='ltr'>creatura</span> <span class='ocrx_word' id='word_1_318' title='bbox 476 2648 562 2708; x_wconf 87' lang='lat' dir='ltr'>nulla</span> <span class='ocrx_word' id='word_1_319' title='bbox 570 2653 681 2727; x_wconf 86' lang='lat' dir='ltr'>potest.</span> <span class='ocrx_word' id='word_1_320' title='bbox 690 2650 760 2710; x_wconf 93' lang='lat' dir='ltr'>Non</span> <span class='ocrx_word' id='word_1_321' title='bbox 773 2653 858 2712; x_wconf 88' lang='lat' dir='ltr'>enim</span> <span class='ocrx_word' id='word_1_322' title='bbox 907 2646 1022 2726; x_wconf 85' lang='lat' dir='ltr'>quippe</span> <span class='ocrx_word' id='word_1_323' title='bbox 1042 2647 1191 2708; x_wconf 84' lang='lat' dir='ltr'>veraciter</span> <span class='ocrx_word' id='word_1_324' title='bbox 1219 2652 1265 2707; x_wconf 90' lang='lat' dir='ltr'>est</span> <span class='ocrx_word' id='word_1_325' title='bbox 1289 2647 1343 2727; x_wconf 91' lang='lat' dir='ltr'>qui</span> <span class='ocrx_word' id='word_1_326' title='bbox 1370 2647 1453 2708; x_wconf 88' lang='lat' dir='ltr'>solus</span> <span class='ocrx_word' id='word_1_327' title='bbox 1480 2648 1685 2711; x_wconf 87' lang='lat' dir='ltr'>incommuta-</span> 
     </span>
     <span class='ocr_line' id='line_1_27' title="bbox 95 2733 1685 2819; baseline 0.004 -23"><span class='ocrx_word' id='word_1_328' title='bbox 95 2733 160 2795; x_wconf 85' lang='lat' dir='ltr'>salso</span> <span class='ocrx_word' id='word_1_329' title='bbox 173 2737 290 2798; x_wconf 74' lang='lat' dir='ltr'>didam</span> <span class='ocrx_word' id='word_1_330' title='bbox 302 2737 381 2799; x_wconf 89' lang='lat' dir='ltr'>illud</span> <span class='ocrx_word' id='word_1_331' title='bbox 401 2744 447 2799; x_wconf 88' lang='lat' dir='ltr'>est</span> <span class='ocrx_word' id='word_1_332' title='bbox 460 2739 499 2799; x_wconf 87' lang='lat' dir='ltr'>ab</span> <span class='ocrx_word' id='word_1_333' title='bbox 520 2740 667 2819; x_wconf 84' lang='lat' dir='ltr'>Apostolo</span> <span class='ocrx_word' id='word_1_334' title='bbox 686 2761 693 2801; x_wconf 90' lang='lat'>:</span> <span class='ocrx_word' id='word_1_335' title='bbox 710 2741 770 2817; x_wconf 77' lang='lat' dir='ltr'>Qui</span> <span class='ocrx_word' id='word_1_336' title='bbox 781 2743 858 2804; x_wconf 73' lang='lat' dir='ltr'>eolus</span> <span class='ocrx_word' id='word_1_337' title='bbox 906 2737 1010 2800; x_wconf 88' lang='lat' dir='ltr'>biliter</span> <span class='ocrx_word' id='word_1_338' title='bbox 1024 2744 1197 2819; x_wconf 91' lang='lat' dir='ltr'>permanet.</span> <span class='ocrx_word' id='word_1_339' title='bbox 1218 2741 1298 2800; x_wconf 90' lang='lat' dir='ltr'>Nam</span> <span class='ocrx_word' id='word_1_340' title='bbox 1317 2758 1411 2802; x_wconf 91' lang='lat' dir='ltr'>omne</span> <span class='ocrx_word' id='word_1_341' title='bbox 1429 2743 1513 2818; x_wconf 87' lang='lat' dir='ltr'>quod</span> <span class='ocrx_word' id='word_1_342' title='bbox 1534 2742 1627 2803; x_wconf 91' lang='lat' dir='ltr'>modo</span> <span class='ocrx_word' id='word_1_343' title='bbox 1642 2743 1685 2804; x_wconf 88' lang='lat' dir='ltr'>sie</span> 
     </span>
     <span class='ocr_line' id='line_1_28' title="bbox 96 2824 1683 2909; baseline 0.008 -22"><span class='ocrx_word' id='word_1_344' title='bbox 96 2824 171 2888; x_wconf 74' lang='grc'><strong>111111</strong></span> <span class='ocrx_word' id='word_1_345' title='bbox 201 2829 459 2891; x_wconf 64' lang='lat' dir='ltr'>immortalitatem</span> <span class='ocrx_word' id='word_1_346' title='bbox 473 2830 497 2891; x_wconf 67' lang='lat'>2.</span> <span class='ocrx_word' id='word_1_347' title='bbox 532 2832 597 2893; x_wconf 85' lang='lat' dir='ltr'>Hoc</span> <span class='ocrx_word' id='word_1_348' title='bbox 632 2851 706 2895; x_wconf 86' lang='lat' dir='ltr'>vero</span> <span class='ocrx_word' id='word_1_349' title='bbox 737 2835 858 2897; x_wconf 85' lang='lat' dir='ltr'>duobus</span> <span class='ocrx_word' id='word_1_350' title='bbox 907 2835 938 2890; x_wconf 84' lang='lat' dir='ltr'>et</span> <span class='ocrx_word' id='word_1_351' title='bbox 951 2831 1045 2891; x_wconf 85' lang='lat' dir='ltr'>modo</span> <span class='ocrx_word' id='word_1_352' title='bbox 1066 2831 1154 2892; x_wconf 78' lang='lat' dir='ltr'>alter</span> <span class='ocrx_word' id='word_1_353' title='bbox 1176 2837 1232 2907; x_wconf 81' lang='lat' dir='ltr'>est,</span> <span class='ocrx_word' id='word_1_354' title='bbox 1252 2831 1344 2909; x_wconf 83' lang='lat' dir='ltr'>juxta</span> <span class='ocrx_word' id='word_1_355' title='bbox 1364 2850 1429 2891; x_wconf 87' lang='lat' dir='ltr'>non</span> <span class='ocrx_word' id='word_1_356' title='bbox 1451 2851 1516 2893; x_wconf 83' lang='lat' dir='ltr'>esse</span> <span class='ocrx_word' id='word_1_357' title='bbox 1538 2838 1593 2894; x_wconf 86' lang='lat' dir='ltr'>est.</span> <span class='ocrx_word' id='word_1_358' title='bbox 1611 2835 1683 2895; x_wconf 86' lang='lat' dir='ltr'>Per·</span> 
     </span>
     <span class='ocr_line' id='line_1_29' title="bbox 96 2921 1684 3005; baseline 0.006 -25"><span class='ocrx_word' id='word_1_359' title='bbox 96 2921 184 2981; x_wconf 87' lang='lat' dir='ltr'>nodis</span> <span class='ocrx_word' id='word_1_360' title='bbox 205 2921 402 3002; x_wconf 87' lang='lat' dir='ltr'>intelligitur.</span> <span class='ocrx_word' id='word_1_361' title='bbox 432 2924 495 2983; x_wconf 81' lang='lat' dir='ltr'>Aut</span> <span class='ocrx_word' id='word_1_362' title='bbox 519 2924 605 2985; x_wconf 88' lang='lat' dir='ltr'>enim</span> <span class='ocrx_word' id='word_1_363' title='bbox 636 2926 719 2986; x_wconf 90' lang='lat' dir='ltr'>solus</span> <span class='ocrx_word' id='word_1_364' title='bbox 744 2927 858 2988; x_wconf 89' lang='lat' dir='ltr'>idcirco</span> <span class='ocrx_word' id='word_1_365' title='bbox 907 2940 1034 2983; x_wconf 90' lang='lat' dir='ltr'>manere</span> <span class='ocrx_word' id='word_1_366' title='bbox 1047 2923 1132 2985; x_wconf 92' lang='lat' dir='ltr'>enim</span> <span class='ocrx_word' id='word_1_367' title='bbox 1153 2923 1186 2984; x_wconf 94' lang='lat' dir='ltr'>in</span> <span class='ocrx_word' id='word_1_368' title='bbox 1201 2929 1282 2984; x_wconf 89' lang='lat' dir='ltr'>statu</span> <span class='ocrx_word' id='word_1_369' title='bbox 1298 2942 1355 2983; x_wconf 90' lang='lat' dir='ltr'>suo</span> <span class='ocrx_word' id='word_1_370' title='bbox 1376 2943 1441 2983; x_wconf 92' lang='lat' dir='ltr'>non</span> <span class='ocrx_word' id='word_1_371' title='bbox 1456 2930 1567 3004; x_wconf 89' lang='lat' dir='ltr'>potest.</span> <span class='ocrx_word' id='word_1_372' title='bbox 1584 2926 1684 3005; x_wconf 79' lang='lat' dir='ltr'>Atque</span> 
     </span>
     <span class='ocr_line' id='line_1_30' title="bbox 97 3009 1683 3097; baseline 0.004 -24"><span class='ocrx_word' id='word_1_373' title='bbox 97 3009 351 3075; x_wconf 85' lang='lat' dir='ltr'>immortalitatem</span> <span class='ocrx_word' id='word_1_374' title='bbox 363 3015 466 3090; x_wconf 89' lang='lat' dir='ltr'>habet,</span> <span class='ocrx_word' id='word_1_375' title='bbox 481 3016 630 3095; x_wconf 86' lang='lat' dir='ltr'>quoniam</span> <span class='ocrx_word' id='word_1_376' title='bbox 645 3018 766 3097; x_wconf 89' lang='lat' dir='ltr'>ascipso</span> <span class='ocrx_word' id='word_1_377' title='bbox 777 3020 859 3081; x_wconf 90' lang='lat' dir='ltr'>hanc</span> <span class='ocrx_word' id='word_1_378' title='bbox 907 3014 1125 3094; x_wconf 84' lang='lat' dir='ltr'>aliquomodo</span> <span class='ocrx_word' id='word_1_379' title='bbox 1148 3015 1187 3075; x_wconf 93' lang='lat' dir='ltr'>ad</span> <span class='ocrx_word' id='word_1_380' title='bbox 1209 3033 1274 3075; x_wconf 90' lang='lat' dir='ltr'>non</span> <span class='ocrx_word' id='word_1_381' title='bbox 1302 3033 1367 3075; x_wconf 89' lang='lat' dir='ltr'>esse</span> <span class='ocrx_word' id='word_1_382' title='bbox 1389 3016 1463 3091; x_wconf 87' lang='lat' dir='ltr'>itur,</span> <span class='ocrx_word' id='word_1_383' title='bbox 1487 3018 1563 3077; x_wconf 90' lang='lat' dir='ltr'>dum</span> <span class='ocrx_word' id='word_1_384' title='bbox 1584 3017 1624 3077; x_wconf 89' lang='lat' dir='ltr'>ab</span> <span class='ocrx_word' id='word_1_385' title='bbox 1646 3036 1683 3080; x_wconf 89' lang='grc' dir='ltr'><strong>θο</strong></span> 
     </span>
     <span class='ocr_line' id='line_1_31' title="bbox 96 3101 1683 3188; baseline 0.004 -23"><span class='ocrx_word' id='word_1_386' title='bbox 96 3101 187 3180; x_wconf 87' lang='lat' dir='ltr'>habet,</span> <span class='ocrx_word' id='word_1_387' title='bbox 201 3124 259 3166; x_wconf 90' lang='lat' dir='ltr'>nec</span> <span class='ocrx_word' id='word_1_388' title='bbox 278 3125 349 3167; x_wconf 90' lang='lat' dir='ltr'>eam</span> <span class='ocrx_word' id='word_1_389' title='bbox 370 3107 461 3167; x_wconf 88' lang='lat' dir='ltr'>debet</span> <span class='ocrx_word' id='word_1_390' title='bbox 482 3108 570 3168; x_wconf 87' lang='lat' dir='ltr'>alteri</span> <span class='ocrx_word' id='word_1_391' title='bbox 588 3110 642 3188; x_wconf 90' lang='lat' dir='ltr'>qui</span> <span class='ocrx_word' id='word_1_392' title='bbox 661 3110 719 3170; x_wconf 90' lang='lat' dir='ltr'>sibi</span> <span class='ocrx_word' id='word_1_393' title='bbox 739 3111 819 3172; x_wconf 89' lang='lat' dir='ltr'>hane</span> <span class='ocrx_word' id='word_1_394' title='bbox 833 3112 859 3173; x_wconf 92' lang='lat' dir='ltr'>si</span> <span class='ocrx_word' id='word_1_395' title='bbox 907 3107 992 3185; x_wconf 83' lang='lat' dir='ltr'>quod</span> <span class='ocrx_word' id='word_1_396' title='bbox 1011 3106 1112 3167; x_wconf 77' lang='lat' dir='ltr'>neret</span> <span class='ocrx_word' id='word_1_397' title='bbox 1138 3124 1261 3185; x_wconf 89' lang='lat' dir='ltr'>semper</span> <span class='ocrx_word' id='word_1_398' title='bbox 1283 3107 1323 3167; x_wconf 92' lang='lat' dir='ltr'>ad</span> <span class='ocrx_word' id='word_1_399' title='bbox 1341 3107 1425 3168; x_wconf 90' lang='lat' dir='ltr'>aliud</span> <span class='ocrx_word' id='word_1_400' title='bbox 1448 3126 1504 3187; x_wconf 89' lang='lat' dir='ltr'>per</span> <span class='ocrx_word' id='word_1_401' title='bbox 1525 3116 1683 3172; x_wconf 89' lang='lat' dir='ltr'>momenta</span> 
     </span>
     <span class='ocr_line' id='line_1_32' title="bbox 97 3195 1683 3279; baseline 0.006 -28"><span class='ocrx_word' id='word_1_402' title='bbox 97 3195 160 3256; x_wconf 88' lang='lat' dir='ltr'>velit</span> <span class='ocrx_word' id='word_1_403' title='bbox 170 3198 290 3259; x_wconf 76' lang='lat' dir='ltr'>aniene</span> <span class='ocrx_word' id='word_1_404' title='bbox 304 3200 410 3278; x_wconf 89' lang='lat' dir='ltr'>possit.</span> <span class='ocrx_word' id='word_1_405' title='bbox 427 3199 542 3261; x_wconf 79' lang='lat' dir='ltr'>Cratera</span> <span class='ocrx_word' id='word_1_406' title='bbox 556 3207 661 3263; x_wconf 90' lang='lat' dir='ltr'>autem</span> <span class='ocrx_word' id='word_1_407' title='bbox 675 3202 718 3262; x_wconf 88' lang='lat' dir='ltr'>sic</span> <span class='ocrx_word' id='word_1_408' title='bbox 731 3202 859 3265; x_wconf 78' lang='lat' dir='ltr'>immur-</span> <span class='ocrx_word' id='word_1_409' title='bbox 907 3203 1085 3279; x_wconf 89' lang='lat' dir='ltr'>temporum</span> <span class='ocrx_word' id='word_1_410' title='bbox 1113 3199 1245 3261; x_wconf 86' lang='lat' dir='ltr'>ducitur.</span> <span class='ocrx_word' id='word_1_411' title='bbox 1261 3220 1277 3257; x_wconf 84' lang='lat' dir='ltr'>n</span> <span class='ocrx_word' id='word_1_412' title='bbox 1305 3198 1382 3260; x_wconf 89' lang='lat' dir='ltr'>Vide</span> <span class='ocrx_word' id='word_1_413' title='bbox 1405 3204 1436 3260; x_wconf 92' lang='lat' dir='ltr'>et</span> <span class='ocrx_word' id='word_1_414' title='bbox 1461 3199 1577 3262; x_wconf 88' lang='lat' dir='ltr'>librum</span> <span class='ocrx_word' id='word_1_415' title='bbox 1600 3202 1683 3263; x_wconf 88' lang='lat' dir='ltr'>XXV</span> 
     </span>
     <span class='ocr_line' id='line_1_33' title="bbox 96 3287 1683 3373; baseline 0.005 -24"><span class='ocrx_word' id='word_1_416' title='bbox 96 3287 231 3351; x_wconf 77' lang='grc' dir='ltr'><strong>ῖοθῖοῖθιο</strong></span> <span class='ocrx_word' id='word_1_417' title='bbox 244 3290 389 3352; x_wconf 84' lang='lat' dir='ltr'>obtinent</span> <span class='ocrx_word' id='word_1_418' title='bbox 408 3311 611 3373; x_wconf 77' lang='lat' dir='ltr'>quaecumque</span> <span class='ocrx_word' id='word_1_419' title='bbox 631 3295 759 3355; x_wconf 88' lang='lat' dir='ltr'>demum</span> <span class='ocrx_word' id='word_1_420' title='bbox 776 3295 859 3358; x_wconf 88' lang='lat' dir='ltr'>hanc</span> <span class='ocrx_word' id='word_1_421' title='bbox 907 3291 1005 3371; x_wconf 87' lang='lat' dir='ltr'>capite</span> <span class='ocrx_word' id='word_1_422' title='bbox 1034 3309 1078 3367; x_wconf 89' lang='lat' dir='ltr'>rv,</span> <span class='ocrx_word' id='word_1_423' title='bbox 1108 3297 1139 3353; x_wconf 93' lang='grc' dir='ltr'>θῖ</span> <span class='ocrx_word' id='word_1_424' title='bbox 1164 3292 1415 3372; x_wconf 79' lang='lat' dir='ltr'>explanationem</span> <span class='ocrx_word' id='word_1_425' title='bbox 1442 3294 1545 3372; x_wconf 86' lang='lat' dir='ltr'>quarti</span> <span class='ocrx_word' id='word_1_426' title='bbox 1571 3294 1683 3357; x_wconf 81' lang='lat' dir='ltr'>Psalmi</span> 
     </span>
     <span class='ocr_line' id='line_1_34' title="bbox 96 3376 1621 3466; baseline 0.007 -27"><span class='ocrx_word' id='word_1_427' title='bbox 96 3376 233 3458; x_wconf 80' lang='lat' dir='ltr'>obtinent,</span> <span class='ocrx_word' id='word_1_428' title='bbox 249 3388 287 3443; x_wconf 87' lang='lat' dir='ltr'>ut</span> <span class='ocrx_word' id='word_1_429' title='bbox 302 3402 342 3444; x_wconf 82' lang='lat' dir='ltr'>ex</span> <span class='ocrx_word' id='word_1_430' title='bbox 356 3384 410 3444; x_wconf 85' lang='lat' dir='ltr'>Dei</span> <span class='ocrx_word' id='word_1_431' title='bbox 423 3391 503 3446; x_wconf 88' lang='lat' dir='ltr'>nutu</span> <span class='ocrx_word' id='word_1_432' title='bbox 517 3391 548 3446; x_wconf 88' lang='lat' dir='ltr'>et</span> <span class='ocrx_word' id='word_1_433' title='bbox 567 3385 694 3446; x_wconf 79' lang='lat' dir='ltr'>arbitrio</span> <span class='ocrx_word' id='word_1_434' title='bbox 712 3387 856 3465; x_wconf 81' lang='lat' dir='ltr'>pendeat.</span> <span class='ocrx_word' id='word_1_435' title='bbox 907 3384 1127 3463; x_wconf 77' lang='lat' dir='ltr'>penitentialis</span> <span class='ocrx_word' id='word_1_436' title='bbox 1141 3385 1180 3445; x_wconf 90' lang='lat' dir='ltr'>ad</span> <span class='ocrx_word' id='word_1_437' title='bbox 1195 3384 1263 3445; x_wconf 85' lang='lat' dir='ltr'>haec</span> <span class='ocrx_word' id='word_1_438' title='bbox 1276 3384 1381 3459; x_wconf 83' lang='lat' dir='ltr'>verba,</span> <span class='ocrx_word' id='word_1_439' title='bbox 1398 3385 1458 3464; x_wconf 70' lang='lat' dir='ltr'>ipsi</span> <span class='ocrx_word' id='word_1_440' title='bbox 1466 3384 1621 3466; x_wconf 81' lang='lat' dir='ltr'>peribunt.</span> 
     </span>
    </p>

    <p class='ocr_par' dir='ltr' id='par_1_3' title="bbox 94 3469 1684 4665">
     <span class='ocr_line' id='line_1_35' title="bbox 96 3469 1684 3557; baseline 0.008 -28"><span class='ocrx_word' id='word_1_441' title='bbox 96 3469 158 3532; x_wconf 87' lang='lat' dir='ltr'>ideo</span> <span class='ocrx_word' id='word_1_442' title='bbox 177 3473 390 3536; x_wconf 87' lang='lat' dir='ltr'>Theodoretus</span> <span class='ocrx_word' id='word_1_443' title='bbox 410 3477 533 3556; x_wconf 78' lang='lat' dir='ltr'>dialogo</span> <span class='ocrx_word' id='word_1_444' title='bbox 560 3478 651 3537; x_wconf 88' lang='lat' dir='ltr'>tertio</span> <span class='ocrx_word' id='word_1_445' title='bbox 672 3478 771 3539; x_wconf 87' lang='lat' dir='ltr'>Deum</span> <span class='ocrx_word' id='word_1_446' title='bbox 797 3481 857 3541; x_wconf 93' lang='lat' dir='ltr'>im-</span> <span class='ocrx_word' id='word_1_447' title='bbox 948 3476 999 3536; x_wconf 89' lang='lat' dir='ltr'>Xl.</span> <span class='ocrx_word' id='word_1_448' title='bbox 1022 3476 1213 3555; x_wconf 76' lang='lat' dir='ltr'>Augustinus</span> <span class='ocrx_word' id='word_1_449' title='bbox 1235 3477 1320 3537; x_wconf 88' lang='lat' dir='ltr'>hunc</span> <span class='ocrx_word' id='word_1_450' title='bbox 1339 3477 1443 3538; x_wconf 90' lang='lat' dir='ltr'>locum</span> <span class='ocrx_word' id='word_1_451' title='bbox 1463 3477 1575 3557; x_wconf 78' lang='lat' dir='ltr'>saepius</span> <span class='ocrx_word' id='word_1_452' title='bbox 1595 3484 1684 3542; x_wconf 89' lang='lat' dir='ltr'>acute</span> 
     </span>
     <span class='ocr_line' id='line_1_36' title="bbox 96 3564 1683 3650; baseline 0.007 -28"><span class='ocrx_word' id='word_1_453' title='bbox 96 3564 245 3629; x_wconf 78' lang='lat' dir='ltr'>mortalem</span> <span class='ocrx_word' id='word_1_454' title='bbox 285 3567 388 3628; x_wconf 89' lang='lat' dir='ltr'>solum</span> <span class='ocrx_word' id='word_1_455' title='bbox 423 3569 467 3629; x_wconf 90' lang='lat' dir='ltr'>ait</span> <span class='ocrx_word' id='word_1_456' title='bbox 502 3570 674 3645; x_wconf 85' lang='lat' dir='ltr'>nominari,</span> <span class='ocrx_word' id='word_1_457' title='bbox 709 3573 858 3650; x_wconf 86' lang='lat' dir='ltr'>quoniam</span> <span class='ocrx_word' id='word_1_458' title='bbox 908 3573 938 3629; x_wconf 90' lang='lat' dir='ltr'>et</span> <span class='ocrx_word' id='word_1_459' title='bbox 951 3568 1107 3648; x_wconf 81' lang='lat' dir='ltr'>eleganter</span> <span class='ocrx_word' id='word_1_460' title='bbox 1122 3569 1254 3630; x_wconf 90' lang='lat' dir='ltr'>ornavit.</span> <span class='ocrx_word' id='word_1_461' title='bbox 1273 3570 1314 3630; x_wconf 91' lang='lat' dir='ltr'>Ut</span> <span class='ocrx_word' id='word_1_462' title='bbox 1327 3569 1361 3630; x_wconf 89' lang='lat' dir='ltr'>in</span> <span class='ocrx_word' id='word_1_463' title='bbox 1376 3569 1455 3630; x_wconf 92' lang='lat' dir='ltr'>libro</span> <span class='ocrx_word' id='word_1_464' title='bbox 1469 3571 1560 3631; x_wconf 86' lang='lat' dir='ltr'>tertio</span> <span class='ocrx_word' id='word_1_465' title='bbox 1580 3580 1683 3634; x_wconf 84' lang='lat' dir='ltr'>contra</span> 
     </span>
     <span class='ocr_line' id='line_1_37' title="bbox 99 3658 1684 3738; baseline 0.004 -19"><span class='ocrx_word' id='word_1_466' title='bbox 99 3663 185 3737; x_wconf 65' lang='lat' dir='ltr'>«abb</span> <span class='ocrx_word' id='word_1_467' title='bbox 195 3659 227 3719; x_wconf 92' lang='lat' dir='ltr'>id</span> <span class='ocrx_word' id='word_1_468' title='bbox 245 3664 303 3736; x_wconf 84' lang='grc' dir='ltr'><strong>θεῖ,</strong></span> <span class='ocrx_word' id='word_1_469' title='bbox 319 3658 493 3735; x_wconf 71' lang='lat' dir='ltr'>micantia,</span> <span class='ocrx_word' id='word_1_470' title='bbox 517 3666 564 3723; x_wconf 91' lang='lat' dir='ltr'>est</span> <span class='ocrx_word' id='word_1_471' title='bbox 583 3662 778 3738; x_wconf 84' lang='lat' dir='ltr'>immortalis,</span> <span class='ocrx_word' id='word_1_472' title='bbox 794 3682 858 3725; x_wconf 90' lang='lat' dir='ltr'>non</span> <span class='ocrx_word' id='word_1_473' title='bbox 908 3659 1108 3723; x_wconf 65' lang='lat' dir='ltr'>Martiniacum</span> <span class='ocrx_word' id='word_1_474' title='bbox 1124 3681 1136 3723; x_wconf 88' lang='lat'>.·</span> <span class='ocrx_word' id='word_1_475' title='bbox 1155 3661 1452 3722; x_wconf 78' lang='lat' dir='ltr'>«Immortalitatem</span> <span class='ocrx_word' id='word_1_476' title='bbox 1475 3668 1580 3724; x_wconf 88' lang='lat' dir='ltr'>antem</span> <span class='ocrx_word' id='word_1_477' title='bbox 1604 3667 1684 3727; x_wconf 85' lang='lat' dir='ltr'>Deus</span> 
     </span>
     <span class='ocr_line' id='line_1_38' title="bbox 96 3753 1682 3834; baseline 0.003 -22"><span class='ocrx_word' id='word_1_478' title='bbox 96 3759 201 3831; x_wconf 62' lang='lat' dir='ltr'>praee</span> <span class='ocrx_word' id='word_1_479' title='bbox 221 3753 474 3834; x_wconf 73' lang='lat' dir='ltr'>participatione,</span> <span class='ocrx_word' id='word_1_480' title='bbox 505 3755 651 3833; x_wconf 86' lang='lat' dir='ltr'>eoquod</span> <span class='ocrx_word' id='word_1_481' title='bbox 673 3755 858 3817; x_wconf 88' lang='lat' dir='ltr'>immortali·</span> <span class='ocrx_word' id='word_1_482' title='bbox 907 3753 1144 3816; x_wconf 85' lang='lat' dir='ltr'>haberedicitur</span> <span class='ocrx_word' id='word_1_483' title='bbox 1154 3753 1248 3829; x_wconf 88' lang='lat' dir='ltr'>solus,</span> <span class='ocrx_word' id='word_1_484' title='bbox 1264 3754 1376 3834; x_wconf 88' lang='lat' dir='ltr'>inquit,</span> <span class='ocrx_word' id='word_1_485' title='bbox 1392 3754 1523 3833; x_wconf 89' lang='lat' dir='ltr'>quiaest</span> <span class='ocrx_word' id='word_1_486' title='bbox 1535 3755 1682 3817; x_wconf 89' lang='lat' dir='ltr'>immuta·</span> 
     </span>
     <span class='ocr_line' id='line_1_39' title="bbox 94 3844 1683 3926; baseline 0.004 -23"><span class='ocrx_word' id='word_1_487' title='bbox 94 3844 317 3906; x_wconf 82' lang='lat' dir='ltr'>tutemaliunde</span> <span class='ocrx_word' id='word_1_488' title='bbox 331 3863 397 3905; x_wconf 90' lang='lat' dir='ltr'>non</span> <span class='ocrx_word' id='word_1_489' title='bbox 410 3845 584 3926; x_wconf 62' lang='lat' dir='ltr'>accepitss.»</span> <span class='ocrx_word' id='word_1_490' title='bbox 599 3847 637 3906; x_wconf 88' lang='lat' dir='ltr'>Et</span> <span class='ocrx_word' id='word_1_491' title='bbox 649 3852 756 3908; x_wconf 87' lang='lat' dir='ltr'>auctor</span> <span class='ocrx_word' id='word_1_492' title='bbox 772 3848 857 3923; x_wconf 74' lang='grc' dir='ltr'><strong>θοο-</strong></span> <span class='ocrx_word' id='word_1_493' title='bbox 908 3845 978 3906; x_wconf 89' lang='lat' dir='ltr'>hilis</span> <span class='ocrx_word' id='word_1_494' title='bbox 997 3847 1091 3907; x_wconf 88' lang='lat' dir='ltr'>solus.</span> <span class='ocrx_word' id='word_1_495' title='bbox 1122 3848 1157 3907; x_wconf 89' lang='lat' dir='ltr'>ln</span> <span class='ocrx_word' id='word_1_496' title='bbox 1185 3846 1272 3907; x_wconf 92' lang='lat' dir='ltr'>omni</span> <span class='ocrx_word' id='word_1_497' title='bbox 1298 3846 1382 3907; x_wconf 90' lang='lat' dir='ltr'>enim</span> <span class='ocrx_word' id='word_1_498' title='bbox 1410 3846 1552 3908; x_wconf 83' lang='lat' dir='ltr'>mutabili</span> <span class='ocrx_word' id='word_1_499' title='bbox 1571 3853 1683 3910; x_wconf 86' lang='lat' dir='ltr'>natura</span> 
     </span>
     <span class='ocr_line' id='line_1_40' title="bbox 94 3932 1684 4018; baseline 0.006 -27"><span class='ocrx_word' id='word_1_500' title='bbox 94 3932 210 3996; x_wconf 71' lang='lat' dir='ltr'>itionum</span> <span class='ocrx_word' id='word_1_501' title='bbox 223 3935 264 3997; x_wconf 79' lang='lat' dir='ltr'>ad</span> <span class='ocrx_word' id='word_1_502' title='bbox 279 3936 395 4000; x_wconf 81' lang='lat' dir='ltr'>Groecos</span> <span class='ocrx_word' id='word_1_503' title='bbox 412 3938 653 4018; x_wconf 75' lang='lat' dir='ltr'>«incorruptum</span> <span class='ocrx_word' id='word_1_504' title='bbox 669 3939 728 4000; x_wconf 93' lang='lat' dir='ltr'>dici</span> <span class='ocrx_word' id='word_1_505' title='bbox 746 3941 859 4002; x_wconf 86' lang='lat' dir='ltr'>ooelnm</span> <span class='ocrx_word' id='word_1_506' title='bbox 908 3938 1060 3999; x_wconf 88' lang='lat' dir='ltr'>nonnulla</span> <span class='ocrx_word' id='word_1_507' title='bbox 1087 3956 1171 3998; x_wconf 90' lang='lat' dir='ltr'>mors</span> <span class='ocrx_word' id='word_1_508' title='bbox 1191 3943 1237 3998; x_wconf 88' lang='lat' dir='ltr'>est</span> <span class='ocrx_word' id='word_1_509' title='bbox 1260 3938 1328 4017; x_wconf 88' lang='lat' dir='ltr'>ipsa</span> <span class='ocrx_word' id='word_1_510' title='bbox 1347 3938 1488 4015; x_wconf 88' lang='lat' dir='ltr'>mutatio,</span> <span class='ocrx_word' id='word_1_511' title='bbox 1518 3938 1591 4018; x_wconf 87' lang='lat' dir='ltr'>quia</span> <span class='ocrx_word' id='word_1_512' title='bbox 1612 3939 1684 4002; x_wconf 89' lang='lat' dir='ltr'>facit</span> 
     </span>
     <span class='ocr_line' id='line_1_41' title="bbox 95 4024 1683 4108; baseline 0.006 -24"><span class='ocrx_word' id='word_1_513' title='bbox 95 4024 141 4099; x_wconf 89' lang='lat' dir='ltr'>ait,</span> <span class='ocrx_word' id='word_1_514' title='bbox 155 4046 218 4089; x_wconf 90' lang='lat' dir='ltr'>non</span> <span class='ocrx_word' id='word_1_515' title='bbox 231 4029 341 4090; x_wconf 89' lang='lat' dir='ltr'>eadem</span> <span class='ocrx_word' id='word_1_516' title='bbox 352 4030 472 4091; x_wconf 87' lang='lat' dir='ltr'>ratione</span> <span class='ocrx_word' id='word_1_517' title='bbox 486 4030 536 4091; x_wconf 91' lang='lat' dir='ltr'>vel</span> <span class='ocrx_word' id='word_1_518' title='bbox 549 4031 679 4092; x_wconf 87' lang='lat' dir='ltr'>univoce</span> <span class='ocrx_word' id='word_1_519' title='bbox 697 4049 768 4092; x_wconf 89' lang='lat' dir='ltr'>cum</span> <span class='ocrx_word' id='word_1_520' title='bbox 782 4034 856 4094; x_wconf 85' lang='lat' dir='ltr'>Deo.</span> <span class='ocrx_word' id='word_1_521' title='bbox 908 4030 1024 4108; x_wconf 87' lang='lat' dir='ltr'>aliquid</span> <span class='ocrx_word' id='word_1_522' title='bbox 1038 4030 1071 4090; x_wconf 90' lang='lat' dir='ltr'>in</span> <span class='ocrx_word' id='word_1_523' title='bbox 1092 4048 1129 4091; x_wconf 89' lang='lat' dir='ltr'>ea</span> <span class='ocrx_word' id='word_1_524' title='bbox 1142 4048 1207 4091; x_wconf 91' lang='lat' dir='ltr'>non</span> <span class='ocrx_word' id='word_1_525' title='bbox 1223 4048 1288 4091; x_wconf 89' lang='lat' dir='ltr'>esse</span> <span class='ocrx_word' id='word_1_526' title='bbox 1306 4030 1389 4107; x_wconf 88' lang='lat' dir='ltr'>quod</span> <span class='ocrx_word' id='word_1_527' title='bbox 1412 4035 1489 4090; x_wconf 87' lang='lat' dir='ltr'>erat.</span> <span class='ocrx_word' id='word_1_528' title='bbox 1506 4030 1639 4093; x_wconf 88' lang='lat' dir='ltr'>Proinde</span> <span class='ocrx_word' id='word_1_529' title='bbox 1651 4037 1683 4094; x_wconf 89' lang='lat' dir='ltr'>et</span> 
     </span>
     <span class='ocr_line' id='line_1_42' title="bbox 96 4115 1683 4202; baseline 0.003 -22"><span class='ocrx_word' id='word_1_530' title='bbox 96 4115 165 4178; x_wconf 84' lang='lat' dir='ltr'>Nam</span> <span class='ocrx_word' id='word_1_531' title='bbox 184 4120 266 4182; x_wconf 86' lang='lat' dir='ltr'>Deus</span> <span class='ocrx_word' id='word_1_532' title='bbox 292 4121 358 4181; x_wconf 91' lang='lat' dir='ltr'>sine</span> <span class='ocrx_word' id='word_1_533' title='bbox 383 4121 448 4181; x_wconf 89' lang='lat' dir='ltr'>ulla</span> <span class='ocrx_word' id='word_1_534' title='bbox 474 4123 628 4184; x_wconf 90' lang='lat' dir='ltr'>creatione</span> <span class='ocrx_word' id='word_1_535' title='bbox 649 4142 667 4184; x_wconf 88' lang='lat' dir='ltr'>e</span> <span class='ocrx_word' id='word_1_536' title='bbox 689 4123 860 4185; x_wconf 87' lang='lat' dir='ltr'>substantia</span> <span class='ocrx_word' id='word_1_537' title='bbox 907 4123 973 4202; x_wconf 86' lang='lat' dir='ltr'>ipsa</span> <span class='ocrx_word' id='word_1_538' title='bbox 1000 4122 1105 4183; x_wconf 90' lang='lat' dir='ltr'>anima</span> <span class='ocrx_word' id='word_1_539' title='bbox 1125 4123 1264 4183; x_wconf 89' lang='lat' dir='ltr'>humana</span> <span class='ocrx_word' id='word_1_540' title='bbox 1289 4140 1359 4201; x_wconf 82' lang='lat' dir='ltr'>quae</span> <span class='ocrx_word' id='word_1_541' title='bbox 1383 4128 1546 4202; x_wconf 89' lang='lat' dir='ltr'>propterea</span> <span class='ocrx_word' id='word_1_542' title='bbox 1571 4123 1683 4185; x_wconf 88' lang='lat' dir='ltr'>dicitur</span> 
     </span>
     <span class='ocr_line' id='line_1_43' title="bbox 96 4213 1681 4296; baseline 0.005 -27"><span class='ocrx_word' id='word_1_543' title='bbox 96 4226 144 4270; x_wconf 81' lang='lat' dir='ltr'>nra</span> <span class='ocrx_word' id='word_1_544' title='bbox 169 4219 200 4273; x_wconf 91' lang='lat' dir='ltr'>et</span> <span class='ocrx_word' id='word_1_545' title='bbox 228 4219 343 4275; x_wconf 79' lang='lat' dir='ltr'>aeterne</span> <span class='ocrx_word' id='word_1_546' title='bbox 375 4215 615 4296; x_wconf 88' lang='lat' dir='ltr'>incorruptionis</span> <span class='ocrx_word' id='word_1_547' title='bbox 647 4217 737 4278; x_wconf 90' lang='lat' dir='ltr'>illum</span> <span class='ocrx_word' id='word_1_548' title='bbox 765 4216 860 4277; x_wconf 88' lang='lat' dir='ltr'>habet</span> <span class='ocrx_word' id='word_1_549' title='bbox 908 4213 1102 4288; x_wconf 86' lang='lat' dir='ltr'>immortalis,</span> <span class='ocrx_word' id='word_1_550' title='bbox 1122 4214 1271 4294; x_wconf 76' lang='lat' dir='ltr'>qrronimn</span> <span class='ocrx_word' id='word_1_551' title='bbox 1291 4214 1555 4295; x_wconf 89' lang='lat' dir='ltr'>qualitercumque</span> <span class='ocrx_word' id='word_1_552' title='bbox 1572 4234 1681 4277; x_wconf 86' lang='lat' dir='ltr'>secun-</span> 
     </span>
     <span class='ocr_line' id='line_1_44' title="bbox 96 4305 1680 4388; baseline 0.005 -26"><span class='ocrx_word' id='word_1_553' title='bbox 96 4306 212 4365; x_wconf 85' lang='lat' dir='ltr'>statum.</span> <span class='ocrx_word' id='word_1_554' title='bbox 233 4305 353 4367; x_wconf 79' lang='lat' dir='ltr'>Caelum</span> <span class='ocrx_word' id='word_1_555' title='bbox 371 4325 445 4368; x_wconf 88' lang='lat' dir='ltr'>vero</span> <span class='ocrx_word' id='word_1_556' title='bbox 459 4327 516 4388; x_wconf 89' lang='lat' dir='ltr'>per</span> <span class='ocrx_word' id='word_1_557' title='bbox 535 4309 733 4385; x_wconf 82' lang='lat' dir='ltr'>creationem,</span> <span class='ocrx_word' id='word_1_558' title='bbox 750 4328 789 4369; x_wconf 82' lang='lat' dir='ltr'>en</span> <span class='ocrx_word' id='word_1_559' title='bbox 805 4310 860 4369; x_wconf 85' lang='lat' dir='ltr'>Ilei</span> <span class='ocrx_word' id='word_1_560' title='bbox 908 4307 984 4368; x_wconf 90' lang='lat' dir='ltr'>dum</span> <span class='ocrx_word' id='word_1_561' title='bbox 998 4307 1128 4368; x_wconf 88' lang='lat' dir='ltr'>modum</span> <span class='ocrx_word' id='word_1_562' title='bbox 1141 4325 1233 4368; x_wconf 85' lang='lat' dir='ltr'>suum</span> <span class='ocrx_word' id='word_1_563' title='bbox 1254 4325 1417 4386; x_wconf 89' lang='lat' dir='ltr'>nunquam</span> <span class='ocrx_word' id='word_1_564' title='bbox 1434 4308 1547 4370; x_wconf 88' lang='lat' dir='ltr'>desinit</span> <span class='ocrx_word' id='word_1_565' title='bbox 1566 4308 1680 4387; x_wconf 87' lang='lat' dir='ltr'>vivere,</span> 
     </span>
     <span class='ocr_line' id='line_1_45' title="bbox 96 4394 1682 4481; baseline 0.006 -28"><span class='ocrx_word' id='word_1_566' title='bbox 96 4394 245 4458; x_wconf 87' lang='lat' dir='ltr'>voluntate</span> <span class='ocrx_word' id='word_1_567' title='bbox 257 4399 352 4461; x_wconf 89' lang='lat' dir='ltr'>habet</span> <span class='ocrx_word' id='word_1_568' title='bbox 369 4405 404 4460; x_wconf 93' lang='lat' dir='ltr'>ut</span> <span class='ocrx_word' id='word_1_569' title='bbox 422 4401 461 4460; x_wconf 90' lang='lat' dir='ltr'>sit</span> <span class='ocrx_word' id='word_1_570' title='bbox 481 4400 723 4481; x_wconf 70' lang='lat' dir='ltr'>mcormptuml.</span> <span class='ocrx_word' id='word_1_571' title='bbox 736 4423 751 4458; x_wconf 84' lang='lat' dir='ltr'>n</span> <span class='ocrx_word' id='word_1_572' title='bbox 770 4401 859 4462; x_wconf 89' lang='lat' dir='ltr'>Unde</span> <span class='ocrx_word' id='word_1_573' title='bbox 908 4399 1002 4460; x_wconf 88' lang='lat' dir='ltr'>habet</span> <span class='ocrx_word' id='word_1_574' title='bbox 1021 4404 1127 4461; x_wconf 88' lang='lat' dir='ltr'>tamen</span> <span class='ocrx_word' id='word_1_575' title='bbox 1149 4418 1206 4479; x_wconf 89' lang='lat' dir='ltr'>pro</span> <span class='ocrx_word' id='word_1_576' title='bbox 1229 4400 1295 4479; x_wconf 92' lang='lat' dir='ltr'>ipso</span> <span class='ocrx_word' id='word_1_577' title='bbox 1316 4418 1373 4461; x_wconf 90' lang='lat' dir='ltr'>suo</span> <span class='ocrx_word' id='word_1_578' title='bbox 1398 4400 1492 4461; x_wconf 88' lang='lat' dir='ltr'>modo</span> <span class='ocrx_word' id='word_1_579' title='bbox 1515 4402 1682 4479; x_wconf 88' lang='lat' dir='ltr'>quamdam</span> 
     </span>
     <span class='ocr_line' id='line_1_46' title="bbox 97 4489 1681 4573; baseline 0 -19"><span class='ocrx_word' id='word_1_580' title='bbox 97 4489 232 4554; x_wconf 77' lang='lat' dir='ltr'>nonnulli</span> <span class='ocrx_word' id='word_1_581' title='bbox 247 4492 439 4553; x_wconf 86' lang='lat' dir='ltr'>immortales</span> <span class='ocrx_word' id='word_1_582' title='bbox 461 4492 520 4553; x_wconf 89' lang='lat' dir='ltr'>dici</span> <span class='ocrx_word' id='word_1_583' title='bbox 537 4498 644 4555; x_wconf 88' lang='lat' dir='ltr'>vetant</span> <span class='ocrx_word' id='word_1_584' title='bbox 661 4494 787 4572; x_wconf 90' lang='lat' dir='ltr'>angelos</span> <span class='ocrx_word' id='word_1_585' title='bbox 806 4499 861 4554; x_wconf 90' lang='lat' dir='ltr'>aut</span> <span class='ocrx_word' id='word_1_586' title='bbox 908 4496 1042 4553; x_wconf 88' lang='lat' dir='ltr'>mortem</span> <span class='ocrx_word' id='word_1_587' title='bbox 1053 4511 1153 4569; x_wconf 92' lang='lat' dir='ltr'>suam,</span> <span class='ocrx_word' id='word_1_588' title='bbox 1170 4492 1243 4571; x_wconf 87' lang='lat' dir='ltr'>quia</span> <span class='ocrx_word' id='word_1_589' title='bbox 1256 4493 1282 4552; x_wconf 90' lang='lat' dir='ltr'>si</span> <span class='ocrx_word' id='word_1_590' title='bbox 1287 4492 1370 4571; x_wconf 86' lang='lat' dir='ltr'>juste</span> <span class='ocrx_word' id='word_1_591' title='bbox 1384 4492 1507 4553; x_wconf 87' lang='lat' dir='ltr'>vivebat</span> <span class='ocrx_word' id='word_1_592' title='bbox 1520 4498 1552 4553; x_wconf 92' lang='lat' dir='ltr'>et</span> <span class='ocrx_word' id='word_1_593' title='bbox 1564 4498 1681 4573; x_wconf 89' lang='lat' dir='ltr'>peccat,</span> 
     </span>
     <span class='ocr_line' id='line_1_47' title="bbox 97 4575 1684 4665; baseline 0.006 -27"><span class='ocrx_word' id='word_1_594' title='bbox 97 4575 252 4643; x_wconf 87' lang='lat' dir='ltr'>hominum</span> <span class='ocrx_word' id='word_1_595' title='bbox 272 4584 403 4660; x_wconf 88' lang='lat' dir='ltr'>animas,</span> <span class='ocrx_word' id='word_1_596' title='bbox 426 4603 539 4663; x_wconf 84' lang='lat' dir='ltr'>eosque</span> <span class='ocrx_word' id='word_1_597' title='bbox 559 4585 704 4646; x_wconf 85' lang='lat' dir='ltr'>mortales</span> <span class='ocrx_word' id='word_1_598' title='bbox 725 4604 790 4646; x_wconf 89' lang='lat' dir='ltr'>esse</span> <span class='ocrx_word' id='word_1_599' title='bbox 808 4604 877 4649; x_wconf 83' lang='grc' dir='ltr'>νο,</span> <span class='ocrx_word' id='word_1_600' title='bbox 908 4584 1040 4645; x_wconf 91' lang='lat' dir='ltr'>moritur</span> <span class='ocrx_word' id='word_1_601' title='bbox 1054 4585 1193 4664; x_wconf 73' lang='lat' dir='ltr'>justitiae.</span> <span class='ocrx_word' id='word_1_602' title='bbox 1216 4585 1249 4645; x_wconf 85' lang='lat' dir='ltr'>Si</span> <span class='ocrx_word' id='word_1_603' title='bbox 1269 4585 1424 4664; x_wconf 86' lang='lat' dir='ltr'>peccatrix</span> <span class='ocrx_word' id='word_1_604' title='bbox 1444 4590 1511 4645; x_wconf 89' lang='lat' dir='ltr'>erat</span> <span class='ocrx_word' id='word_1_605' title='bbox 1528 4591 1560 4647; x_wconf 91' lang='lat' dir='ltr'>et</span> <span class='ocrx_word' id='word_1_606' title='bbox 1573 4585 1684 4665; x_wconf 81' lang='lat' dir='ltr'>justifi-</span> 
     </span>
    </p>
   </div>
   <div class='ocr_carea' id='block_1_3' title="bbox 95 4668 1684 4852">
    <p class='ocr_par' dir='ltr' id='par_1_4' title="bbox 95 4668 1684 4852">
     <span class='ocr_line' id='line_1_48' title="bbox 97 4668 1684 4758; baseline 0.007 -29"><span class='ocrx_word' id='word_1_607' title='bbox 97 4668 170 4749; x_wconf 89' lang='lat' dir='ltr'>lnnt,</span> <span class='ocrx_word' id='word_1_608' title='bbox 185 4675 267 4753; x_wconf 82' lang='lat' dir='ltr'>quod</span> <span class='ocrx_word' id='word_1_609' title='bbox 278 4677 357 4755; x_wconf 89' lang='lat' dir='ltr'>eripi</span> <span class='ocrx_word' id='word_1_610' title='bbox 369 4676 407 4736; x_wconf 89' lang='lat' dir='ltr'>iis</span> <span class='ocrx_word' id='word_1_611' title='bbox 421 4695 439 4737; x_wconf 90' lang='lat' dir='ltr'>a</span> <span class='ocrx_word' id='word_1_612' title='bbox 454 4678 517 4738; x_wconf 89' lang='lat' dir='ltr'>Deo</span> <span class='ocrx_word' id='word_1_613' title='bbox 535 4677 599 4737; x_wconf 87' lang='lat' dir='ltr'>vita</span> <span class='ocrx_word' id='word_1_614' title='bbox 612 4677 666 4737; x_wconf 87' lang='lat' dir='ltr'>illa</span> <span class='ocrx_word' id='word_1_615' title='bbox 681 4682 712 4738; x_wconf 89' lang='lat' dir='ltr'>et</span> <span class='ocrx_word' id='word_1_616' title='bbox 729 4677 859 4738; x_wconf 91' lang='lat' dir='ltr'>immor-</span> <span class='ocrx_word' id='word_1_617' title='bbox 909 4682 1006 4753; x_wconf 88' lang='lat' dir='ltr'>catur,</span> <span class='ocrx_word' id='word_1_618' title='bbox 1026 4678 1160 4738; x_wconf 82' lang='lat' dir='ltr'>moritur</span> <span class='ocrx_word' id='word_1_619' title='bbox 1180 4681 1315 4757; x_wconf 88' lang='lat' dir='ltr'>peccato,</span> <span class='ocrx_word' id='word_1_620' title='bbox 1338 4684 1374 4738; x_wconf 90' lang='lat' dir='ltr'>ut</span> <span class='ocrx_word' id='word_1_621' title='bbox 1398 4678 1473 4739; x_wconf 88' lang='lat' dir='ltr'>alias</span> <span class='ocrx_word' id='word_1_622' title='bbox 1491 4678 1558 4758; x_wconf 87' lang='lat' dir='ltr'>ejus</span> <span class='ocrx_word' id='word_1_623' title='bbox 1584 4684 1684 4741; x_wconf 88' lang='lat' dir='ltr'>muta·</span> 
     </span>
     <span class='ocr_line' id='line_1_49' title="bbox 95 4763 1683 4852; baseline 0.004 -26"><span class='ocrx_word' id='word_1_624' title='bbox 95 4763 190 4827; x_wconf 86' lang='lat' dir='ltr'>talitas</span> <span class='ocrx_word' id='word_1_625' title='bbox 208 4773 318 4846; x_wconf 89' lang='lat' dir='ltr'>potest,</span> <span class='ocrx_word' id='word_1_626' title='bbox 339 4768 385 4830; x_wconf 91' lang='lat' dir='ltr'>uti</span> <span class='ocrx_word' id='word_1_627' title='bbox 410 4768 470 4830; x_wconf 89' lang='lat' dir='ltr'>alio</span> <span class='ocrx_word' id='word_1_628' title='bbox 491 4769 525 4830; x_wconf 91' lang='lat' dir='ltr'>in</span> <span class='ocrx_word' id='word_1_629' title='bbox 552 4769 619 4830; x_wconf 86' lang='lat' dir='ltr'>loeo</span> <span class='ocrx_word' id='word_1_630' title='bbox 641 4769 771 4831; x_wconf 86' lang='lat' dir='ltr'>dicetur.</span> <span class='ocrx_word' id='word_1_631' title='bbox 798 4770 862 4830; x_wconf 80' lang='lat' dir='ltr'>dut</span> <span class='ocrx_word' id='word_1_632' title='bbox 908 4769 1009 4831; x_wconf 89' lang='lat' dir='ltr'>tiones</span> <span class='ocrx_word' id='word_1_633' title='bbox 1025 4774 1145 4831; x_wconf 87' lang='lat' dir='ltr'>taceam</span> <span class='ocrx_word' id='word_1_634' title='bbox 1165 4769 1204 4830; x_wconf 90' lang='lat' dir='ltr'>de</span> <span class='ocrx_word' id='word_1_635' title='bbox 1229 4770 1342 4850; x_wconf 77' lang='lat' dir='ltr'>‹pribns</span> <span class='ocrx_word' id='word_1_636' title='bbox 1365 4770 1496 4851; x_wconf 86' lang='lat' dir='ltr'>longum</span> <span class='ocrx_word' id='word_1_637' title='bbox 1516 4774 1562 4831; x_wconf 88' lang='grc' dir='ltr'><strong>θεῖ</strong></span> <span class='ocrx_word' id='word_1_638' title='bbox 1581 4771 1683 4852; x_wconf 85' lang='lat' dir='ltr'>dispu-</span> 
     </span>
    </p>
   </div>
   <div class='ocr_carea' id='block_1_4' title="bbox 14 5023 1683 5348">
    <p class='ocr_par' dir='ltr' id='par_1_5' title="bbox 14 5023 1683 5265">
     <span class='ocr_line' id='line_1_50' title="bbox 129 5023 1683 5098; baseline 0.001 -20"><span class='ocrx_word' id='word_1_639' title='bbox 129 5036 150 5077; x_wconf 84' lang='lat' dir='ltr'>a</span> <span class='ocrx_word' id='word_1_640' title='bbox 166 5023 338 5081; x_wconf 76' lang='lat' dir='ltr'>Tnononur.</span> <span class='ocrx_word' id='word_1_641' title='bbox 365 5024 444 5098; x_wconf 77' lang='grc' dir='ltr'><strong>θθσθᾳ</strong></span> <span class='ocrx_word' id='word_1_642' title='bbox 471 5024 607 5098; x_wconf 71' lang='grc' dir='ltr'><strong>ἀθάνατος,</strong></span> <span class='ocrx_word' id='word_1_643' title='bbox 637 5023 803 5098; x_wconf 78' lang='grc' dir='ltr'><strong>οθρετονσίᾳ·</strong></span> <span class='ocrx_word' id='word_1_644' title='bbox 830 5023 860 5080; x_wconf 73' lang='lat' dir='ltr'>od</span> <span class='ocrx_word' id='word_1_645' title='bbox 909 5025 958 5097; x_wconf 82' lang='grc' dir='ltr'><strong>θεῷ</strong></span> <span class='ocrx_word' id='word_1_646' title='bbox 972 5024 1127 5098; x_wconf 72' lang='grc' dir='ltr'>ὀνομάζομεν</span> <span class='ocrx_word' id='word_1_647' title='bbox 1141 5025 1273 5098; x_wconf 75' lang='grc' dir='ltr'><strong>ἄφθαρτον·</strong></span> <span class='ocrx_word' id='word_1_648' title='bbox 1296 5023 1366 5098; x_wconf 74' lang='grc' dir='ltr'><strong>ὁρθν</strong></span> <span class='ocrx_word' id='word_1_649' title='bbox 1386 5024 1435 5098; x_wconf 73' lang='grc' dir='ltr'>γὰρ</span> <span class='ocrx_word' id='word_1_650' title='bbox 1449 5025 1503 5087; x_wconf 72' lang='grc' dir='ltr'><strong>θεὸς</strong></span> <span class='ocrx_word' id='word_1_651' title='bbox 1524 5023 1643 5088; x_wconf 59' lang='lat' dir='ltr'>tartaron</span> <span class='ocrx_word' id='word_1_652' title='bbox 1656 5023 1683 5079; x_wconf 77' lang='grc' dir='ltr'>ἔκ</span> 
     </span>
     <span class='ocr_line' id='line_1_51' title="bbox 97 5102 1683 5182; baseline 0.002 -23"><span class='ocrx_word' id='word_1_653' title='bbox 97 5102 140 5175; x_wconf 71' lang='grc' dir='ltr'>γὰρ</span> <span class='ocrx_word' id='word_1_654' title='bbox 152 5108 210 5179; x_wconf 76' lang='grc' dir='ltr'>παρ’</span> <span class='ocrx_word' id='word_1_655' title='bbox 225 5106 306 5181; x_wconf 71' lang='lat' dir='ltr'>tripos</span> <span class='ocrx_word' id='word_1_656' title='bbox 320 5108 452 5162; x_wconf 77' lang='grc' dir='ltr'><strong>ἅθανασθαν</strong></span> <span class='ocrx_word' id='word_1_657' title='bbox 467 5107 519 5182; x_wconf 74' lang='grc' dir='ltr'>ἔχει</span> <span class='ocrx_word' id='word_1_658' title='bbox 532 5108 627 5162; x_wconf 77' lang='grc' dir='ltr'><strong>λαθών.</strong></span> <span class='ocrx_word' id='word_1_659' title='bbox 908 5111 952 5174; x_wconf 71' lang='grc' dir='ltr'>τῆς</span> <span class='ocrx_word' id='word_1_660' title='bbox 967 5107 1041 5161; x_wconf 73' lang='lat' dir='ltr'>abacti</span> <span class='ocrx_word' id='word_1_661' title='bbox 1055 5107 1158 5175; x_wconf 76' lang='grc' dir='ltr'><strong>οθσῖας,</strong></span> <span class='ocrx_word' id='word_1_662' title='bbox 1181 5110 1223 5162; x_wconf 81' lang='grc' dir='ltr'>καὶ</span> <span class='ocrx_word' id='word_1_663' title='bbox 1245 5107 1332 5170; x_wconf 69' lang='lat' dir='ltr'>tibin&lt;</span> <span class='ocrx_word' id='word_1_664' title='bbox 1344 5107 1373 5162; x_wconf 79' lang='grc' dir='ltr'><strong>τθ</strong></span> <span class='ocrx_word' id='word_1_665' title='bbox 1400 5106 1520 5180; x_wconf 71' lang='grc' dir='ltr'><strong>ἄφθαρτον</strong></span> <span class='ocrx_word' id='word_1_666' title='bbox 1549 5107 1611 5181; x_wconf 81' lang='grc' dir='ltr'>ἔχει·</span> <span class='ocrx_word' id='word_1_667' title='bbox 1627 5107 1683 5162; x_wconf 71' lang='grc' dir='ltr'>ὁδὶ</span> 
     </span>
     <span class='ocr_line' id='line_1_52' title="bbox 14 5186 1683 5265; baseline 0.002 -22"><span class='ocrx_word' id='word_1_668' title='bbox 14 5186 18 5197; x_wconf 78' lang='grc'><strong>’</strong></span> <span class='ocrx_word' id='word_1_669' title='bbox 130 5188 261 5247; x_wconf 69' lang='grc'><strong>11113111.</strong></span> <span class='ocrx_word' id='word_1_670' title='bbox 281 5208 308 5263; x_wconf 92' lang='lat' dir='ltr'>p.</span> <span class='ocrx_word' id='word_1_671' title='bbox 331 5190 396 5247; x_wconf 76' lang='grc'><strong>151.</strong></span> <span class='ocrx_word' id='word_1_672' title='bbox 418 5190 485 5249; x_wconf 83' lang='lat' dir='ltr'>edit.</span> <span class='ocrx_word' id='word_1_673' title='bbox 502 5192 597 5249; x_wconf 79' lang='lat' dir='ltr'>Come.</span> <span class='ocrx_word' id='word_1_674' title='bbox 624 5190 672 5244; x_wconf 79' lang='grc'><strong>11111</strong></span> <span class='ocrx_word' id='word_1_675' title='bbox 695 5189 717 5244; x_wconf 80' lang='lat' dir='ltr'>sl</span> <span class='ocrx_word' id='word_1_676' title='bbox 738 5189 859 5263; x_wconf 78' lang='grc' dir='ltr'><strong>θρθαρτον</strong></span> <span class='ocrx_word' id='word_1_677' title='bbox 909 5189 1012 5262; x_wconf 78' lang='grc' dir='ltr'><strong>οθρανθς</strong></span> <span class='ocrx_word' id='word_1_678' title='bbox 1026 5196 1131 5252; x_wconf 54' lang='lat' dir='ltr'>aaran&lt;</span> <span class='ocrx_word' id='word_1_679' title='bbox 1146 5188 1172 5243; x_wconf 81' lang='grc' dir='ltr'>ἔκ</span> <span class='ocrx_word' id='word_1_680' title='bbox 1187 5194 1230 5258; x_wconf 76' lang='grc' dir='ltr'>τῆς</span> <span class='ocrx_word' id='word_1_681' title='bbox 1256 5194 1300 5245; x_wconf 81' lang='grc' dir='ltr'>τοῦ</span> <span class='ocrx_word' id='word_1_682' title='bbox 1327 5190 1383 5243; x_wconf 75' lang='grc' dir='ltr'><strong>θεοῦ</strong></span> <span class='ocrx_word' id='word_1_683' title='bbox 1411 5190 1551 5261; x_wconf 74' lang='grc' dir='ltr'><strong>βουλήσεως</strong></span> <span class='ocrx_word' id='word_1_684' title='bbox 1577 5191 1629 5265; x_wconf 65' lang='lat' dir='ltr'>{pst</span> <span class='ocrx_word' id='word_1_685' title='bbox 1653 5192 1683 5245; x_wconf 82' lang='lat' dir='ltr'>rd</span> 
     </span>
    </p>

    <p class='ocr_par' dir='ltr' id='par_1_6' title="bbox 97 5268 1227 5348">
     <span class='ocr_line' id='line_1_53' title="bbox 97 5268 1227 5348; baseline -0.001 -20"><span class='ocrx_word' id='word_1_686' title='bbox 97 5268 196 5344; x_wconf 64' lang='grc' dir='ltr'>ὶέγοριν</span> <span class='ocrx_word' id='word_1_687' title='bbox 215 5274 256 5328; x_wconf 74' lang='lat' dir='ltr'>ala</span> <span class='ocrx_word' id='word_1_688' title='bbox 276 5273 421 5348; x_wconf 77' lang='grc' dir='ltr'><strong>οθρανθντθ</strong></span> <span class='ocrx_word' id='word_1_689' title='bbox 441 5278 501 5341; x_wconf 77' lang='grc' dir='ltr'><strong>νῦν,</strong></span> <span class='ocrx_word' id='word_1_690' title='bbox 522 5274 550 5328; x_wconf 77' lang='lat' dir='ltr'>od</span> <span class='ocrx_word' id='word_1_691' title='bbox 568 5272 713 5346; x_wconf 74' lang='grc' dir='ltr'><strong>ωνωνθρως</strong></span> <span class='ocrx_word' id='word_1_692' title='bbox 727 5271 800 5327; x_wconf 71' lang='lat' dir='ltr'>aiala</span> <span class='ocrx_word' id='word_1_693' title='bbox 823 5277 860 5345; x_wconf 78' lang='grc' dir='ltr'>τῷ</span> <span class='ocrx_word' id='word_1_694' title='bbox 909 5273 1040 5346; x_wconf 72' lang='grc' dir='ltr'><strong>ἄφθαρτον.</strong></span> <span class='ocrx_word' id='word_1_695' title='bbox 1222 5300 1227 5309; x_wconf 58' lang='lat'><em>1</em></span> 
     </span>
    </p>
   </div>
   <div class='ocr_carea' id='block_1_5' title="bbox 122 5472 1031 5646">
    <p class='ocr_par' dir='ltr' id='par_1_7' title="bbox 122 5472 1031 5646">
     <span class='ocr_line' id='line_1_54' title="bbox 122 5472 1031 5536; baseline 0.002 -15"><span class='ocrx_word' id='word_1_696' title='bbox 122 5472 133 5518; x_wconf 88' lang='grc'>1</span> <span class='ocrx_word' id='word_1_697' title='bbox 146 5473 198 5532; x_wconf 71' lang='lat' dir='ltr'>tu.</span> <span class='ocrx_word' id='word_1_698' title='bbox 210 5478 292 5524; x_wconf 70' lang='lat' dir='ltr'>n-‘r</span> <span class='ocrx_word' id='word_1_699' title='bbox 303 5478 320 5524; x_wconf 94' lang='grc'>1.</span> <span class='ocrx_word' id='word_1_700' title='bbox 336 5478 390 5525; x_wconf 74' lang='lat' dir='ltr'>nu.</span> <span class='ocrx_word' id='word_1_701' title='bbox 403 5490 433 5523; x_wconf 74' lang='lat' dir='ltr'>a.</span> <span class='ocrx_word' id='word_1_702' title='bbox 446 5478 536 5526; x_wconf 82' lang='grc' dir='ltr'><strong>1ο.-ο</strong></span> <span class='ocrx_word' id='word_1_703' title='bbox 546 5477 598 5534; x_wconf 74' lang='lat' dir='ltr'>cu.</span> <span class='ocrx_word' id='word_1_704' title='bbox 611 5477 697 5523; x_wconf 76' lang='lat' dir='ltr'>n.-r</span> <span class='ocrx_word' id='word_1_705' title='bbox 708 5477 756 5524; x_wconf 83' lang='grc'><strong>111.</strong></span> <span class='ocrx_word' id='word_1_706' title='bbox 769 5476 1031 5536; x_wconf 61' lang='grc'><strong>1111111111111111.</strong></span> 
     </span>
     <span class='ocr_line' id='line_1_55' title="bbox 250 5584 372 5646; baseline 0.016 -3"><span class='ocrx_word' id='word_1_707' title='bbox 250 5584 326 5646; x_wconf 85' lang='grc' dir='ltr'><strong>Το11.</strong></span> <span class='ocrx_word' id='word_1_708' title='bbox 348 5584 372 5645; x_wconf 89' lang='grc'>1.</span> 
     </span>
    </p>
   </div>
   <div class='ocr_carea' id='block_1_6' title="bbox 0 0 1981 6164">
    <p class='ocr_par' dir='ltr' id='par_1_8' title="bbox 0 0 1981 6164">
     <span class='ocr_line' id='line_1_56' title="bbox 0 0 1981 6164; baseline 0 0"><span class='ocrx_word' id='word_1_709' title='bbox 0 0 1981 6164; x_wconf 95' lang='lat' dir='ltr'> </span> 
     </span>
    </p>
   </div>
  </div>
 </body>
</html>
