3956 6168
125 713 966 868 THEOLOGICORUM
1054 718 1624 869 DOGMATUM

674 1065 802 1203 DE
860 1064 1060 1206 DEO

530 1356 730 1444 DElQUE
774 1357 1234 1430 PROPRIETATIBUS

381 1605 642 1619 D*-

604 1840 802 1929 LIBER
842 1838 1129 1939 QUINTUS

281 2085 316 2145 lN
337 2085 406 2153 QUO
424 2086 469 2144 DE
490 2084 698 2143 votuurlru
716 2084 793 2156 lilii,
814 2082 986 2151 ΡΟΤΕΝΤΙΑ
1004 2084 1047 2142 ΕΤ
1066 2083 1287 2144 OPERATIONE
1307 2083 1451 2143 iGl'l'Ull.

707 2312 1025 2364 -ήΦ-ο-υ-

886 2684 927 2754 ad
938 2694 995 2756 Dei
1002 2692 1179 2757 libertatem
1193 2694 1403 2775 indagandam
1418 2696 1588 2759 necessaria
1601 2702 1657 2779 eet,

888 2787 1167 2867 eamexpliecmus.

220 2850 410 2934 CAPUT
448 2850 680 2933 PRIMUM.
927 2876 1657 2962 Liberumidoommuniotinsiaquodamhu-
1700 2896 1818 2964 noenia

886 2972 990 3032 manis
1007 2972 1166 3033 mantibus
1187 2972 1314 3032 notione
1341 2968 1466 3052 dieitur,
1496 2974 1582 3054 quod
1608 2979 1658 3039 sui
1696 2959 1816 3060 ᾚῗξὲἳῃᾎῗ

883 3064 963 3143 juris
977 3070 1032 3125 est.
1048 3066 1153 3144 ltaque
1167 3063 1275 3124 definit
1287 3063 1463 3126 libertatem
1484 3066 1587 3129 Cicero
1601 3069 1656 3149 sic,

85 3154 120 3217 oe
130 3155 269 3218 voluntate
287 3152 345 3218 Dei
358 3174 393 3217 oc
412 3152 556 3216 libertate.
568 3154 613 3215 Ao
622 3155 757 3237 pro‘mum
771 3154 838 3217 uni·
887 3163 923 3216 ut
935 3157 975 3217 sit
992 3161 1154 3237 «potestas
1166 3152 1291 3216 vivendi
1308 3160 1344 3216 ut
1366 3155 1474 3219 velis¹.
1494 3180 1510 3217 a
1536 3161 1574 3220 Et
1595 3158 1658 3223 alio

114 3267 183 3311 once
193 3248 228 3310 de
238 3247 380 3316 libertate,
397 3247 431 3308 in
445 3247 549 3329 quoait
562 3247 625 3328 ejuc
633 3247 733 3328 posito
746 3247 834 3308 ratio.
887 3248 921 3308 in
934 3248 1020 3310 loeo:
1046 3270 1062 3307 o
1076 3249 1149 3309 Hoec
1163 3253 1236 3310 sunt
1253 3246 1457 3311 fundamenta
1480 3250 1658 3316 firmissima

116 3340 276 3402 detenditur
288 3341 321 3401 in
334 3360 366 3400 eo
379 3340 466 3400 sitam
480 3358 546 3408 ene,
563 3338 641 3420 qood
654 3340 686 3399 ia
698 3346 838 3421 potestate
885 3346 999 3402 nostrae
1012 3341 1173 3419 libertatis,
1189 3341 1239 3402 sui
1260 3359 1416 3422 quemque
1438 3340 1520 3421 juris
1543 3351 1575 3405 et
1587 3349 1659 3409 reti-

115 3431 311 3515 uanoque,
323 3432 490 3497 onerariis
498 3430 630 3492 omnious
643 3430 683 3493 ad
691 3429 836 3512 opendom
885 3435 981 3495 nendi
994 3440 1025 3495 et
1038 3434 1213 3495 dimittendi
1234 3453 1299 3495 esse
1321 3435 1512 3498 dominum'.
1524 3458 1539 3494 n
1557 3437 1574 3499 J
1577 3440 1656 3501 uris-

111 3526 216 3606 pontio,
249 3523 330 3608 qaod
345 3523 497 3607 imprimis
526 3543 563 3583 eu
591 3522 836 3605 philosophorum
886 3526 1019 3587 consulti
1036 3544 1110 3587 vero
1132 3525 1308 3588 libertatem
1321 3527 1488 3589 aiuntesse
1506 3536 1657 3594 enatura-

114 3616 220 3701 oliqaot
237 3615 410 3700 prutilium,
435 3625 469 3677 ut
482 3614 650 3678 Aristotelis
672 3624 699 3675 et
720 3623 836 3677 coetero
884 3616 947 3680 lem
963 3619 1138 3681 facultatem
1152 3619 1217 3698 ejus
1231 3620 1314 3700 quod
1328 3620 1439 3701 cuique
1452 3620 1551 3684 lacere
1568 3622 1655 3703 libet,

113 3728 182 3780 neo,
197 3724 249 3771 uec
263 3706 472 3771 oooPln'lom'r
485 3708 658 3769 testimoniis
673 3726 707 3769 oo
716 3706 836 3770 dometio
884 3711 985 3772 nisisi
1000 3712 1076 3793 quid
1089 3712 1121 3773 ri
1130 3717 1185 3773 aut
1193 3713 1265 3792 jure
1279 3708 1461 3793 prohibetur
1471 3710 1494 3775 ⁸.
1510 3735 1526 3772 o

110 3800 207 3882 probat
248 3849 256 3864 .
924 3803 962 3865 ll.
979 3804 1039 3865 Sed
1052 3804 1179 3866 libertas
1192 3806 1377 3885 plerumque
1392 3810 1506 3867 statum
1519 3798 1656 3871 hominis

885 3897 1154 3977 conditionemque
1177 3897 1339 3977 significat,
1363 3902 1395 3959 et
1416 3903 1488 3959 tuno
1514 3902 1656 3979 opposita

113 3985 134 4047 l.
147 3986 263 4048 Natum
275 3983 378 4045 omnis
390 3982 512 4044 ratione
526 3982 655 4063 praedito
669 3980 787 4063 duplici
796 3985 835 4045 ad
884 3993 931 4049 est
957 3989 1108 4050 servituti.
1138 3986 1187 4049 Sia
1218 3988 1427 4050 Tertullianus
1460 3990 1494 4049 in
1520 3992 1655 4054 secundo

80 4079 219 4156 egendum
233 4075 376 4139 facultate
391 4076 514 4152 nititur,
534 4094 669 4156 quarum
683 4077 772 4137 alteri
786 4078 834 4137 in·
884 4090 985 4142 contro
995 4080 1194 4142 Marcionem:
1214 4103 1229 4137 o
1244 4081 1400 4159 liberum,
1421 4081 1534 4162 inquit,
1555 4088 1586 4146 et
1605 4085 1655 4146 sui

79 4168 334 4250 telligentia,alteri
340 4167 486 4249 appetitio
496 4169 672 4229 otvoluntas
680 4170 833 4249 congruit.
884 4170 1044 4233 arbitriict
1056 4191 1120 4233 snae
1143 4172 1300 4254 potcstatis
1313 4172 1441 4234 invenio
1463 4174 1656 4238 bominema

80 4260 116 4321 lie
126 4263 234 4343 priore,
248 4262 310 4323 boc
323 4267 369 4321 est
382 4260 510 4321 scientia
519 4261 585 4337 Dei,
601 4260 688 4342 prius
701 4262 832 4340 egimus,
884 4266 947 4325 Deo
956 4264 1146 4341 institutum,
1163 4286 1177 4321 o
1191 4270 1227 4325 ut
1244 4265 1283 4326 sit
1297 4266 1430 4327 idemne
1445 4264 1583 4328 solutum
1597 4287 1654 4332 nee

80 4359 151 4415 nunt
168 4355 205 4416 de
220 4354 381 4415 voluntate
402 4351 580 4413 dicendum.
604 4353 703 4428 Quam
717 4353 836 4415 etlibe-
884 4355 1077 4435 obstrictum,
1102 4376 1227 4438 suaque
1250 4359 1368 4439 spontis
1381 4377 1440 4421 neo
1458 4359 1552 4420 alieni
1569 4358 1653 4423 arbi-

79 4460 136 4505 um
154 4452 184 4507 et
200 4444 341 4526 suijuris
358 4462 423 4505 essa
445 4462 569 4505 necessa
592 4451 648 4521 est,
675 4451 711 4505 ut
724 4445 836 4506 intelli-
883 4449 936 4509 trii
957 4450 1011 4511 sed
1024 4451 1083 4512 sui.
1101 4451 1158 4511 Hic
1171 4469 1245 4512 vero
1259 4451 1385 4531 proprie
1398 4456 1526 4513 voratur
1540 4473 1558 4515 a
1573 4455 1654 4517 Grae-

78 4542 157 4613 gentc
169 4542 199 4599 et
210 4536 356 4599 rationali
363 4542 475 4598 natura
483 4537 577 4617 digna
590 4537 639 4598 sit.
655 4537 834 4618 cujusmodi
884 4542 927 4602 cis
940 4550 1063 4625 ἐλεύθερος
1089 4550 1121 4603 et
1134 4548 1266 4625 ἐλευθερία,
1283 4541 1410 4621 libertos,
1436 4563 1506 4625 quae
1522 4550 1554 4607 et
1574 4546 1655 4630 inpe-

78 4624 106 4685 in
129 4628 188 4690 Deo
211 4647 276 4691 esse
300 4634 469 4708 antequam
482 4628 683 4705 ostendimus,
695 4631 834 4713 primum
883 4632 983 4695 auitos
1002 4634 1123 4713 dicitur,
1146 4640 1177 4696 et
1190 4641 1312 4716 ἐλεύθερος
1326 4635 1479 4717 inponam.
1507 4638 1549 4700 Ut
1570 4640 1654 4721 apud

79 4719 143 4795 quid
163 4722 200 4782 sit
217 4739 283 4782 esse
309 4721 445 4781 liberum
463 4726 495 4781 et
520 4726 673 4800 quatenus
691 4720 834 4782 voluntas
884 4725 1094 4806 Epiphaniam
1126 4733 1237 4810 ἐλευθέρα
1250 4734 1308 4809 γυνὴ
1347 4727 1475 4811 inpendo
1511 4730 1652 4794 molier&

78 4807 163 4873 libera
174 4814 303 4889 dicamr,
332 4812 438 4894 paucis
451 4813 670 4893 exponendum
692 4818 748 4875 est.
769 4813 834 4874 Nisi
883 4816 984 4898 Atque
997 4819 1066 4879 baec
1074 4819 1227 4879 libertatis
1237 4818 1352 4900 speeies
1357 4818 1654 4899 jurisconsultorum

78 4902 151 4964 enim
161 4902 219 4966 hoe
230 4905 349 4985 liquido
368 4904 596 4983 constituimus,
615 4902 723 4966 totuin
738 4906 835 4967 ambi·
883 4911 1009 4990 propria
1023 4917 1079 4972 est.
1110 4912 1171 4973 Sed
1196 4918 1243 4972 cst
1255 4912 1314 4972 ista
1327 4912 1414 4991 prior
1441 4919 1472 4974 et
1493 4915 1653 4995 antiquior

78 4995 183 5071 gnitate
208 4999 292 5060 vocis
318 4997 545 5058 conflictabitur
582 4998 680 5059 oratio
714 5004 831 5060 nostra.
883 5002 991 5078 altera,
1007 5020 1102 5081 quam
1115 5003 1374 5083 philosophorum
1392 5006 1566 5083 pracsertim
1588 5026 1654 5069 mo-

79 5084 288 5167 Noqnetamen
301 5089 455 5170 copiosius
473 5107 568 5170 quam
581 5090 833 5170 praesensrequi-
882 5093 996 5155 ratium
1020 5095 1178 5174 propriam
1206 5095 1361 5175 appellare
1386 5114 1561 5177 possumus,
1582 5118 1652 5180 quae

79 5178 113 5238 rit
123 5198 203 5259 usna,
218 5181 421 5263 quaestionem
434 5181 525 5243 istam
538 5182 598 5242 hoo
612 5182 679 5242 loco
693 5181 835 5243 tractabi-
883 5185 1072 5266 principium
1086 5192 1132 5246 est
1145 5186 1355 5247 humanarum
1373 5188 1542 5267 actionum,
1558 5209 1653 5272 aqua

79 5272 237 5335 mnnNam
250 5272 414 5355 proprium
433 5273 559 5335 babebit
577 5274 681 5336 locum
694 5272 834 5336 humana
882 5278 974 5339 liberi
987 5278 1131 5339 homines
1148 5285 1180 5340 et
1192 5279 1327 5340 liberum
1349 5280 1525 5359 arbitrium,
1541 5282 1652 5346 libera·

78 5367 233 5440 prasertim
244 5366 372 5427 libertas
384 5370 558 5427 autoreata.
580 5367 668 5428 Nunc
681 5372 834 5446 quatenus
883 5387 944 5448 que
957 5371 1101 5432 voluntas
1115 5370 1241 5448 dicitur,
1257 5373 1291 5432 in
1304 5390 1366 5452 qua
1385 5372 1490 5437 meriti
1504 5376 1607 5437 omnio
1620 5383 1651 5439 ct

101 5550 110 5591 1
122 5552 194 5595 Poma.
207 5564 225 5597 ι,
236 5575 263 5585 -
272 5554 287 5596 2
296 5553 357 5597 Orat.
369 5563 409 5606 pro
418 5554 484 5597 dora.
496 5554 544 5598 Boi.
556 5578 583 5588 -
594 5555 608 5597 t
619 5554 717 5599 Florem.
730 5554 746 5598 l.
761 5556 795 5599 lv.
810 5556 834 5601 l).
847 5558 946 5603 testato
956 5559 1013 5602 toro.
1026 5582 1053 5592 -
1063 5558 1085 5602 d.
1098 5560 1155 5604 Har.
1168 5571 1215 5603 xxx.
1229 5570 1251 5604 n.
1266 5561 1288 5604 t.
