4096 6190
435 435 485 497 DE
504 435 579 498 DEO
600 434 743 509 DEIQUE
763 434 1110 513 proprietatibus
1132 436 1204 498 LlB.
1228 437 1312 516 Vlll,
1334 438 1417 500 CAP.
1440 439 1478 501 V.
1689 441 1747 499 65¹1

155 604 362 679 procreatum,
372 614 468 677 quam
476 615 517 658 ne
523 597 685 658 materiam
692 615 757 658 nou
763 596 925 675 haberent,

156 708 319 770 perquam
333 689 541 751 diffrurderent
560 707 593 750 se
606 689 700 765 mala,
714 694 745 749 et
757 695 858 749 essent
871 690 928 751 mi-

155 783 218 843 seri
232 800 370 861 semper:
391 799 525 861 quorum
547 780 730 842 cruciatibus
754 785 929 860 pasceretur

155 874 260 935 nescio
270 892 341 953 qnae
356 873 455 934 latens
467 884 499 934 et
522 873 709 934 humanitati
722 873 850 933 adversa
862 892 930 933 eru-

156 964 295 1026 delitas¹.
309 966 402 1025 oHaeo
417 963 582 1037 Arnobius,
595 982 665 1043 quae
679 964 732 1023 vix
745 964 840 1042 digua
851 965 930 1024 chri-

156 1056 308 1118 stianismi
334 1056 447 1131 tirone,
469 1061 505 1116 ut
527 1060 559 1116 et
580 1055 641 1115 alia
665 1055 763 1115 multa
790 1056 927 1134 ejusdem

156 1150 270 1228 operis.
299 1149 398 1227 Atque
418 1148 479 1208 illis
492 1147 619 1227 quidem
634 1147 851 1227 anteponenda
872 1147 931 1208 ista

156 1246 230 1301 sunt
254 1240 390 1316 Homeri,
403 1258 472 1319 quae
485 1240 520 1300 in
532 1239 612 1299 libro
629 1237 664 1300 de
675 1237 867 1300 Prouidentia
881 1256 928 1300 se-

156 1332 260 1393 cundo
274 1331 421 1412 synesius
431 1332 591 1412 usiupsvit
606 1351 614 1392 :

230 1492 299 1545 Δοιοί
313 1493 359 1564 γάρ
369 1511 395 1545 τε
404 1491 471 1545 πίθοι
478 1491 632 1545 κατακείαται
644 1489 668 1544 ἓν
678 1491 734 1554 nde
743 1490 818 1556 οὔδει,

230 1576 333 1648 Δώρων,
349 1568 392 1627 oia
403 1575 497 1640 δίδωσι,
513 1581 603 1639 κακῶν,
620 1572 818 1648 ἔτεροςζδὲέάιον.

159 1749 227 1808 Duo
242 1747 326 1807 enim
338 1746 419 1808 dolia
430 1747 530 1827 posita
542 1752 614 1807 sunt
628 1746 660 1806 in
674 1744 761 1807 Jovis
774 1743 883 1804 limine

160 1841 333 1915 Bonorum,
360 1838 535 1919 cujusmodi
549 1838 611 1915 dat,
639 1837 795 1898 malorum
817 1854 928 1912 unum,

459 1931 592 1991 alterum
601 1926 868 1990 commodorum¹.

199 2111 237 2171 V.
253 2110 331 2171 Nam
357 2111 469 2191 quibus
482 2112 520 2172 de
535 2110 634 2172 causis
650 2109 733 2169 mala
759 2110 865 2170 omnia
881 2109 931 2170 vel

160 2202 235 2263 oriri
262 2203 431 2282 permittat,
458 2202 509 2262 vel
548 2202 642 2262 etiam
663 2201 738 2261 velit
760 2199 930 2280 efficiatque

160 2295 251 2368 Deus,
268 2295 352 2358 varia
378 2300 409 2354 ct
437 2294 557 2374 copiose
571 2298 636 2353 tam
650 2292 759 2368 nostri,
772 2311 866 2371 quam
880 2311 931 2354 ex-

160 2386 241 2447 terni
263 2385 427 2449 disserrmt.
452 2385 599 2464 Synesius
612 2384 645 2444 in
667 2385 723 2445 lib.
739 2386 874 2446 seormdo
896 2384 931 2446 de

160 2474 365 2546 Providentia,
391 2477 545 2538 rationem
559 2475 601 2536 ita
626 2475 736 2549 reddit,
748 2483 799 2551 ut,
812 2475 846 2536 in
858 2495 929 2556 pro-

161 2569 279 2650 pinquo
294 2570 398 2648 positis
416 2568 516 2645 malis,
531 2586 596 2628 non
609 2568 711 2628 solum
729 2570 862 2644 notiora,
877 2570 931 2630 sed

162 2661 255 2722 etiam
270 2661 451 2742 perfectiora
469 2660 545 2722 liant
563 2659 664 2720 bona:
682 2678 751 2738 quae
766 2661 826 2720 hoc
837 2661 930 2721 modo

162 2759 346 2833 purgantur,
370 2771 405 2812 ac
425 2751 521 2812 veluti
542 2750 741 2811 defaecantur.
757 2773 773 2808 ιι
785 2751 867 2825 ldeo,
882 2752 930 2811 iu-

33 2874 53 2903 n
70 2874 91 2905 ι,
162 2845 240 2925 quit,
266 2845 343 2905 ficus
365 2844 506 2904 videmus
528 2842 743 2903 suavissimum
763 2860 827 2903 esse
849 2843 930 2904 huro-

161 2943 248 3012 tum;
265 2935 338 2997 lolia
350 2954 436 3011 vero,
453 2936 610 3009 corticem,
635 2935 780 3009 radicem,
799 2940 830 2995 et
842 2941 931 2995 trun-

163 3047 245 3106 cum,
259 3029 363 3089 omnia
379 3028 446 3088 haec
468 3028 593 3087 acrioris
614 3045 678 3087 esse
691 3028 782 3088 succi.
804 3027 933 3088 Videtur

162 3122 247 3181 enim
260 3120 409 3201 quidquid
423 3119 557 3180 deterius
569 3119 662 3179 habet
675 3118 793 3180 arboris
809 3124 931 3196 natura,

161 3212 194 3274 id
205 3213 239 3273 in
248 3213 296 3287 iis,
307 3230 377 3291 quae
391 3230 456 3271 non
470 3216 543 3271 sunt
552 3210 628 3287 esui,
642 3228 838 3286 consumere;
850 3211 933 3290 quod

162 3323 237 3365 vero
251 3310 297 3363 est
310 3305 473 3384 optimum,
484 3302 518 3363 id
536 3302 571 3362 in
586 3302 736 3362 fructibus
749 3319 882 3379 merum,
898 3321 934 3365 ao

162 3398 317 3457 sincerum
334 3395 542 3474 relinquere⁰.
558 3416 573 3450 ι)
591 3394 669 3454 Hinc
682 3394 737 3474 qui
754 3394 860 3455 hortos
879 3413 931 3455 co·

162 3488 243 3561 lunt,
259 3485 473 3566 «fragentibus
481 3486 596 3560 fcetida,
608 3486 721 3545 amaris
728 3485 828 3546 dulcia
834 3486 934 3546 solent

162 3581 324 3655 adserere;
344 3585 379 3639 nt
403 3577 553 3657 quidquid
574 3576 716 3637 humoris
733 3578 821 3656 pravi
842 3582 934 3639 terrac

163 3678 210 3734 est
222 3672 400 3747 admistum,
414 3670 474 3731 hoo
487 3669 540 3729 illa
552 3667 686 3729 naturali
704 3668 838 3746 quadam
849 3669 889 3729 ad
902 3688 934 3730 se

163 3762 347 3842 cognatione
381 3760 547 3835 trahentia,
583 3760 749 3836 sincerum,
776 3778 811 3820 ac
839 3759 934 3840 probe

164 3854 347 3916 defaecatum
369 3852 545 3929 humorem,
561 3850 754 3930 balitumque
773 3852 935 3913 meliorem

164 3945 255 4006 bonis
277 3945 430 4006 radicibus
457 3944 653 4023 relinquant3
678 3961 748 4022 quae
767 3943 934 4006 estareolae

165 4037 335 4119 pingendae
345 4027 452 4096 ratior.
472 4057 484 4092 ι
502 4035 585 4109 ldeo,
599 4041 636 4094 ut
649 4034 691 4094 ait
703 4036 873 4115 Euripides.

237 4196 287 4251 Οθιι
298 4198 327 4249 ἄν
342 4197 440 4268 γίνοιτο
452 4195 529 4268 χωρίς
539 4193 622 4258 ίσθλίι,
632 4194 674 4245 καί
688 4194 759 4247 κακά.

243 4278 316 4334 Ἀλλ’
327 4278 379 4334 ἔστι
389 4297 425 4341 τις
438 4277 576 4350 σύγκρασις,
586 4275 649 4332 ὥστ’
663 4275 728 4350 ίγιιν
738 4278 828 4341 καλῶς.

203 4570 224 4610 a
243 4555 340 4610 Stltus.
364 4549 463 4617 Ἐπειδὴ
476 4549 518 4603 καί
530 4553 574 4616 τῆς
586 4546 661 4615 συκὴς
673 4548 770 4621 θρῶγιιν
783 4549 934 4622 γλυιιθτατου

168 4637 213 4713 μὶν
227 4636 269 4691 τθν
283 4633 391 4707 καρπον,
412 4631 493 4704 ρθλλα
506 4630 546 4694 bl,
566 4631 607 4684 καί
621 4630 717 4701 procia,
738 4633 778 4686 καί
802 4634 880 4705 ρίζαν,
895 4635 936 4687 καί

166 4722 291 4793 πρέμνον,
313 4719 409 4771 ἅπαντα
427 4714 591 4786 ὀπωδέστερα.
614 4710 690 4776 δόξειε
708 4714 756 4787 γὰρ
771 4717 800 4768 ἂν
815 4717 873 4769 boor
885 4715 936 4790 ἔχει

167 4805 255 4878 χεῖρον
268 4800 285 4867 ἡ
298 4801 367 4871 priore
377 4801 421 4852 cot
433 4798 542 4869 δίνδρου,
556 4800 631 4850 τοῦτο
643 4794 688 4848 οὔκ
702 4793 726 4849 ἓν
740 4799 794 4859 τοῖς
808 4795 937 4870 ίδιοδίριοις

168 4888 229 4940 ὅλον
241 4882 429 4947 ίξαναλὼσασα,
449 4877 576 4951 ἀκραιφνὲς
589 4879 730 4932 καταλιπεῖν
753 4877 777 4934 iv
798 4883 849 4943 τοῖς
863 4879 936 4954 ἀκρο-

169 4968 251 5042 δρύοις
261 4966 291 5020 rb
304 4966 414 5037 ἄριστον.

207 5047 313 5106 blbid.
337 5047 440 5100 Ἐκεῖνοι
460 5044 540 5097 τοίνυν
553 5043 601 5098 tat
620 5047 664 5112 τῆς
685 5043 777 5116 ploro<
791 5044 935 5117 αλτοδιδαχ·

169 5134 259 5195 θίντες,
275 5130 385 5201 θθσοσγιά
399 5146 425 5182 τι
439 5125 540 5180 εὐώδεσι
557 5127 598 5179 καὶ
617 5127 709 5199 γλυκία
720 5129 816 5200 δριμίσι
830 5147 939 5200 παραρυ-

170 5215 289 5271 τιιίουιιιν·
303 5213 347 5266 ίνα
358 5213 416 5265 ὅσον
428 5209 443 5279 ί]
457 5212 489 5282 γῆ
505 5209 629 5281 μοχθηρὸν
644 5208 697 5283 ίχιι
711 5211 938 5283 συμπεπλεγμίνον,

170 5302 246 5353 τοῦτο
259 5300 290 5368 τῇ
304 5293 430 5366 συγγινείᾳ
440 5292 501 5363 πρθς
514 5290 588 5345 tara
601 5298 712 5357 σπῶντα,
728 5295 803 5364 μόνον
818 5290 888 5365 ἐάσῃ,
899 5295 940 5345 καί

172 5377 397 5451 ἂπειλυιρινηρίνον
413 5374 437 5427 iv
452 5379 507 5435 ταῖς
521 5374 627 5445 βελτίοσι
642 5374 718 5446 ῥίζαις
739 5376 781 5428 τὸν
800 5376 881 5448 χυμόν
903 5393 940 5438 τι,

171 5462 214 5517 καί
230 5461 272 5515 τὸν
292 5458 422 5531 ἀμείνονα.
442 5457 484 5509 καί
497 5455 549 5510 ἔστι
564 5458 640 5511 τοῦτο
653 5459 758 5530 πρασιαῖς
769 5458 940 5529 καθαρτήριον.

977 603 1145 681 Nunquam
1160 609 1331 665 namuntnr
1348 605 1477 665 seorsim
1490 604 1583 678 bona,
1600 609 1632 664 at
1653 602 1745 664 mala.

978 693 1038 754 Sed
1051 695 1247 774 estquaedam
1253 696 1436 775 temperatio
1448 715 1455 756 z
1467 702 1503 759 ut
1511 701 1593 757 recte
1601 695 1746 756 habeant.

977 862 1054 923 Vide
1068 864 1192 925 Maxim.
1209 865 1339 943 Tyrium
1355 865 1474 926 dissert.
1489 884 1582 926 xxxv.

1017 951 1207 1030 Augustinus
1238 972 1313 1014 vero
1341 955 1532 1033 elegantibus
1564 954 1692 1033 perinde
1717 953 1749 1014 id

978 1042 1230 1104 similitudinibus
1249 1045 1399 1107 illustrat:
1420 1047 1488 1107 «Et
1498 1046 1609 1113 divisit,
1634 1045 1746 1124 inquit,

979 1135 1059 1195 Deus
1078 1136 1160 1196 inter
1181 1137 1294 1211 lucem,
1319 1144 1349 1199 et
1371 1139 1523 1212 tenebras,
1551 1137 1657 1199 nevel
1673 1138 1748 1216 ipsae

974 1226 1165 1304 privationes
1176 1248 1242 1291 uon
1254 1229 1405 1291 baberent
1419 1231 1560 1291 ordinem
1570 1247 1673 1302 suum,
1685 1230 1749 1289 Deo

979 1326 1090 1380 cuncta
1103 1328 1240 1400 regente,
1252 1328 1344 1402 atquc
1358 1322 1602 1383 administrante.
1619 1322 1705 1382 Siout
1715 1321 1748 1381 in

979 1412 1132 1472 motando
1157 1413 1421 1493 interpositiones
1445 1415 1638 1475 silentiorum
1661 1413 1749 1473 certis

979 1503 1207 1584 moderatisque
1242 1506 1428 1580 intervallis,
1462 1506 1603 1585 quamvis
1636 1522 1749 1565 rorum

979 1595 1166 1675 privationes
1193 1597 1264 1674 sint,
1293 1597 1372 1659 bene
1392 1604 1496 1659 tamen
1513 1598 1697 1659 ordinantur
1710 1596 1749 1657 ab

979 1687 1027 1763 iis,
1039 1690 1093 1767 qui
1107 1695 1231 1750 cantare
1250 1690 1362 1766 sciunt,
1378 1696 1409 1750 et
1422 1690 1580 1750 suavitatis
1597 1690 1749 1750 universa

979 1781 1139 1841 cantilenae
1165 1782 1281 1861 aliquid
1306 1783 1479 1844 conferunt.
1506 1784 1543 1843 Et
1570 1781 1689 1843 umbrae
1716 1783 1750 1841 in

980 1872 1106 1952 picturis
1120 1872 1325 1935 eminentiora
1338 1892 1469 1954 quasque
1486 1874 1699 1953 distinguont;
1714 1892 1750 1935 ac

979 1983 1045 2026 uon
1058 1966 1169 2045 specie,
1183 1967 1236 2026 sed
1248 1966 1356 2027 ordine
1375 1968 1507 2047 placent.
1523 1968 1602 2029 Nam
1616 1972 1646 2027 et
1658 1967 1749 2028 vitio-

979 2075 1052 2118 rum
1072 2063 1250 2118 nostrorum
1276 2064 1409 2120 nonest
1433 2064 1540 2120 auctor
1565 2062 1665 2135 Deus;
1696 2059 1750 2120 sed

979 2154 1086 2210 tamen
1100 2148 1259 2210 ordinator
1272 2155 1328 2226 est,
1344 2168 1416 2211 oum
1430 2170 1466 2211 co
1485 2152 1553 2212 loco
1576 2157 1750 2231 peccatores

980 2240 1147 2309 constiutit,
1164 2247 1195 2302 et
1208 2260 1245 2301 ea
1257 2243 1375 2322 perpeti
1387 2244 1479 2322 cogit,
1494 2261 1564 2322 quae
1577 2250 1747 2305 merentur.

979 2333 1027 2393 Ad
1044 2333 1104 2393 hoo
1116 2333 1207 2408 valet,
1223 2335 1306 2413 qnod
1328 2353 1401 2395 oves
1419 2340 1579 2414 ponuntur
1592 2337 1631 2396 cd
1644 2337 1749 2397 dexte-

979 2442 1058 2497 ram,
1075 2423 1158 2485 haedi
1171 2430 1278 2486 autem
1287 2427 1327 2487 ad
1340 2426 1507 2488 sinistram.
1520 2428 1668 2501 Quadam
1678 2446 1750 2508 crgo

981 2517 1097 2577 etfacit
1111 2518 1202 2592 Deus,
1218 2523 1249 2578 et
1267 2518 1401 2594 ordinat,
1424 2520 1568 2599 quaedam
1591 2538 1664 2581 vero
1685 2527 1752 2580 tan-

981 2614 1049 2668 tum
1063 2607 1216 2669 ordinat⁸.
1232 2630 1248 2666 ι)
1266 2611 1303 2670 Et
1316 2616 1352 2670 ut
1363 2610 1459 2671 inlib.
1470 2612 1482 2671 l
1494 2609 1530 2671 de
1541 2610 1650 2672 Ordine
1659 2631 1686 2672 e.
1698 2629 1750 2689 vu,

980 2701 1104 2761 scribit:
1121 2721 1133 2758 ι
1146 2701 1191 2761 lta
1201 2702 1290 2780 quasi
1299 2720 1337 2763 ex
1343 2703 1500 2763 antithetis
1509 2703 1750 2782 quodammodo,

981 2794 1065 2872 qnod
1078 2793 1168 2854 nobis
1182 2793 1275 2854 etiam
1287 2794 1321 2855 in
1340 2796 1478 2855 oratione
1495 2794 1671 2871 jucundum
1693 2802 1749 2872 est,

981 2885 1015 2945 id
1036 2889 1081 2944 est
1106 2902 1145 2944 ex
1167 2885 1341 2960 contrariis,
1366 2887 1509 2946 omnium
1533 2885 1627 2946 simul
1646 2904 1752 2947 rerum

982 2976 1179 3056 pulchritudo
1193 2976 1356 3055 figuratur.
1373 3000 1389 3035 υ

1022 3067 1074 3128 Vl.
1089 3067 1247 3129 Addamus
1262 3068 1401 3147 Gregorii
1424 3068 1608 3129 Nazianzeni
1627 3069 1753 3133 affinem

982 3160 1030 3234 iis,
1044 3165 1075 3219 et
1087 3178 1152 3220 non
1164 3160 1270 3221 minus
1283 3160 1435 3221 illustrem
1448 3161 1486 3221 de
1499 3159 1559 3220 boo
1569 3169 1753 3240 argumento

982 3252 1178 3312 sententiam.
1199 3272 1215 3307 ιι
1234 3251 1354 3312 Habere
1377 3252 1422 3312 ait
1435 3251 1587 3330 aequabile
1605 3254 1753 3332 quiddam

983 3343 1068 3423 apud
1087 3343 1186 3403 Deum
1206 3342 1294 3403 illam
1316 3343 1421 3419 etiam,
1441 3361 1510 3423 quas
1531 3344 1663 3422 videtur,
1676 3346 1753 3407 ina-

984 3434 1167 3514 qualitatam
1179 3454 1187 3509 3
1198 3434 1463 3512 quemadmodum
1476 3434 1510 3495 in
1532 3454 1662 3517 corpore
1676 3439 1754 3499 emi-

983 3526 1117 3597 nentias,
1134 3531 1165 3586 et
1173 3543 1323 3602 recessus,
1339 3527 1581 3606 magnitudines,
1606 3535 1638 3590 et
1650 3531 1753 3610 pravi·

983 3623 1074 3691 tates,
1095 3622 1194 3679 terroe
1225 3623 1374 3697 tumores,
1405 3625 1436 3680 et
1462 3620 1688 3699 depressiones,
1715 3640 1754 3683 ex

984 3710 1098 3790 quibus
1111 3710 1306 3789 pulchritudo
1315 3717 1425 3773 mutua
1437 3712 1519 3772 inter
1529 3730 1561 3772 se
1572 3712 1755 3775 habitudine

984 3801 1148 3876 conflatur,
1164 3808 1196 3863 et
1208 3802 1431 3865 consideratur.
1447 3804 1528 3865 Nam
1538 3809 1570 3865 et
1582 3803 1709 3866 artificis
1721 3807 1755 3867 in

985 3893 1209 3974 materiaquod
1232 3894 1449 3973 perturbatum
1462 3900 1493 3955 et
1506 3896 1661 3975 inaequale
1685 3898 1756 3958 har·

983 3991 1075 4046 tenus
1093 3991 1169 4061 erat,
1198 3985 1484 4047 artificiosissimum
1513 3992 1590 4063 erat,
1619 4006 1692 4049 cum
1715 3990 1755 4050 ad

985 4081 1173 4137 sudaturam
1195 4077 1298 4156 operis
1310 4076 1442 4155 aharjus
1456 4095 1527 4138 eam
1540 4079 1753 4159 properabam

985 4169 1069 4247 qnod
1095 4174 1170 4230 tuno
1200 4169 1486 4246 animadvertimus,
1509 4175 1541 4231 et
1559 4170 1753 4249 confitemur,

986 4278 1058 4321 cum
1074 4260 1247 4322 absolutam
1260 4260 1361 4322 effecti
1375 4261 1477 4340 operis
1490 4262 1755 4341 pulchritudinem

986 4353 1205 4416 intremere.»
1228 4354 1320 4429 Tum,
1345 4353 1429 4431 qnod
1441 4352 1525 4414 idem
1539 4360 1610 4434 apta
1622 4355 1754 4434 subjicit,

1020 4555 1118 4614 0le.
1133 4555 1209 4612 Orat.
1237 4570 1293 4611 ιιι,
1322 4552 1442 4627 ’Epulum
1467 4554 1562 4626 ὁμαλόν
1583 4575 1606 4609 τι
1624 4557 1690 4627 παρὰ
1707 4558 1756 4631 θεῷ

984 4639 1081 4701 πάντως
1102 4639 1142 4692 καί
1165 4642 1208 4706 τῆς
1230 4638 1349 4704 δοκούσης
1371 4636 1430 4708 ἡμῖν
1452 4636 1602 4709 ἀνωμαλίας·
1627 4640 1756 4712 ὥσπερέν

985 4723 1082 4794 σώματι
1093 4720 1137 4783 τὰς
1146 4718 1233 4794 ἐξοχὰς
1242 4738 1279 4784 τε,
1288 4722 1329 4772 καί
1340 4718 1449 4792 είσοχίις,
1467 4721 1555 4791 μεγέθη
1569 4738 1605 4783 τε,
1620 4724 1660 4774 καί
1674 4726 1757 4795 μικρό-

985 4824 1073 4873 τητας,
1092 4805 1133 4857 καί
1153 4810 1199 4876 γῆς
1219 4802 1394 4865 ἐπαναστάσεις
1408 4821 1449 4866 τε,
1464 4804 1504 4855 καί
1517 4802 1619 4874 aptore·
1633 4802 1658 4868 ίξ
1672 4800 1707 4859 ὧν
1726 4809 1756 4861 τὸ

985 4887 1077 4949 κάλλος
1099 4891 1130 4959 rit
1153 4887 1214 4959 πρὸς
1236 4887 1335 4954 ἄλληλα
1358 4886 1441 4959 σχέσει
1463 4887 1637 4958 συνιστάμενόν
1661 4906 1697 4953 τι,
1715 4889 1756 4942 καί

987 4970 1162 5042 θεωρούμενον.
1182 4966 1233 5022 ἐπεὶ
1254 4970 1294 5021 καί
1316 4967 1427 5041 τεχνίτου
1448 4967 1476 5021 rb
1496 4968 1551 5041 περὶ
1564 4968 1607 5036 τὴν
1621 4970 1682 5039 θλην
1696 4972 1757 5034 τίως

988 5052 1102 5115 ἄτακτον,
1117 5050 1159 5104 καί
1172 5050 1306 5122 ἀνώμαλον
1323 5050 1380 5104 λίαν
1396 5050 1508 5123 ἔντεχνον
1522 5047 1562 5120 ἦν,
1577 5055 1606 5105 ἂν
1620 5055 1680 5124 πρός
1691 5072 1756 5117 τινος

989 5134 1061 5207 ἔργου
1074 5134 1223 5201 κατασκευὴν
1238 5133 1420 5206 εὐτρεπίσηται,
1435 5135 1492 5187 τότε
1505 5135 1546 5188 καί
1559 5134 1617 5207 ἡμῖν
1628 5138 1756 5208 καταλαμ·

989 5219 1122 5290 ὅανόρενίν
1137 5235 1173 5280 τε,
1194 5218 1235 5270 καί
1254 5216 1465 5288 ὁμολογούμενον.
1488 5218 1526 5269 ὅτ’
1548 5219 1576 5270 ἂν
1598 5218 1756 5275 ἀποτελεσθίν

988 5302 1081 5362 κάλλος
1095 5305 1139 5355 τοῦ
1152 5301 1367 5371 δημιουργήματος
1382 5300 1553 5373 θεωρήσωμν.

200 5602 211 5645 1
228 5598 342 5644 Δισοίιίυι
353 5597 372 5640 ll
385 5600 442 5641 cont.
456 5595 542 5640 orna.
556 5594 607 5638 -θ
621 5594 686 5640 Hom.
708 5595 772 5640 tiled.
785 5609 806 5640 ω
820 5606 867 5640 rer.
878 5594 925 5638 527.
937 5615 965 5626 -
977 5592 991 5636 8
1002 5594 1059 5647 Aug.
1073 5593 1113 5638 tib.
1124 5592 1150 5637 de
1163 5594 1215 5639 Gen.
1227 5592 1256 5636 od
1267 5593 1310 5637 rm.
1322 5590 1409 5648 impert.
1424 5604 1443 5636 c.
1457 5602 1477 5634 v.

1798 1519 1903 1563 illustra·

1776 1583 1919 1670 ‘uirtuti

2039 1500 2040 1571 ί

2038 1580 2040 1639 ί
