3956 6168
309 360 370 422 tto
816 354 1145 426 incommodabat
1165 356 1382 425 munerun

309 526 410 587 tiones
418 530 519 602 vocat,
531 524 934 589 ambabusChrlstlnataris
942 526 1082 590 snbstan-
1130 526 1356 610 simplicissima
1375 544 1425 591 res
1442 532 1504 609 est,
1528 534 1599 592 tam
1620 530 1655 592 in
1676 548 1721 608 se,
1743 536 1819 593 tum
1839 546 1902 596 ean

310 619 588 681 unanimitas.»
613 621 652 680 Et
668 619 762 700 paulo
785 626 866 701 post,
888 621 1083 683 voluntatem
1131 623 1229 684 altera
1240 622 1423 702 conjuncta;
1437 622 1548 703 dequo
1560 630 1820 704 moxquteretnr.
1832 624 1903 688 Nam

311 728 418 774 rerum
453 713 715 793 procreandanmr
753 714 787 774 in
822 714 886 774 Deo
923 720 1084 794 nuncupat
1132 721 1204 776 ante
1218 714 1371 776 nonnulla
1388 720 1420 775 ct
1440 716 1481 777 ad
1497 716 1713 778 illustrandam
1729 718 1903 781 Graecorun

316 804 575 866 «substantialem
588 805 653 883 Dei,
674 813 705 866 et
724 806 927 867 conditricem
940 806 1083 868 volunta·
1131 808 1349 887 theologorum
1362 808 1401 869 dc
1416 814 1524 891 ίνεργείρ
1537 809 1723 887 docuinam,
1738 812 1772 870 et
1786 810 1903 872 adham

312 902 388 959 tem.
411 898 528 959 Deinde
557 914 632 959 vero
658 897 744 959 illam
768 898 866 980 ipsam
893 906 1025 980 ἐνέργειαν,
1055 906 1086 960 et
1132 901 1904 983 ipsam,quaminstituimus,qurestionemapprime

313 990 525 1069 operationem
543 991 613 1052 ideo
634 1008 654 1052 a
675 1009 707 1052 se
725 998 844 1068 ον’νειιίδη,
863 990 1086 1054 substantialem
1134 995 1304 1055 necessaria
1330 993 1516 1056 declaranda
1542 1001 1626 1056 sunt.
1653 992 1824 1075 liquibus
1849 1014 1904 1057 non

314 1082 418 1144 vocari
445 1084 607 1164 signifieat,
633 1084 717 1163 quod
746 1101 835 1144 «non
862 1090 1007 1145 extranea
1034 1086 1084 1161 sit,
1134 1084 1259 1148 minimi
1269 1092 1314 1148 est
1327 1087 1398 1163 hoc,
1409 1087 1735 1169 quoddixiprorime,
1748 1088 1903 1161 momenti,
1953 1111 1954 1114 ¹

315 1176 370 1238 sed
392 1176 492 1258 ipsam
514 1178 681 1238 constituat
701 1176 920 1253 substantiam
946 1179 1086 1258 quando-
1137 1186 1257 1261 ἐνεργείας
1277 1177 1415 1259 singulas
1445 1178 1596 1256 desinere,
1628 1199 1663 1241 ec
1686 1179 1746 1239 sibi
1783 1178 1904 1241 invicem

316 1270 444 1350 quidem
462 1271 528 1331 sine
548 1269 693 1350 operibus
707 1269 834 1349 quidem
854 1274 968 1331 natura
987 1278 1089 1351 potest
1136 1272 1308 1333 succedere.
1328 1273 1409 1333 Hine
1437 1272 1523 1334 enim
1543 1272 1583 1333 ad
1604 1270 1815 1333 confutandos
1836 1272 1905 1332 dno

317 1380 382 1424 esse
405 1382 413 1424 ι
435 1364 501 1424 sine
528 1362 706 1443 operatione
726 1366 832 1423 uatem
855 1362 1001 1441 naturali,
1024 1382 1088 1424 non
1137 1370 1467 1445 moeosargumentum
1486 1382 1645 1444 sumpsere
1658 1369 1784 1425 reterm
1802 1364 1903 1437 Patres

317 1460 509 1536 potestesse
535 1461 658 1531 natura,
685 1471 787 1534 neque
805 1455 1011 1534 cognoscit.»
1035 1456 1089 1517 His
1138 1474 1210 1517 cum
1232 1456 1266 1517 in
1290 1475 1327 1517 eo
1352 1457 1528 1518 maximum
1554 1455 1728 1518 interillos
1758 1462 1905 1516 certamen

318 1548 404 1608 enim
426 1547 529 1609 verbis
546 1548 712 1627 respondet
727 1547 767 1623 ei,
785 1565 880 1628 quam
903 1546 961 1608 sibi
979 1564 1091 1631 propo
1138 1555 1217 1611 esset
1228 1569 1236 1610 ι
1249 1551 1334 1631 quod
1349 1548 1523 1611 Eunomius
1542 1567 1582 1611 ne
1603 1568 1641 1611 ex
1656 1546 1713 1610 Dei
1729 1546 1832 1610 Patris
1846 1547 1905 1609 sub

319 1646 432 1717 suerat,
459 1640 633 1720 quaestioni,
661 1646 792 1701 «uuum
818 1640 853 1700 in
879 1638 946 1720 ipsa
970 1640 1091 1703 ratione
1138 1644 1250 1704 stantia
1269 1642 1392 1724 prodire
1409 1641 1558 1703 fateretur
1577 1642 1729 1718 Verbum,
1747 1659 1785 1702 ac
1808 1640 1904 1701 lilium

319 1733 523 1794 substantiam
537 1734 740 1794 constituente
752 1733 792 1794 sit
804 1730 922 1809 ἐνέργεια,
937 1751 1027 1795 aner
1040 1736 1088 1814 iis,
1139 1736 1205 1813 Dei,
1228 1741 1259 1796 et
1281 1736 1389 1796 eadem
1412 1735 1543 1815 proinde
1565 1738 1704 1797 constare
1727 1732 1903 1808 susbstantim
1953 1729 1954 1734 ’

320 1843 390 1905 quoe
417 1832 490 1886 sunt
517 1824 720 1887 extraneam
750 1826 943 1905 Quapropter
972 1828 1091 1905 ἐνεργείας
1138 1847 1204 1889 11011
1220 1828 1399 1890 substantia
1418 1828 1471 1889 sed
1490 1833 1608 1908 ἐνεργείας
1631 1844 1696 1888 esse
1719 1826 1824 1888 fetum
1840 1843 1905 1887 asse·

320 1920 472 1980 vocabulo
490 1925 658 2000 utrumque
680 1918 914 1999 comprehendit
935 1934 1045 1997 genae,
1061 1918 1092 1976 et
1139 1920 1238 1997 rebat,
1258 1921 1386 2001 ejusque
1400 1920 1545 1995 similem,
1560 1938 1625 1980 non
1646 1923 1757 1980 autem
1781 1916 1905 1979 substan·

321 2012 539 2092 primigeniam
561 2013 647 2073 illam
669 2019 789 2073 astures
811 2011 994 2086 motionem,
1021 2026 1092 2090 que
1138 2013 1192 2074 tice
1210 2034 1217 2075 :
1233 2019 1270 2075 ut
1283 2014 1360 2093 pari,
1375 2031 1411 2073 ae
1425 2018 1597 2074 creataeres
1616 2029 1727 2072 omnes
1742 2010 1904 2072 conditione

322 2120 486 2184 nunquam
498 2106 700 2183 extinguitur,
716 2110 747 2165 et
766 2110 989 2184 consequentes
1001 2103 1093 2163 actio·
1141 2111 1230 2168 esset.
1253 2107 1278 2167 E
1297 2106 1452 2167 contrario
1473 2105 1571 2165 sancti
1586 2105 1701 2180 Patres,
1717 2120 1904 2182 nequaquan

322 2214 388 2273 nes,
402 2216 473 2278 qum
483 2197 655 2259 identidem
666 2199 804 2279 repetitae
823 2215 862 2258 cx
877 2197 931 2258 illa
947 2197 1034 2258 velut
1047 2213 1094 2256 ra·
1142 2196 1181 2259 ab
1196 2204 1304 2280 ίνεργείρ
1316 2197 1492 2278 proaedere,
1506 2202 1560 2257 aut
1571 2197 1639 2276 ejus
1653 2214 1719 2257 esse
1734 2195 1864 2256 similem
1875 2212 1905 2254 ex

323 2290 390 2351 dice
416 2290 673 2371 proficiscuntur;
702 2290 743 2352 ob
774 2290 868 2370 idque
896 2289 1032 2363 οὐσιώίεις,
1064 2292 1095 2347 et
1143 2310 1180 2351 eo
1196 2290 1433 2365 contendebant,
1455 2288 1539 2368 quod
1561 2290 1679 2368 ἐνέργεια,
1704 2288 1738 2348 id
1763 2292 1810 2349 est
1827 2285 1902 2357 aedo,

323 2382 512 2444 mittentium
531 2384 733 2445 constituentes
749 2400 801 2444 eus
823 2384 923 2455 vocat,
946 2380 1018 2459 quia
1039 2379 1096 2441 etsi
1144 2383 1194 2444 vel
1207 2382 1355 2463 operatio,
1368 2386 1516 2450 transeat,
1533 2386 1564 2441 et
1577 2380 1777 2442 essedesinat
1787 2378 1904 2463 perlecto
1953 2461 1954 2464 γ

324 2476 454 2554 singulm
470 2476 624 2553 emuntur,
642 2494 678 2537 ac
697 2475 853 2549 desinunt,
874 2480 980 2534 tamen
994 2472 1097 2552 aliqua
1140 2476 1207 2555 J'am
1228 2493 1321 2556 opere
1342 2493 1350 2533 ι
1371 2480 1441 2534 tum
1466 2490 1540 2533 vero
1564 2472 1721 2534 addebant
1742 2472 1813 2549 alii,
1835 2469 1905 2550 quod

325 2582 448 2647 semper
457 2567 569 2642 existit,
583 2573 614 2629 et
622 2567 837 2643 substantiam,
851 2565 1024 2645 agendique
1032 2565 1097 2626 vim
1145 2574 1253 2649 ἐνίργενα
1274 2586 1340 2627 non
1361 2566 1399 2627 sit
1419 2584 1457 2627 ex
1481 2570 1607 2640 aeterno,
1633 2564 1687 2626 sed
1709 2566 1745 2625 in
1770 2568 1905 2643 tempore,

326 2660 431 2722 afficit.
447 2662 492 2721 lta
512 2661 596 2721 enim
613 2660 767 2722 calefactio
787 2678 851 2721 non
874 2676 938 2719 una
950 2676 1095 2735 numero,
1146 2660 1224 2721 sicut
1237 2665 1326 2721 atres
1335 2664 1456 2734 creatae,
1472 2674 1544 2738 quae
1557 2656 1641 2717 illius
1651 2662 1698 2717 est
1709 2675 1802 2738 opus.
1817 2657 1906 2716 Eune

326 2770 427 2833 neque
446 2753 625 2814 continuata
642 2759 688 2814 est
707 2752 788 2831 ignis
810 2752 901 2828 actio,
926 2751 979 2812 sed
994 2750 1099 2829 plures
1146 2752 1246 2814 mium
1261 2752 1315 2828 ita,
1329 2757 1365 2812 ut
1382 2751 1458 2825 dixi,
1473 2746 1627 2825 statuisse,
1642 2749 1731 2811 testis
1747 2755 1794 2809 est
1807 2749 1906 2828 Grego-
1953 2771 1954 2832 j

327 2864 471 2922 numero,
496 2864 531 2906 ac
556 2846 622 2906 sinc
646 2844 873 2906 intermissione
903 2842 1099 2905 succedentes
1146 2846 1212 2905 rius
1226 2846 1384 2924 Nyssenus
1403 2844 1436 2902 iu
1457 2841 1538 2902 libro
1556 2842 1658 2922 primo
1678 2841 1905 2922 contraipsum;

326 2941 470 3001 invicem.
485 2938 526 3000 Ut
540 2944 703 3019 propterea
713 2939 780 3019 ipsa
795 2937 911 3017 species
928 2935 1097 3009 actionum,
1148 2934 1203 2997 ubi
1214 2937 1330 2996 dietum
1343 2933 1425 2994 illius
1435 2932 1566 2993 refellit:
1586 2930 1726 2994 «Filium
1741 2932 1906 3012 imaginem,

328 3039 460 3109 οίειώέης,
480 3039 511 3093 et
525 3040 707 3108 σνεεατικὴιῆς
721 3038 815 3105 οὐσίας,
835 3029 866 3089 id
884 3034 930 3091 est
944 3028 1022 3109 e'qnis
1035 3026 1102 3087 snb
1149 3041 1180 3091 et
1219 3028 1356 3108 sigillum
1389 3044 1454 3087 esse
1490 3024 1679 3105 operationis
1703 3023 1908 3107 omnipotentis
1953 3055 1954 3058 ν

328 3125 467 3187 nuntiem
478 3124 652 3185 soundness
669 3142 734 3186 esse
748 3122 878 3183 dicatur.
893 3120 1101 3194 Quemadmo·
1149 3120 1262 3183 licit.»
1286 3119 1407 3181 Relellit
1431 3124 1537 3179 autem
1560 3136 1596 3177 eo
1619 3122 1817 3195 argumento,
1838 3112 1908 3195 quod

329 3218 406 3278 dum
414 3218 448 3277 in
457 3216 604 3278 creaturis
613 3214 885 3295 rationepraeditis,
897 3208 1100 3291 intelligendi,
1150 3214 1252 3275 omnm
1266 3218 1373 3293 ἐνέργεια
1386 3211 1420 3271 in
1442 3228 1480 3271 eo
1501 3214 1668 3289 spectatam,
1691 3208 1747 3287 qui
1770 3204 1858 3269 efficit
1872 3204 1907 3270 id.

330 3310 557 3390 appetendique
575 3308 750 3370 structiones
769 3305 898 3385 singulm
915 3303 954 3365 ab
974 3310 1102 3364 natura·
1151 3302 1390 3386 quodefficitur;
1407 3320 1479 3363 cum
1490 3306 1597 3363 autem
1610 3300 1653 3376 id,
1667 3300 1755 3381 quod
1768 3299 1909 3380 peragitur

330 3402 412 3463 libus
427 3400 634 3477 facultatibus,
655 3406 686 3462 et
703 3398 881 3460 substantiis
903 3397 1050 3470 eduntur,
1072 3400 1103 3456 et
1150 3404 1342 3460 transactum
1354 3392 1459 3471 fuerit,
1469 3412 1526 3475 per
1539 3412 1571 3455 se
1580 3410 1645 3453 non
1659 3392 1798 3453 subsistit
1806 3395 1908 3467 ενίργειι.

331 3494 492 3568 occidunt3
509 3494 564 3554 sed
579 3495 704 3556 storacen
721 3488 922 3552 nihilominus
940 3492 1101 3564 vocantur,
1152 3490 1246 3551 Velut
1258 3487 1405 3550 currendi
1417 3487 1508 3563 actio,
1528 3490 1631 3547 motus
1652 3488 1710 3559 est,
1729 3483 1786 3564 qui
1796 3479 1910 3563 pedihus

332 3587 481 3667 quoniam
501 3600 622 3664 semper
637 3585 718 3645 inest
731 3584 764 3643 in
784 3582 844 3643 illis
864 3596 974 3641 earum
987 3579 1101 3660 aliquo,
1152 3582 1203 3658 flt;
1226 3586 1362 3644 cessante
1381 3597 1456 3640 vero
1473 3582 1573 3654 motu,
1596 3595 1661 3638 non
1684 3573 1821 3636 subsistit
1837 3573 1866 3633 in
1884 3588 1910 3631 se

331 3696 434 3759 neque
447 3679 487 3739 ab
503 3677 643 3758 ipsarum
656 3674 858 3757 productione
873 3678 985 3734 natura
996 3677 1102 3733 cessat.
1153 3675 1287 3756 amplius
1304 3673 1383 3735 actio
1396 3668 1504 3732 illst.»
1526 3670 1579 3731 Fst
1591 3669 1688 3748 igitur
1702 3674 1811 3747 ἐνέργεια
1824 3662 1909 3725 omnis

334 3773 413 3835 Hinc
441 3771 518 3832 illud
546 3769 726 3832 Damasceni
753 3784 788 3829 ac
823 3764 950 3828 Maximi
974 3765 1102 3842 dictum,
1154 3764 1400 3839 ἀνυπόστατοςίιοο
1420 3769 1466 3824 est
1479 3758 1776 3831 minimesnbsistens,
1789 3763 1824 3818 nt
1841 3754 1909 3816 idem

333 3864 453 3926 nullam
466 3863 533 3924 sine
553 3865 696 3942 «ἐνεργείᾳ,
720 3867 751 3922 et
771 3858 906 3920 bannali
928 3858 1105 3936 operatione
1154 3857 1336 3939 paulopost
1358 3857 1506 3935 loquitur,
1522 3871 1580 3915 nee
1603 3870 1668 3913 non
1682 3847 1829 3912 Basilim¹
1844 3846 1910 3908 libro

333 3957 385 4019 rel
401 3957 541 4029 existere,
560 3955 611 4014 vel
628 3954 772 4033 cognosci
790 3968 879 4033 posse
894 3956 1055 4025 natmam3
1071 3968 1106 4011 ac
1154 3955 1266 4030 quarto
1280 3949 1427 4009 adversus
1438 3942 1637 4008 Eunomium.

334 4049 551 4113 tantummodo
567 4047 599 4108 id
617 4047 700 4126 quod
718 4046 798 4108 nihil
814 4051 870 4123 est,
890 4042 1027 4104 motione
1041 4042 1104 4121 illa,
1195 4042 1261 4102 Vll.
1286 4040 1336 4102 Sic
1354 4040 1438 4120 apud
1456 4037 1662 4101 Athanasium
1685 4036 1720 4097 in
1740 4032 1858 4112 dialogo
1872 4048 1909 4091 se

336 4150 368 4205 et
378 4142 499 4204 actione
511 4158 654 4211 carere.»
1156 4135 1258 4196 eundo
1277 4131 1313 4194 de
1338 4130 1492 4200 Trinitotc,
1508 4131 1542 4190 in
1560 4146 1623 4210 quo
1643 4127 1836 4191 Orthodoxus
1852 4138 1911 4184 eum

376 4237 422 4297 lta
433 4235 573 4297 Clemens
589 4226 1107 4295 AlexandrinusinsecundoStro-
1157 4227 1308 4289 Anomoeo
1335 4224 1482 4305 disputat,
1512 4221 1547 4304 (si
1574 4221 1607 4282 id
1632 4224 1739 4282 temen
1772 4212 1911 4280 annm·

336 4337 461 4405 muteon,
477 4321 1104 4408 «inoperationeerstantiamcognoscin
1157 4338 1236 4399 opus
1255 4323 1311 4396 est,
1337 4316 1423 4397 quod
1442 4333 1507 4376 non
1529 4313 1616 4395 puto)
1642 4311 1786 4374 Eunomii
1808 4305 1911 4370 Scholia

166 4436 311 4493 ειεειενιιιι.
337 4423 390 4483 ait.
403 4418 586 4501 Hujusmodi
599 4437 693 4499 porro
708 4424 829 4498 ἐνεργείας
842 4416 942 4475 uarias
957 4419 1107 4489 recenset,
1157 4412 1304 4485 citantur,
1325 4410 1359 4470 in
1373 4408 1487 4489 quibus
1508 4405 1620 4486 probat
1639 4414 1736 4480 θέλησιν
1757 4407 1788 4461 et
1799 4409 1909 4480 βείλερνν,

339 4520 370 4574 et
389 4514 520 4594 explicat
538 4512 690 4573 Maximus
711 4510 829 4588 Martyr
846 4509 880 4569 in
903 4506 1109 4587 disputatione
1157 4504 1190 4565 id
1209 4508 1255 4565 est
1273 4498 1461 4572 voluntatem,
1487 4496 1551 4559 sive
1572 4494 1739 4558 politionem
1761 4492 1839 4553 idem
1859 4505 1911 4549 nou

339 4604 477 4667 adriense
497 4602 663 4687 Pyrr-lenm.
1159 4615 1224 4659 esse
1239 4612 1313 4656 cum
1332 4600 1416 4674 εὐείρ,
1439 4590 1564 4652 easdem
1584 4588 1625 4649 ob
1640 4604 1758 4661 causus,
1772 4597 1912 4665 quaspm

380 4699 432 4759 Vl.
455 4698 523 4759 Alia
542 4704 588 4759 cst
612 4697 724 4757 divinae
751 4692 930 4754 substantiae
958 4690 1110 4770 operatio·
1159 4689 1242 4750 xime
1269 4682 1522 4748 commemorari.
1544 4680 1602 4742 Cui
1623 4680 1683 4740 hac
1709 4678 1743 4738 in
1766 4693 1798 4737 re
1822 4670 1913 4734 suba-

340 4792 450 4871 nisque
473 4791 563 4866 ratio,
588 4807 658 4868 quae
685 4792 817 4867 utraque
842 4801 975 4847 numero
997 4798 1062 4843 una
1082 4787 1113 4842 ct
1160 4786 1252 4861 gutur
1277 4777 1474 4840 orthodoxus
1497 4794 1506 4835 ι
1526 4780 1559 4836 ct
1580 4772 1663 4845 ideo,
1678 4770 1754 4850 quia
1773 4766 1910 4831 amormt

377 4986 398 5025 a
417 4970 519 5026 Mmu.
536 4964 606 5023 lbid.
623 4960 696 5019 ’Ἀλλ’
704 4965 742 5018 ὅτι
758 4961 801 5035 μὲν
815 4960 844 5015 οὔ
857 4966 908 5016 τῶν
923 4958 1114 5032 imbuuntur:
1198 4956 1220 5012 d
1238 4956 1345 5013 Eunost-
1372 4952 1426 5016 itte
1439 4953 1487 5024 γάρ
1501 4949 1562 5015 ἕντι,
1588 4948 1674 5020 φησὶν,
1690 4945 1764 5001 εἰκὼν
1776 4944 1815 4997 rai
1827 4937 1912 5012 apparit

340 5054 357 5122 ἢ
370 5052 432 5108 κατὰ
446 5051 514 5123 φύσιν
523 5049 641 5121 ἐνέργεια,
656 5048 732 5115 δῆλον
747 5045 774 5101 in
783 5048 827 5100 τοῦ
839 5045 895 5098 ἄνευ
911 5042 954 5116 μὶν
967 5049 1018 5098 τῶν
1036 5041 1113 5114 ἔργων
1163 5044 1207 5109 τῆς
1218 5043 1262 5093 τοῦ
1276 5037 1473 5109 παντοκράτορος
1487 5032 1616 5106 ἐνεργείας.

342 5136 457 5189 &vestm
470 5134 514 5202 vqs
536 5132 605 5203 φύσιν
620 5124 693 5201 εἶναι,
709 5130 766 5182 ἄιεν
780 5126 807 5182 δέ
827 5132 871 5195 τῆς
886 5126 949 5181 κατὰ
962 5121 1032 5198 mois
1048 5122 1114 5196 ἐνιρ·
1199 5138 1215 5178 e
1233 5122 1321 5177 Gaea.
1338 5120 1420 5176 Nisa.
1439 5118 1512 5171 Πᾶσα
1524 5116 1572 5188 γὰρ
1587 5113 1698 5185 ἐνέργεια
1712 5111 1736 5165 ἓν
1748 5108 1789 5183 μὶν
1801 5112 1835 5179 τῷ
1854 5102 1911 5157 lm·

342 5218 418 5289 γείιις,
434 5216 489 5271 οὔτε
515 5211 577 5271 εἶναι
590 5214 635 5283 τὴν
655 5212 734 5284 φύσιν,
750 5209 806 5265 οὔτε
827 5210 986 5283 γινώσκεσθαι
1000 5208 1113 5263 δυνατόν.
1164 5209 1246 5260 seben
1259 5205 1289 5258 'sb
1302 5202 1500 5274 σπονδοζόρινον
1514 5199 1653 5272 θεωρεῖται,
1666 5186 1912 5267 αραινθίντῠίόἕῖω

380 5301 396 5356 b
415 5300 456 5356 lb.
476 5298 506 5352 Et
520 5297 544 5353 iv
559 5298 637 5371 αὐτῷ,
651 5297 714 5369 φημὶ
727 5294 756 5364 δὴ
773 5299 809 5367 τῷ
823 5298 961 5364 mainsinde
975 5296 1019 5359 τῆς
1030 5290 1115 5351 οὐσίας
1163 5286 1375 5359 aminiculum,
1397 5283 1452 5338 καθ’
1479 5282 1566 5350 leeris
1582 5280 1633 5353 οὺχ
1649 5278 1780 5350 ίιρέστνμεν
1795 5265 1845 5326 etos
1857 5266 1911 5337 bh·

342 5384 412 5455 λογῳ
421 5382 436 5450 ἡ
446 5381 553 5454 ἐνέργεια
565 5381 699 5452 θεωρεῖται,
714 5381 789 5447 briis
805 5375 873 5439 ἐκτὸς
886 5376 1012 5448 τυγχάνει.
1164 5390 1229 5445 γειιι·
1242 5375 1287 5425 τοῦ
1301 5370 1395 5441 δρόμον
1408 5367 1424 5435 ἡ
1438 5366 1480 5420 διὰ
1492 5372 1544 5420 τῶν
1563 5366 1648 5419 ποδῶν
1662 5359 1714 5415 ἐστι
1730 5361 1826 5425 sinnit-
1837 5366 1908 5407 m

379 5482 395 5523 0
412 5466 482 5523 ibid.
501 5464 531 5518 Ei
543 5463 591 5537 γὰρ
605 5462 629 5517 ἐν
644 5469 680 5535 τῷ
696 5461 799 5533 ἐνεργεῖν
811 5461 841 5515 rb
854 5454 917 5514 εἶναι
931 5457 1060 5513 δείκνυται.
1167 5455 1241 5528 piane
1251 5453 1278 5508 δέ
1288 5450 1557 5520 destitissemus
1570 5445 1635 5502 torte
1644 5442 1683 5517 ἐφ’
1697 5439 1801 5508 {melicii
1813 5436 1910 5506 Met*

371 5587 381 5629 t
397 5585 449 5639 Pag.
461 5584 495 5627 at.
