3942 6168
336 361 394 421 lat
838 367 1162 432 Tflmwdlcffltbnl
1191 367 1420 432 manarunt.

335 525 981 613 etvioesimsnuamdefflmmmoggine
990 535 1109 615 scripsit
1152 488 1242 612 ειη,
1262 540 1294 596 et
1311 532 1437 614 propria
1456 528 1591 593 mnditia
1608 533 1654 589 est
1672 526 1784 605 ignota
1803 525 1835 587 ab
1848 528 1886 591 illa
1942 502 1943 547 ³

334 616 374 677 ad
386 617 629 698 Hieronymum,
643 622 731 701 cujus
749 627 781 683 et
795 623 911 686 ibidem
923 625 1109 689 Claudianus
1155 624 1558 706 sefflegmausenbeusa»
1568 621 1662 683 Porro
1668 617 1886 682 utiobtllmmtm

335 710 493 787 meminit,
515 711 569 772 ubi
588 714 688 775 Deum
705 715 807 777 solum
825 717 1044 797 incorporeum
1055 719 1109 781 ha-
1156 718 1269 781 divinoe
1288 722 1408 779 murrae
1429 713 1647 797 pehcfionem
1671 728 1740 791 <1¹¹oe
1760 710 1835 773 ”uui
1847 711 1888 773 hl

335 799 401 861 beri
413 805 848 886 possesensualiquoiatetur:
866 810 1108 890 «hieorpoream
1156 828 1252 873 mana
1268 827 1344 871 voce
1361 813 1417 870 ant
1432 805 1636 884 intelligentia
1652 802 1841 879 concluditur,
1859 823 1888 865 ne
1943 870 1944 891 ,

335 909 459 972 quoque
482 913 547 956 esse
570 896 723 973 animam,
752 899 867 979 inquit,
900 901 957 962 etsi
985 901 1108 964 difficile
1156 901 1216 963 hoc
1233 902 1337 982 ipsum
1356 901 1484 980 qaridem
1504 897 1589 977 quod
1608 896 1889 973 mflfimflfflflllflffl
1943 928 1944 955 ÷

335 984 521 1047 tardioribus
551 990 730 1067 persuaderi
759 997 873 1070 potest,
903 992 980 1053 mihi
1001 998 1108 1055 tamen
1156 994 1293 1070 videtur,
1312 995 1531 1071 incorporeum
1549 988 1610 1053 dici
1629 989 1727 1049 Deum
1745 987 1889 1047 sudatile.

335 1073 433 1137 fateor
451 1095 515 1140 esse
539 1098 733 1159 persuasum.
752 1083 813 1144 Sed
830 1102 870 1144 ne
886 1085 973 1146 verbi
984 1091 1107 1147 conno-
1156 1085 1286 1165 patitur,
1307 1085 1351 1145 ita
1367 1083 1512 1163 spirtum
1529 1085 1623 1160 neget
1639 1096 1704 1141 mse
1720 1078 1888 1153 Novatianns,

336 1168 468 1230 versiam
475 1170 990 1251 velsuperssuohcm,velmerim
997 1178 1106 1257 patiar,
1131 1226 1136 1233 .
1157 1176 1220 1238 sive
1229 1177 1333 1257 potius
1341 1176 1477 1238 incertus
1491 1178 1598 1235 aucmr
1615 1168 1730 1232 libaida
1742 1168 1864 1232 Teano
1872 1170 1888 1231 ¹.

336 1260 484 1338 quoniam
508 1282 580 1323 cnm
602 1265 640 1326 de
663 1285 698 1328 re
721 1273 857 1343 constat,
879 1287 944 1329 non
967 1275 1013 1329 est
1030 1287 1109 1350 opus
1160 1268 1238 1330 «Uti
1251 1268 1379 1343 merito,
1390 1261 1891 1346 inqrtit,etquandospiritusdiotm

336 1357 453 1414 certare
471 1354 510 1415 de
529 1356 671 1433 nomine,
691 1358 718 1419 si
736 1377 847 1440 corpus
864 1360 1108 1421 estomnissub·
1157 1365 1295 1435 est,non
1313 1377 1408 1421 omna
1425 1357 1560 1436 inquot
1574 1361 1636 1431 est,
1652 1353 1891 1429 dictussit,scdut
1944 1360 1945 1365 ’

336 1444 463 1520 stantia,
477 1445 526 1507 vel
539 1448 684 1525 essendo,
704 1451 754 1511 vel
771 1451 797 1511 si
816 1450 890 1530 quid
909 1452 1010 1532 aptius
1025 1471 1107 1513 nun·
1156 1452 1235 1513 dum
1253 1469 1343 1513 mens
1363 1450 1529 1511 hominum
1549 1445 1749 1526 intelligendo
1768 1444 1891 1522 usquead

336 1541 468 1614 cupatur
487 1538 520 1598 id
542 1541 627 1618 quod
649 1540 752 1620 aliquo
773 1543 867 1603 modo
884 1544 981 1605 estin
992 1544 1107 1624 seipso,
1157 1543 1260 1623 ipsum
1270 1541 1394 1622 proficit
1407 1540 1573 1621 Spiritum,
1587 1535 1891 1614 conversajamipsain

337 1644 448 1706 eorpus
458 1630 629 1693 estamma.
643 1632 720 1693 ltem
738 1634 954 1696 sieamsolam
965 1636 1108 1715 ineos-po·
1158 1634 1290 1714 Spiritu,
1319 1633 1405 1694 aliud
1433 1632 1508 1713 quid
1540 1629 1673 1709 amplius
1703 1646 1756 1708 per
1780 1626 1891 1705 spiritam

337 1735 423 1779 ream
442 1721 541 1800 placet
558 1724 713 1803 appellare
731 1731 876 1787 naturam
899 1745 969 1806 quae
988 1745 1110 1788 summe
1158 1726 1309 1804 conjicere
1319 1727 1418 1786 Deum
1432 1742 1498 1785 esse
1513 1722 1618 1804 possit.
1637 1719 1763 1781 ldenim
1773 1717 1890 1797 quatiat

338 1810 598 1875 incommutabilis
614 1821 645 1875 et
662 1817 777 1897 ubique
793 1822 857 1878 tota
869 1824 930 1894 ost,
944 1837 1055 1899 corpus
1065 1823 1112 1879 est
1159 1818 1331 1879 secundum
1346 1818 1377 1878 id
1396 1817 1479 1896 quod
1495 1821 1556 1890 est,
1568 1832 1626 1875 nec
1633 1813 1769 1873 humano
1781 1826 1893 1871 sermon

337 1903 628 1983 armamentum
651 1909 712 1968 tale
739 1908 855 1988 aliquid
878 1909 945 1989 ipsa
964 1928 1029 1970 non
1053 1915 1109 1971 ast.
1160 1909 1252 1985 edici,
1273 1928 1332 1971 neo
1347 1908 1494 1970 humanis
1510 1905 1639 1968 auribus
1653 1902 1778 1984 perdpi,
1793 1899 1893 1962 amba
1946 1970 1947 1999 1

339 1994 434 2055 Porro
455 1996 480 2055 si
501 2015 613 2077 carpus
634 2017 699 2061 non
725 2007 771 2061 est
792 2002 851 2061 nisi
873 2001 957 2081 quod
976 2020 1033 2081 per
1052 2001 1112 2062 loci
1160 2003 1261 2062 manis
1269 2000 1410 2063 sensibus
1418 1999 1519 2078 colligi
1528 2001 1669 2078 potest.»

337 2087 471 2164 spatium
487 2089 590 2169 aliqua
601 2091 808 2171 longitudine,
819 2093 996 2169 latitudine,
1007 2094 1110 2154 altino
1200 2093 1286 2154 ldem
1297 2110 1390 2172 porro
1401 2091 1473 2153 libri
1482 2089 1518 2152 de
1534 2086 1682 2151 Trinitote
1693 2085 1820 2164 scriptor,
1830 2082 1893 2163 qual
1908 2104 1947 2165 eg

338 2176 411 2239 dine
429 2180 473 2240 ita
490 2182 621 2259 sistitur,
642 2184 692 2244 vel
707 2190 867 2260 moseten,
889 2191 924 2246 ut
935 2186 1052 2264 majore
1063 2186 1111 2246 sui
1159 2185 1355 2265 potissimum
1365 2180 1753 2263 anthropomorphitarum
1762 2182 1893 2254 eratargu
1916 2150 1947 2217 ἥ

340 2273 585 2351 partomajorem
595 2275 698 2337 locum
708 2283 847 2356 oocupet,
857 2276 1035 2338 ethreviore
1045 2278 1113 2339 bre·
1160 2284 1318 2353 mentam,
1343 2275 1533 2338 antecedenti
1557 2272 1656 2352 eapite
1678 2268 1817 2342 dissolvit,
1837 2267 1893 2331 dun

340 2362 474 2439 viorem,
488 2365 654 2447 minuspse
665 2368 705 2428 sit
719 2368 753 2429 in
771 2373 858 2447 parte
875 2369 1015 2449 quamin
1027 2375 1109 2447 toto,
1161 2369 1327 2450 scripture
1345 2369 1428 2431 locos
1450 2367 1582 2447 explieat
1599 2364 1631 2424 in
1657 2362 1767 2443 quibus
1786 2360 1895 2421 humana

340 2473 405 2516 non
416 2461 583 2537 estcorpus
594 2458 891 2533 auima.nQuocirea
899 2461 1001 2522 solum
1014 2463 1113 2523 Ileum
1161 2462 1224 2523 Deo
1235 2461 1377 2524 membra
1386 2460 1580 2522 tribuuntur.
1597 2477 1613 2513 a
1631 2455 1678 2517 lbi
1689 2450 1895 2516 enimeffiotas

340 2549 478 2628 corporis
507 2556 666 2630 expertem
687 2569 847 2629 asserere,
876 2553 963 2614 nulla
987 2571 1113 2633 prorsus
1160 2552 1280 2615 divium
1289 2548 1664 2634 permemhramonstrari
1673 2542 1895 2624 ait,nonhahitos

340 2642 606 2703 animadversione
613 2644 745 2723 dignum
751 2650 808 2721 est,
817 2645 886 2705 sieo
895 2646 1113 2708 sensudicatur
1161 2645 1226 2720 Dei,
1244 2665 1302 2707 nec
1319 2644 1490 2726 corporalia
1504 2643 1695 2704 hneamenta
1708 2636 1788 2720 poni.
1802 2635 1896 2697 Namet

339 2751 435 2812 quem
444 2735 644 2814 Augustinus,
653 2736 766 2817 aliique
778 2738 882 2797 Patres
893 2737 1114 2799 intellexerunt
1161 2756 1234 2799 cum
1253 2737 1335 2800 oculi
1352 2737 1577 2809 describuntur,
1596 2730 1792 2812 quodomnia
1809 2727 1895 2799 videt

1923 2212 1947 2252 lttt

1926 2316 1931 2324 ε

1914 2316 1948 2427 “b

341 2827 395 2906 qiu
416 2827 500 2889 idem
524 2828 652 2908 professi
674 2834 761 2905 sunt,
786 2834 907 2909 etpost
927 2829 996 2891 illos
1019 2832 1113 2892 etiam
1161 2830 1356 2911 exprimitur.
1369 2831 1405 2892 Et
1416 2827 1540 2909 quando
1552 2843 1655 2901 arares,
1669 2822 1751 2903 quod
1760 2819 1897 2883 omnhau
1948 2816 1949 2825 ’

341 2920 492 2981 Cretensis
508 2920 588 2981 Elias
605 2922 639 2982 in
652 2921 775 2983 scholiis
792 2922 832 2984 ad
850 2923 985 3002 primam
1002 2924 1114 2986 oratio-
1161 2922 1235 2998 diat,
1249 2922 1443 3003 proponitur.
1457 2921 1495 2981 Et
1505 2936 1577 2980 cum
1593 2910 1897 2995 digitis,signifiot11fit

341 3029 414 3073 nem
427 3013 566 3092 Gregorii
575 3013 787 3101 Nazianzeniff
799 3016 843 3076 Aa
856 3015 895 3075 da
909 3034 947 3076 ea
959 3034 993 3077 re
1007 3021 1113 3096 postea
1161 3015 1305 3094 quaedam
1320 3013 1487 3075 voluntatis
1505 3010 1654 3090 aperitun
1677 3009 1713 3069 Et
1734 3022 1800 3067 cum
1819 3018 1896 3073 ml

339 3121 447 3166 rursus
458 3108 615 3186 agendum
631 3108 772 3169 eritoum
784 3108 822 3168 de
840 3107 966 3187 Angelis
978 3108 1113 3189 disputa·
1161 3125 1300 3187 preeum,
1313 3106 1401 3186 quasi
1422 3106 1566 3178 odorum,
1579 3100 1735 3181 perceptio
1748 3095 1896 3159 ostenditur.

340 3196 455 3275 bimus,
468 3199 522 3259 ubi
535 3200 800 3279 quemadmodum
818 3201 958 3280 corporei
974 3219 994 3260 a
1007 3201 1113 3281 pleris-
1161 3199 1297 3261 Etcum
1319 3215 1446 3274 manus,
1470 3195 1555 3275 quod
1582 3198 1733 3254 creaturae
1762 3189 1806 3261 sit,
1821 3184 1898 3247 omui

342 3308 403 3369 que
417 3290 591 3352 habeantur
602 3292 788 3371 aperiemus.
1160 3297 1279 3367 auctor,
1291 3291 1452 3371 probatur.
1467 3289 1505 3349 Et
1520 3284 1646 3366 qrmndo
1664 3282 1826 3353 brachium,
1836 3275 1898 3356 quod

382 3382 461 3443 XVl.
489 3383 529 3444 nt
558 3383 698 3445 statinus
723 3388 858 3462 martyr,
887 3382 951 3444 imo
978 3385 1033 3464 qui
1054 3386 1113 3449 sub
1161 3384 1249 3445 nrtlla
1268 3389 1382 3445 natura
1400 3386 1509 3443 contra
1531 3376 1628 3439 robur
1649 3375 1744 3456 ipsius
1759 3385 1899 3452 repugnare

341 3473 424 3535 illius
433 3475 560 3537 nomine
570 3475 684 3554 legitur
700 3480 806 3537 auctor
817 3474 1015 3550 Quaestionum
1027 3476 1112 3542 Groe·
1161 3476 1271 3557 possit,
1307 3475 1445 3536 ediciam.
1473 3473 1511 3533 Et
1547 3467 1675 3549 quando
1716 3465 1812 3547 pedes,
1838 3457 1899 3540 quod

341 3584 458 3636 corum,
473 3568 573 3628 ileum
584 3585 686 3648 neque
696 3584 891 3647 corporeum,
905 3569 1114 3647 nequcinoor-
1161 3567 1290 3648 impleat
1303 3567 1421 3641 omnia,
1433 3582 1491 3625 neo
1505 3563 1546 3623 sit
1560 3561 1734 3642 quidquam
1749 3555 1799 3618 ubi
1813 3555 1901 3615 norst

342 3676 474 3738 poreum
501 3677 567 3720 esse
592 3660 714 3735 asserit,
746 3657 861 3739 quippe
890 3659 945 3739 qui
966 3666 1115 3742 utsupra
1163 3661 1255 3737 Deua
1280 3658 1460 3739 explicatur.
1486 3656 1593 3733 Neque
1620 3652 1707 3713 enim
1730 3654 1799 3711 sunt
1822 3646 1900 3746 eiad

316 3778 318 3783 ·
342 3767 470 3831 eorpus,
484 3751 527 3813 ita
533 3770 627 3832 supra
633 3753 945 3832 incorporeumestet
953 3753 1114 3835 utriusque
1162 3751 1314 3828 membra,
1334 3754 1389 3810 aut
1406 3747 1621 3811 membrorum
1636 3743 1738 3805 officia
1752 3751 1900 3807 amasam

342 3843 493 3906 conditor.
509 3845 728 3921 «Nosautem,
741 3843 858 3924 inquit,
872 3862 1112 3924 emumrernm,
1162 3844 1202 3905 ad
1225 3845 1313 3923 cunm
1330 3840 1432 3903 solum
1455 3839 1550 3901 etiam
1571 3836 1702 3898 tacitum
1724 3830 1902 3895 arbitriumel

342 3953 413 4015 qua
425 3938 508 4017 apud
517 3955 575 3999 nos
592 3942 666 3997 sunt
679 3936 950 4017 prestantissima,
964 3937 1115 4000 vocabula
1162 3935 1304 3998 serviunt
1314 3939 1346 3995 et
1361 3933 1474 3995 adsum
1490 3929 1637 3993 omnia.»
1658 3925 1801 4002 Quoniam
1811 3943 1826 3979 ε
1838 3933 1903 3981 mm

341 4028 377 4090 in
396 4029 496 4092 Mum
514 4029 642 4092 honoris
668 4047 758 4092 rama
781 4028 947 4090 transferre
966 4029 1113 4092 solemus.
1162 4027 1349 4090 haeoabusio
1361 4024 1595 4097 nominumest,
1608 4020 1651 4082 ait
1663 4019 1751 4081 Philo
1763 4008 1904 4092 ⁸,i1nbenl

342 4121 460 4183 Verum
476 4122 502 4183 si
517 4122 692 4203 incorporei
708 4139 825 4183 noman
840 4121 1012 4202 simplicem
1023 4140 1116 4202 nega-
1163 4121 1241 4182 litati
1259 4124 1373 4182 nostra
1391 4112 1610 4178 commeasti
1626 4112 1729 4191 Atque
1745 4108 1821 4169 idem
1838 4098 1903 4165 Puto

342 4211 461 4275 donem
482 4215 549 4293 ejus
567 4215 651 4295 quod
670 4231 855 4294 corporeum
876 4219 923 4274 est
946 4213 1113 4293 significet,
1164 4213 1320 4292 eleganter
1331 4208 1536 4286 ait,homines
1545 4204 1676 4284 illosqui
1687 4194 1903 4295 humanumllo

344 4322 409 4366 non
423 4311 470 4366 est
484 4305 615 4367 dubium
631 4306 708 4386 quin
724 4323 796 4366 vere
806 4324 842 4366 ac
854 4306 977 4385 proprie
986 4306 1118 4384 quadret
1164 4322 1277 4385 corpus
1283 4302 1437 4380 affingtmt
1447 4298 1638 4377 humanique
1649 4293 1787 4358 membra
1796 4298 1904 4367 corpttlt

343 4396 377 4457 in
399 4398 509 4459 heum.
535 4398 590 4459 Sin
619 4397 754 4460 formam
780 4397 916 4477 aliquam
937 4397 1116 4460 substantiae
1165 4402 1197 4458 et
1212 4395 1389 4457 atieofiones
1409 4389 1636 4452 «cochlearum
1651 4403 1740 4453 more
1753 4385 1786 4446 in
1799 4380 1828 4442 id
1841 4373 1904 4456 quod

343 4490 452 4568 generi
481 4489 651 4567 subjectam
678 4496 710 4552 et
736 4507 893 4569 corporeae
918 4508 957 4550 ex
987 4491 1116 4551 adverso
1165 4486 1295 4550 mortale
1313 4491 1369 4563 est,
1389 4483 1567 4559 subeuntes,
1587 4480 1637 4542 vel
1654 4484 1691 4540 ut
1706 4475 1904 4538 homocum

344 4581 583 4661 respondentem
611 4582 778 4662 intelligas,
810 4582 983 4661 eujusmodi
1003 4600 1118 4662 negan-
1165 4598 1231 4642 sese
1247 4577 1445 4658 conglobatos
1462 4580 1493 4635 et
1508 4571 1758 4645 circumvolutae,
1776 4565 1811 4670 de
1824 4562 1903 4657 lit-’⁸1⁰3

345 4672 428 4734 tibus
445 4673 571 4734 vocibus
587 4674 718 4754 exprimi
735 4674 835 4736 solent
850 4675 928 4736 dum
943 4692 1051 4736 aarum
1061 4691 1115 4735 na·
1167 4678 1198 4733 et
1212 4668 1438 4750 incorruptibili
1455 4668 1518 4728 Deo
1532 4664 1607 4727 talia
1621 4662 1746 4738 sentire,
1764 4646 1905 4735 munandin

382 4930 403 4972 a
420 4914 523 4971 ltsrln.
546 4913 654 4985 Qttaest.
671 4914 699 4971 2.
720 4914 767 4966 Καὶ
791 4913 821 4967 ab
850 4913 918 4967 θεῖόν
946 4930 1025 4985 φαμεν
1054 4906 1117 4966 εἶναι
1167 4909 1205 4964 ἀεὶ
1218 4908 1338 4983 γεραίρειν
1349 4906 1379 4961 ab
1389 4906 1464 4960 tutae·
1478 4903 1543 4958 dau
1553 4904 1594 4956 nel
1609 4900 1634 4956 la
1648 4906 1701 4963 τοῖς
1714 4899 1824 4971 tapam
1835 4886 1905 4991 elil}

346 4998 489 5071 ἀσώματον,
503 4995 551 5071 οὔχ
569 4998 607 5051 ὅτι
618 4995 684 5052 keil
705 4995 846 5069 cladipotus·
870 4993 978 5050 ἔπὲιεινα
990 4996 1038 5069 γάρ
1053 4993 1117 5050 ἔστιν
1166 4999 1211 5048 τοῦ
1230 4994 1285 5046 θεοῦ
1300 4991 1393 5046 τούτων
1412 4987 1527 5060 &sopitos
1535 5028 1544 5052 ,
1565 4983 1627 5039 ἀλλ’
1642 4984 1713 5057 ἡμῶν
1724 4983 1766 5051 tlt
1785 4977 1834 5049 mpl
1849 4987 1906 5026 W

346 5081 427 5144 ὁθεδς
444 5087 475 5156 τῇ
497 5081 572 5136 αὐτοῦ
586 5079 669 5152 οὐσίᾳ,
690 5081 774 5152 ὥσπερ
794 5083 838 5134 τοῦ
850 5079 975 5151 eductae,
996 5078 1062 5133 dau
1074 5076 1116 5132 nal
1167 5076 1260 5130 ἔννοιαν
1274 5073 1358 5135 αἰετοῖς
1371 5070 1561 5144 ἰνδεικνυμὲεοε.

347 5167 392 5219 τοῦ
406 5164 554 5238 ἀσωμάτου,
573 5164 608 5227 ὣς
626 5162 845 5237 ίκετίρεετοῦτων
866 5162 983 5236 ὓπάρχων
1002 5164 1118 5234 δημιουρ·
1203 5158 1332 5216 ὸΡιιῐιο.
1364 5155 1520 5227 sesamae
1541 5152 1568 5207 di
1593 5151 1720 5224 ὂεῳάεενε
1747 5145 1795 5200 ἐστὶ
1819 5152 1906 5209 mili*

347 5249 400 5320 γός·
424 5247 479 5302 atat
489 5246 537 5321 γὰρ
557 5245 669 5316 inclusas
687 5247 702 5301 d
722 5247 776 5310 θεὸς
791 5244 901 5309 ἅ-εῶτδς
924 5245 1039 5318 trappa·
1056 5241 1118 5297 ἀλλ’
1167 5245 1244 5315 podet
1256 5242 1300 5310 τὴν
1313 5238 1434 5313 ἧμετίραν
1450 5235 1582 5290 ἀσθένειαν.

347 5331 432 5402 ὥσπερ
446 5328 564 5402 sithiense
579 5328 603 5382 ἐν
624 5332 678 5393 τοῖς
697 5328 831 5403 περ’ἡμῖν
852 5328 1006 5401 sapiensne
1022 5327 1118 5387 ὓλεωῖς

376 5562 385 5606 1
400 5560 466 5605 Nun.
479 5558 512 5604 ld.
521 5557 568 5603 -1
578 5557 632 5613 Cep.
645 5568 685 5603 nr.
693 5559 740 5602 -8
750 5556 799 5603 lib.
810 5558 837 5604 de
847 5558 917 5604 aum
926 5562 948 5602 st
960 5556 1030 5609 Aule,
1042 5565 1093 5612 pag.
1104 5555 1153 5600 toa
