4008 6170
457 210 508 269 DE
528 209 604 269 DEO
625 209 768 283 DEIQUE
789 210 1131 286 Paarulam'nssus,
1155 212 1227 272 ΗΒ.
1252 212 1275 287 Ι,
1299 212 1384 273 GAP.
1409 213 1446 272 ll.
1726 215 1764 275 73

138 388 208 448 ‘1¹¹⁰
221 371 283 432 1100
298 372 403 447 habet,
419 373 503 451 quod
515 374 577 433 ne0
589 372 807 432 mfflflvemgns
821 378 876 432 est,
891 373 929 432 Et
982 378 1090 420 rerum
1096 361 1285 440 principimn
1292 362 1458 422 rectissime
1465 362 1671 439 crediderunt,
1680 364 1764 442 «prod

137 482 219 526 eum
236 465 319 526 nihil
349 472 462 546 pfffltssr
490 472 658 527 cremam
688 472 719 526 et
753 462 928 527 mannam
981 453 1098 523 lantiam
1112 473 1176 515 non
1185 461 1297 516 essetet
1307 474 1412 536 exque
1424 456 1504 517 facta
1512 462 1623 517 cuncta
1632 463 1759 517 essent.»

139 557 267 633 existat,
291 560 317 620 si
338 561 419 620 Deus
437 578 493 639 per
511 560 645 638 seipsum
659 578 723 619 non
739 558 925 634 hebetasse,
1023 548 1171 621 Quocirca
1192 553 1261 609 tum
1278 568 1316 609 ex
1334 567 1440 610 rernm
1465 549 1674 629 qualitatibus,
1694 555 1762 611 tum

139 652 319 713 nmmo
330 653 536 732 eonseqffitm,
552 658 588 712 ut
599 671 655 732 per
669 658 842 712 creaturam
853 652 931 711 exis.
983 660 1020 701 ex
1035 659 1144 703 earum
1157 643 1276 703 naturis
1292 648 1323 702 et
1342 643 1501 703 existentia
1520 642 1586 721 ipsa
1604 661 1762 702 summum

139 748 198 817 issi,
211 747 302 824 quod
312 746 665 808 inconvenientissimum
677 752 732 807 est,
752 770 765 803 ῃ
983 753 1047 795 9888
1062 735 1178 814 aliquid
1194 735 1358 814 colligitur,
1378 736 1461 815 qUOd
1480 736 1698 815 periecfionem
1709 736 1761 796 ab·

181 838 926 918 Adonetafiuda1g11menu1m,‹p10dsichalret:
983 827 1228 907 solutionemque
1247 829 1383 889 continet
1406 847 1515 890 eorum
1536 830 1676 889 omnium
1697 830 1762 907 qiu-

141 932 286 992 Mundus
297 952 333 993 nx
346 933 472 994 diversis
482 933 575 993 rebus
591 938 622 993 et
636 932 833 993 dissimilibus
844 951 931 993 cons-
983 921 1041 982 hus
1052 923 1160 983 affecta
1172 924 1363 1003 formantque
1374 925 1431 985 isia
1443 925 1607 999 cemimus,
1621 944 1690 1004 quae
1704 944 1762 985 nec

140 1029 187 1084 tat
200 1043 277 1103 qum
298 1043 406 1086 omnes
418 1024 509 1086 honae
529 1030 611 1100 sunt,
640 1025 713 1104 quia
734 1031 806 1085 sunt
826 1025 927 1085 utiles.
983 1035 1048 1076 ase
1063 1035 1119 1096 per
1135 1035 1226 1096 seque
1245 1017 1361 1077 habent
1375 1018 1406 1077 id
1426 1018 1509 1096 quod
1525 1036 1588 1078 esse
1604 1017 1758 1093 dicmrtur,

144 1118 278 1178 temne
291 1123 395 1179 autem
408 1117 527 1178 bonum
546 1123 600 1178 aut
615 1137 671 1196 per
682 1136 713 1177 se
732 1117 851 1178 honum
872 1123 926 1192 est,
983 1109 1035 1169 sed
1050 1110 1133 1169 illius
1151 1111 1368 1171 communione
1386 1112 1509 1187 summi,
1530 1130 1630 1189 neque
1647 1112 1761 1191 perlec-

139 1215 198 1268 nut
209 1228 272 1289 per
285 1209 380 1270 aliud.
398 1209 459 1271 Sed
468 1209 587 1269 diversa
599 1208 683 1269 bona
698 1209 929 1288 participatione
983 1210 1050 1265 tum
1066 1204 1108 1264 sic
1126 1204 1290 1284 possident,
1313 1205 1390 1265 nihil
1406 1210 1441 1264 ut
1460 1210 1514 1273 aut
1525 1204 1603 1265 desit
1620 1210 1673 1265 aut
1688 1206 1760 1265 addi

140 1302 241 1361 inuans
259 1301 337 1362 botri
356 1301 439 1362 bona
463 1320 526 1362 esse
545 1320 665 1362 necesse
689 1307 744 1361 cst.
768 1302 930 1362 Diversitas
983 1298 1032 1358 vel
1056 1298 1220 1378 cogitando
1245 1300 1348 1378 possit,
1376 1298 1550 1376 cujusmodi
1574 1317 1638 1359 esse
1669 1298 1759 1360 delict

140 1394 265 1473 qruppc
273 1393 382 1473 recipit
392 1393 491 1472 magis
502 1394 654 1454 etminus.
668 1395 770 1454 Restat
778 1395 873 1473 igitur
883 1393 930 1453 his
983 1392 1067 1471 quod
1078 1410 1199 1453 summe
1210 1393 1380 1472 perlectum
1393 1399 1438 1454 est
1452 1413 1487 1453 ac
1501 1393 1587 1453 velut
1601 1394 1759 1473 exemplu·

142 1486 324 1546 mammam
340 1490 371 1546 et
383 1503 543 1545 summum
562 1484 681 1546 honum
694 1485 733 1545 dc
749 1505 812 1565 quo
833 1486 931 1547 omni-
984 1491 1165 1547 cancrorum
1180 1492 1211 1547 et
1224 1486 1341 1566 regula,
1363 1487 1446 1565 quod
1460 1487 1511 1547 hic
1528 1487 1648 1548 anobis
1661 1488 1760 1567 inqui·

142 1577 204 1638 nos
231 1579 429 1640 interioribus
448 1580 582 1659 profluat
596 1579 727 1655 bonurn,
750 1586 780 1640 ct
798 1581 859 1641 hoc
879 1580 932 1640 bo
984 1579 1072 1639 titur.
1089 1578 1132 1640 lle
1144 1598 1216 1640 cum
1225 1580 1257 1640 id
1268 1598 1360 1641 omne
1372 1580 1456 1659 quod
1470 1580 1519 1640 vel
1528 1599 1620 1641 sensu
1631 1581 1760 1661 pereipi-

143 1690 228 1732 nnm
241 1674 324 1732 Deus
337 1678 393 1747 est,
412 1672 535 1751 dequo,
554 1673 641 1751 quasi
656 1673 693 1732 de
710 1672 804 1747 lonte,
820 1678 931 1733 cuncta
985 1688 1064 1747 mus,
1081 1670 1131 1731 rel
1142 1675 1245 1732 mente
1264 1673 1564 1752 comprehendimus,
1584 1674 1664 1734 infra
1682 1674 1760 1735 illud

11 1831 13 1834 ¹
142 1763 928 1844 bonnprollumrtetineumdemcrmctarcssutmt.»
985 1763 1069 1843 qrrod
1081 1764 1273 1843 indagamus,
1286 1785 1454 1841 summum,
1471 1767 1584 1847 partim
1597 1767 1761 1828 mutationi

8 1821 106 1907 Μυῒ
184 1858 244 1918 ΙΙΙ.
277 1858 319 1919 At
343 1859 535 1939 Augustinus
565 1860 598 1918 in
623 1864 730 1919 octavo
749 1858 784 1919 de
802 1857 933 1920 Ciuitate
987 1857 1160 1935 subjectum
1182 1859 1229 1932 sit,
1248 1861 1361 1939 partim
1379 1860 1464 1920 aliud
1482 1861 1542 1921 alio
1566 1862 1679 1937 minus,
1698 1881 1762 1923 ma-

12 1918 119 2033 e‘ffl'
146 1948 204 2010 Dei
216 1959 391 2012 1exrerum
402 1949 852 2029 mutabilitateetinaequalitatc
868 1968 935 2030 per·
988 1950 1070 2028 gisae
1085 1950 1123 2009 sit
1138 1951 1318 2029 perfectum,
1333 1971 1389 2032 pro
1405 1971 1442 2012 eo
1457 1972 1492 2013 ac
1511 1954 1665 2033 qualitatis
1678 1953 1762 2015 illius

143 2043 369 2125 lectionisque
381 2044 530 2107 increatis
543 2045 689 2120 cernitur,
702 2050 936 2105 unumetsnm—
989 2060 1008 2101 a
1039 2059 1101 2120 qua
1135 2042 1345 2104 denominatio
1368 2045 1505 2124 petiam,
1527 2045 1597 2125 plus
1619 2046 1761 2106 minusve

11 2144 100 2226 Q&
145 2154 241 2197 mum
262 2137 380 2217 aliquid
396 2138 613 2217 csseidemque
634 2136 811 2197 mutationis
827 2155 936 2217 expers
989 2135 1027 2194 sit
1062 2135 1226 2214 particep53
1257 2138 1480 2198 recurrendum
1513 2144 1558 2199 est
1588 2140 1627 2199 ad
1657 2158 1761 2218 supre

10 2243 100 2280 mur·
146 2232 338 2294 intellexisse
355 2231 555 2312 philosophos
564 2237 682 2291 veteres
695 2232 812 2291 assent.
832 2231 936 2291 «Con-
989 2246 1077 2288 mum
1092 2228 1220 2310 aliquid]
1231 2235 1261 2291 et
1276 2231 1416 2310 simplex,
1437 2232 1521 2310 quod
1540 2232 1652 2312 ipsum,
1665 2233 1761 2312 quod·

147 2325 454 2386 sideraveruntenim
466 2323 615 2403 quidquid
626 2323 850 2402 estvelcorpus
858 2341 932 2399 esse,
989 2340 1120 2401 cumque
1139 2328 1184 2382 est
1208 2341 1244 2383 ac
1263 2324 1395 2401 dicitur,
1414 2324 1454 2385 ab
1473 2323 1560 2386 nullo
1578 2326 1757 2405 participet,

148 2417 197 2477 vel
210 2417 320 2494 sitam,
337 2417 508 2496 meliusque
519 2415 635 2496 aliquid
647 2415 743 2475 vitam
755 2434 829 2491 esse,
839 2435 933 2494 quam
987 2415 1026 2475 ab
1045 2436 1081 2476 co
1100 2435 1173 2476 vero
1191 2417 1375 2497 participent
1396 2423 1513 2495 caetera,
1537 2419 1681 2500 idemque
1695 2440 1760 2480 non

148 2511 683 2592 eorp11s,speeiemquecorp0risesse
695 2508 934 2586 sensibilemin-
987 2528 1024 2569 ex
1043 2509 1188 2588 adjtmcto
1213 2509 1316 2590 aliquo
1341 2518 1372 2572 et
1395 2512 1481 2573 velut
1504 2514 1671 2575 adventitio
1699 2514 1759 2575 talc

146 2603 931 2687 telligibilemvitad'roindeintelligibilemspeciem
986 2608 1021 2662 ut
1031 2603 1079 2678 sit,
1094 2602 1216 2679 habeat,
1233 2604 1284 2663 sed
1297 2604 1399 2684 ipsum
1413 2623 1470 2685 per
1480 2625 1555 2683 sese,
1568 2607 1665 2667 immo
1678 2607 1759 2667 istud

147 2701 290 2762 sensibili
304 2699 516 2780 pranderunt.
530 2698 692 2760 Sensibilia
707 2697 838 2758 dicimus
862 2717 931 2777 quae
984 2696 1086 2774 ipsum
1107 2697 1145 2756 sit
1165 2698 1248 2776 quod
1269 2698 1382 2759 haltere
1407 2699 1528 2776 dicitu,
1551 2720 1609 2763 nce
1627 2701 1684 2761 nisi
1708 2701 1761 2761 lra-

147 2795 219 2855 u'su
236 2800 383 2872 tuamque
396 2791 531 2872 eorpo1is
550 2790 656 2852 sentiri
669 2796 803 2870 queunt,
818 2790 929 2850 intelli-
983 2790 1059 2851 bens
1072 2810 1107 2851 ac
1120 2791 1284 2870 praeditum
1298 2811 1316 2852 o
1330 2793 1420 2853 nobis
1433 2800 1533 2873 potest
1546 2795 1688 2874 intelligi.
1814 2857 1821 2866 ,

145 2886 625 2965 gibiliaquaeconspectuments
635 2882 897 2963 intelligipossint.
909 2906 924 2940 »
1021 2884 1071 2943 lv.
1085 2884 1155 2943 Haec
1165 2890 1210 2943 est
1216 2883 1270 2944 illa
1279 2884 1385 2975 specics
1396 2885 1648 2948 incotnmutotilis
1663 2905 1757 2965 quam
1802 2869 1848 2952 ὀἷς
1869 2870 1910 2953 Ἢ

148 2979 233 3040 tuest
249 2978 391 3058 igitruin
407 2977 518 3038 animis
531 2976 695 3037 hominum
713 2976 827 3055 species
850 2995 930 3054 quae
979 2982 1068 3036 vocat
1090 2977 1289 3055 Augustinus,
1302 2979 1389 3057 eujus
1408 2997 1498 3039 sensu
1521 2978 1625 3058 aliquo
1649 2980 1759 3040 intelli·
1854 2977 1890 3008 ‘¹¹¹¹

148 3072 226 3131 dam
238 3065 440 3151 intelligibilis
450 3087 555 3130 rerum
570 3068 664 3130 etiam
683 3073 925 3148 coritoratarum,
979 3070 1144 3148 gentisque
1162 3070 1302 3150 perimas
1323 3072 1461 3133 Socrates
1483 3073 1576 3154 apud}
1585 3071 1755 3151 Platonem,

148 3170 185 3225 ut
199 3164 449 3245 pulchritudinis,
472 3164 589 3243 figuret,
622 3169 734 3239 motus,
755 3162 925 3239 cantilenae,
979 3162 1048 3232 ἰδέας
1070 3164 1235 3244 appellarit
1253 3184 1359 3226 renam
1386 3167 1527 3227 omnium
1550 3166 1758 3247 intelligibiles

146 3258 322 3323 secumdum
343 3275 437 3337 quam
453 3257 491 3318 de
506 3256 555 3316 his
569 3256 719 3333 judicant.
739 3255 780 3316 At
797 3255 864 3316 haec
881 3275 929 3316 ea-
979 3255 1143 3318 formasse
1159 3257 1282 3336 species
1299 3277 1368 3337 quae
1384 3257 1423 3319 ul)
1439 3259 1532 3319 rebus
1547 3259 1675 3340 singidis
1693 3260 1759 3320 ahs-

147 3351 223 3413 dem
244 3352 359 3432 species
381 3350 471 3411 enisi
489 3349 646 3410 mutabilis
663 3354 750 3425 essct,
767 3368 832 3409 non
849 3349 929 3409 olias
977 3354 1091 3426 tractae,
1108 3355 1139 3410 et
1150 3355 1236 3410 ortus
1248 3356 1340 3430 atquc
1354 3352 1496 3413 interitus
1508 3359 1647 3434 expertes
1658 3373 1714 3434 per
1725 3374 1756 3415 sc

146 3446 212 3508 alio
227 3446 339 3507 melius
350 3446 388 3506 de
400 3445 498 3525 specie
516 3444 650 3505 sensibili
663 3444 815 3522 jrnlicaret
834 3462 841 3503 :
864 3462 928 3504 me·
977 3442 1371 3521 ipsaeconsisterentanuas
1387 3446 1479 3506 etiam
1490 3445 1569 3507 solas
1577 3465 1684 3507 revera
1694 3465 1758 3507 esse

147 3538 211 3600 lius
231 3539 419 3619 ingeniosior
429 3556 524 3617 quam
535 3539 661 3612 tardior,
675 3536 787 3597 melius
800 3537 927 3617 peritior
978 3536 1063 3607 (lixit,
1084 3542 1190 3617 utpote
1214 3544 1378 3618 perpetuas
1390 3545 1421 3599 et
1444 3540 1566 3601 stabiles
1588 3546 1619 3601 et
1642 3540 1758 3601 nullius

147 3650 247 3711 quarn
264 3631 456 3711 imperitior,
485 3629 595 3691 melius
616 3629 810 3690 exercitatior
833 3648 927 3707 quam
978 3629 1257 3690 communicatione
1279 3630 1365 3706 tales,
1383 3631 1436 3692 sed
1458 3633 1556 3693 lonles
1579 3639 1609 3694 et
1625 3634 1758 3713 origines

146 3725 254 3785 minus
268 3723 459 3797 exercitatis,
476 3727 507 3783 et
517 3722 600 3782 idem
610 3721 675 3800 ipse
685 3739 765 3781 unus
776 3738 848 3780 cum
859 3739 928 3800 pro
978 3725 1158 3782 caeterorum
1175 3722 1425 3803 exemplaresquc
1441 3744 1555 3786 causas.
1569 3727 1691 3787 Etenim
1706 3726 1759 3787 Al-

145 3818 223 3893 licit,
237 3818 348 3879 melius
362 3817 467 3896 utiquc
491 3822 596 3896 postes
610 3833 705 3899 quam
725 3815 821 3895 prius.
840 3816 928 3889 Quod
978 3814 1084 3875 cincus
1122 3814 1155 3874 in
1178 3813 1271 3875 libro
1292 3813 1327 3876 de
1355 3815 1501 3878 Doctrina
1531 3816 1670 3879 Platonis
1691 3838 1756 3880 non

146 3918 256 3973 autam
281 3912 388 3992 recipit
408 3910 507 3989 majus
532 3915 563 3971 ct
587 3910 690 3970 minus
715 3909 780 3969 sine
809 3908 928 3969 dubita-
978 3906 1066 3968 aliter
1084 3907 1155 3968 idea
1174 3909 1249 3988 quid
1269 3909 1308 3968 sit
1328 3910 1475 3989 exponit:
1498 3912 1581 3971 «Est
1599 3918 1703 3972 autem
1725 3919 1756 3973 ct

146 4006 233 4067 tione
247 4004 396 4066 mutabile
410 4010 464 4065 est.
479 4004 567 4066 Unde
587 4002 737 4083 ingeniosi
751 4008 781 4063 et
802 4002 883 4062 docti
897 4008 928 4064 et
977 3997 1056 4074 idea,
1073 3999 1157 4078 quod
1175 4000 1214 4060 ad
1231 4002 1329 4061 Deum
1347 3999 1565 4078 attinetfnotio
1584 4004 1654 4078 Dei;
1671 4006 1754 4083 quod

147 4098 181 4159 in
202 4098 252 4159 his
274 4098 432 4159 exercitati
455 4098 594 4158 homines
616 4095 703 4157 facile
725 4095 925 4174 collegerunt,
978 4090 1017 4151 ad
1037 4110 1095 4151 nos
1112 4109 1200 4168 vero,
1226 4093 1363 4172 primum
1381 4093 1588 4174 intelligibile,
1611 4097 1696 4174 qnod
1716 4098 1755 4158 ad

149 4210 216 4253 non
238 4210 301 4253 esse
321 4191 355 4255 in
375 4192 418 4252 eis
440 4190 531 4251 rebus
554 4189 687 4269 primam
705 4187 847 4268 speciem,
874 4188 928 4248 ubi
978 4186 1149 4261 materiam,
1174 4187 1300 4261 modus;
1319 4187 1403 4266 qnod
1420 4188 1460 4249 ad
1481 4189 1635 4250 mundum
1649 4190 1752 4269 hluto,

150 4284 577 4346 mutabilccsseconvincitrn.
590 4281 927 4361 Cumigiturineornm
977 4279 1031 4358 qui
1052 4279 1109 4339 sub
1130 4298 1236 4340 sensus
1254 4280 1344 4355 eadit,
1370 4281 1542 4361 exemplam
1567 4284 1606 4343 ad
1624 4284 1753 4364 seipsam

150 4385 317 4460 conspectu
338 4383 370 4440 ct
387 4397 498 4457 corpus
517 4383 548 4437 et
562 4376 685 4436 animus
701 4373 799 4453 magis
813 4371 928 4434 minus-
977 4392 1050 4434 vero
1068 4421 1075 4451 ,
1092 4374 1231 4435 essentia.
1247 4375 1401 4455 Quidquid
1414 4377 1497 4447 enim
1510 4377 1647 4451 adhibito
1659 4379 1694 4453 fit
1708 4380 1754 4442 in-

150 4491 214 4551 que
232 4472 368 4552 speciosa
388 4476 497 4544 essent,
516 4475 547 4529 et
562 4469 587 4533 si
602 4467 687 4529 omni
706 4465 805 4546 specie
825 4483 927 4527 carerc
976 4465 1102 4527 tellecta
1114 4467 1155 4527 ad
1166 4466 1282 4547 aliquid
1297 4468 1529 4531 referrinecesse
1542 4472 1755 4545 estQuemad-

150 4563 283 4644 possent,
309 4565 436 4626 omnino
459 4563 545 4624 milla
568 4566 682 4635 essent3
701 4560 845 4622 viderunt
864 4578 927 4622 esse
977 4560 1107 4622 modum
1118 4560 1144 4621 si
1156 4561 1274 4640 aliquid
1286 4561 1325 4622 ab
1337 4563 1441 4643 aliquo
1460 4564 1524 4639 fiat,
1540 4571 1604 4626 uta
1617 4568 1754 4630 memni-

151 4658 277 4738 aliquid,
295 4658 351 4719 ubi
368 4658 469 4740 prima
485 4662 562 4719 esset
583 4652 843 4717 incommutabilis
862 4672 928 4733 spe-
976 4653 1071 4734 ipsius
1083 4655 1197 4736 imago,
1208 4655 1275 4735 ejus
1294 4657 1452 4737 exemplar
1466 4664 1556 4721 antea
1570 4661 1646 4741 poni
1664 4681 1755 4742 opor·

150 4752 220 4823 cies
236 4758 266 4813 ot
283 4752 354 4812 ideo
372 4769 430 4811 nec
449 4748 674 4830 comparabilis,
693 4752 785 4827 atque
803 4746 847 4808 ibi
863 4764 926 4807 esse
976 4752 1081 4809 tct‘¹.»
1095 4750 1168 4822 Quae
1181 4750 1259 4811 ratio
1274 4753 1447 4814 lleumesse
1462 4753 1597 4834 aliquem
1606 4757 1749 4818 ostendit.
1814 4770 1817 4775 '

186 4934 423 4994 adtolit-'‘Bruti
433 4936 499 5004 zali
518 4933 578 4993 tcta,
594 4934 628 4996 ὡς
639 4931 682 5006 μὲν
692 4933 752 5006 πρὸς
765 4932 827 4986 Θεὸν
845 4933 926 5001 νόησις
975 4937 1118 5011 γιγνόμενον
1131 4939 1184 4993 κατ’
1195 4935 1311 5013 ἐπίνοιαν,
1326 4940 1386 5014 πρός
1407 4959 1430 4996 τι
1452 4938 1544 5011 ὀφείλει
1561 4940 1677 5013 γίνεσθαι,
1695 4944 1752 4999 ὥσ-

150 5021 279 5084 ὠῖῶ·ὧς
291 5021 318 5075 δὲ
328 5021 389 5094 epit
400 5020 473 5092 ἧμᾶς,
483 5019 688 5092 antecaperet·
706 5015 777 5079 ὡςδὲ
794 5017 854 5090 πρὸς
865 5017 926 5085 ὕλην
976 5039 1021 5093 περ
1035 5020 1056 5074 εἰ
1076 5021 1124 5075 ἀπὸ
1142 5025 1207 5086 τινός
1231 5044 1255 5078 τι
1268 5026 1373 5098 γένοιτο,
1389 5026 1422 5087 ὡς
1433 5025 1476 5079 ἀπ’
1495 5023 1554 5096 ἐμοῦ
1574 5016 1588 5093 ἧ
1609 5024 1654 5097 ἐμὴ
1670 5023 1750 5099 εἰκὼν,

151 5106 251 5179 μέτρον·
267 5107 302 5170 ὣς
320 5104 347 5159 δὲ
366 5106 427 5178 πρὸς
444 5105 515 5173 tiata
531 5105 634 5176 κόσμον,
656 5104 823 5175 παράδειγμα·
845 5102 878 5171 ὡς
899 5100 925 5155 δὲ
976 5105 1062 5159 δεῖτὸ
1084 5108 1236 5181 παράδειγμα
1249 5112 1450 5183 προυποκεῖσθαι.

151 5190 209 5260 πρὸς
228 5190 303 5260 ciria
331 5188 500 5262 ἐξεταζομένη,
528 5187 607 5245 οὐσία.
629 5188 740 5242 Καθόλου
759 5185 806 5259 γὰρ
828 5188 875 5238 πᾶν
895 5184 924 5240 τὸ

164 5352 174 5397 1
195 5356 251 5411 Cup.
264 5362 299 5398 vr.
316 5350 399 5396 -21n
413 5346 468 5398 Tim.
485 5353 507 5395 et
519 5350 559 5397 lib.
576 5346 606 5391 Χ.
630 5346 655 5393 tis
674 5347 728 5406 nep.
741 5350 765 5392 et
774 5346 960 5407 alibipassim9ut
969 5347 990 5388 in
1002 5343 1099 5394 Petne.¹
