3952 6170
341 392 389 454 DE
410 391 484 454 ulto
505 387 1015 466 011011110111111111111111,
1039 388 1112 451 LlB.
1139 388 1197 465 lll,
1219 387 1303 450 CAP.
1325 387 1379 447 Vl.
1600 384 1660 446 295

62 566 160 625 buum
179 562 297 624 namra
315 557 477 639 complexe
500 563 547 621 est
568 555 650 619 initii
665 561 697 619 et
714 572 833 617 sueces-
925 555 964 619 V.
985 554 1146 617 Zurbariss
1165 550 1380 634 Mitylenaus¹
1402 552 1437 614 in
1454 550 1660 631 disputatione

62 652 152 715 sionis
161 650 265 728 nodo,
279 652 326 712 uti
340 650 427 732 prius
438 668 504 713 non
520 648 637 711 iuterim
650 654 683 711 et
696 648 736 711 ab
747 652 834 711 sute-
883 643 919 707 de
933 645 1044 708 Mundi
1057 644 1179 729 opificio
1193 646 1289 726 polita
1305 644 1459 726 imprimis
1477 649 1509 709 et
1525 643 1660 723 eleganti

64 744 140 807 riore
152 742 262 823 aliquia
274 747 546 824 camaprocreata
557 743 630 804 sint.
883 737 951 799 fuse
968 738 1052 803 idem
1076 745 1299 817 argumentum
1326 734 1524 817 exequitur‘.
1547 735 1660 798 Probat

99 836 224 899 usam
236 837 299 899 boo
313 837 368 899 sed
383 853 500 916 magno
518 853 591 897 cum
603 834 739 914 pondere
751 831 834 894 Besi·
884 832 969 893 enim
981 849 1083 910 neque
1097 832 1254 895 mundum
1272 849 1374 910 neque
1390 848 1458 893 rem
1470 829 1563 891 aliam
1579 846 1661 890 eree·

64 929 118 993 lias
128 928 277 991 advems
291 929 440 993 eumdem
455 927 645 991 Eunomium
661 926 830 1005 intorquet.
883 928 950 986 tam
962 942 1001 985 ex
1011 929 1128 987 esterno
1139 924 1275 1005 potuisse
1287 923 1367 999 fieri,
1383 922 1533 1002 quoniam
1543 920 1576 982 id
1586 939 1658 1001 pro·

66 1022 149 1083 «Nos
161 1026 282 1098 auteur,
299 1020 508 1101 ait,ejusde1n
521 1019 649 1081 inseniae
669 1036 734 1080 esse
748 1023 835 1098 puta·
884 1016 989 1097 prium
1004 1016 1058 1077 liei
1070 1016 1108 1078 sit
1120 1016 1247 1095 ejusque
1262 1021 1337 1077 note
1351 1014 1514 1094 singularis
1527 1033 1564 1075 ae
1581 1015 1660 1075 nulli

64 1130 129 1179 mus
148 1119 220 1177 tum
245 1120 398 1176 areauna
419 1112 624 1175 eternitatem
648 1110 832 1187 adscribere,
883 1108 1159 1185 communicabilis,
1174 1109 1342 1171 abaeterno
1353 1108 1494 1169 castere.
1505 1108 1544 1168 Et
1552 1123 1660 1187 quam-

64 1212 126 1267 tum
146 1211 298 1269 erasurum
316 1205 481 1269 dominum
498 1205 559 1266 boc
580 1202 757 1267 testimonio
774 1203 836 1283 pri·
883 1201 930 1262 vis
952 1202 1157 1263 aeternitatem
1176 1198 1327 1280 ejusmodi
1347 1199 1498 1263 describat
1511 1200 1565 1262 Dei
1588 1217 1658 1279 quse

64 1308 197 1361 ratem
883 1295 1091 1359 mutationem
1108 1294 1251 1357 excludat
1265 1294 1404 1372 adeoque
1421 1293 1656 1370 successionem,

25 1406 28 1413 ’
100 1391 149 1453 IV.
171 1391 233 1453 Sed
249 1390 300 1453 bis
319 1389 467 1455 omnibus
487 1386 644 1468 antiquior
661 1385 835 1449 Methodius
884 1391 920 1446 ut
931 1404 970 1447 ex
986 1386 1052 1466 ejus
1065 1387 1169 1448 verbis
1183 1391 1385 1465 constatque
1404 1385 1597 1447 antecedenti
1611 1404 1659 1447 oa·

65 1487 176 1562 martyr
191 1483 331 1564 idipsum
353 1482 476 1562 egregie
499 1480 663 1543 confirmat
684 1496 757 1540 eum
779 1479 833 1542 sd·
884 1478 947 1558 pite
971 1479 1131 1560 descripsi3
1153 1485 1260 1541 manen
1282 1478 1437 1555 universe,
1459 1477 1658 1558 absoluteque

66 1592 162 1635 versus
169 1575 338 1654 origenem
346 1574 504 1636 contendit
511 1572 666 1634 mundum
673 1589 712 1633 ex
718 1575 834 1632 eterno
883 1577 978 1650 negat
996 1591 1034 1634 ex
1048 1577 1165 1635 aeterno
1181 1572 1316 1652 potuisse
1330 1589 1395 1633 esse
1412 1571 1579 1645 mundum,
1592 1576 1658 1631 tan-

66 1672 195 1729 creatum
213 1686 233 1727 a
251 1668 317 1729 Deo
330 1667 461 1729 mimme
476 1666 580 1728 fuisse.
603 1665 683 1727 Nam
701 1680 765 1725 non
781 1680 835 1743 po
883 1682 978 1742 quum
1006 1682 1071 1725 non
1098 1664 1187 1726 aliter
1213 1664 1436 1727 communituri
1464 1681 1536 1724 cum
1565 1663 1659 1724 rebus

66 1759 152 1823 tuisse
169 1759 376 1835 demonstrat,
397 1759 471 1838 quia
498 1756 719 1839 «impossibile
736 1762 784 1818 est
803 1755 834 1817 id
883 1758 993 1820 creatis
1016 1758 1171 1818 aeternitas
1184 1756 1238 1818 illa
1256 1766 1365 1836 expers
1385 1756 1466 1817 initii
1486 1761 1580 1836 quem
1599 1755 1659 1817 nisi

66 1850 142 1931 quod
158 1850 247 1913 initio
265 1851 479 1931 productionis
495 1856 541 1913 est
556 1849 832 1929 cucumscriptum,
883 1849 1059 1928 crpusmodi
1073 1856 1119 1911 est
1134 1850 1168 1911 in
1182 1851 1257 1912 Deo.
1273 1850 1450 1923 Quaenam
1464 1848 1580 1929 duplex
1591 1848 1658 1927 ejus

67 1942 149 2007 simul
159 1962 232 2005 aum
243 1944 373 2024 eoquod
380 1943 476 2005 finem
487 1962 523 2006 ae
533 1944 705 2005 terminum
711 1942 834 2004 nubum
882 1942 929 2002 rei
940 1948 1161 2020 argumentum
1177 1942 1303 2018 indicat,
1316 1942 1450 2003 alterum
1462 1942 1545 2020 quod
1559 1946 1590 2002 et
1605 1941 1658 2002 alii

67 2034 160 2111 babet,
179 2037 244 2097 fine
262 2037 374 2098 itidem
392 2056 427 2099 ae
444 2037 581 2101 termino
599 2032 734 2097 careret.
753 2055 769 2093 u
790 2036 835 2099 Ac
884 2034 988 2095 Patres
1001 2038 1141 2114 utsupra
1158 2035 1359 2096 meminimus
1371 2031 1549 2095 inculcent:
1565 2033 1655 2095 Cres·

68 2129 196 2207 proxime
212 2134 287 2191 sute
303 2128 424 2191 dixerat
438 2137 549 2210 γιιηιόν,
566 2129 664 2205 idest,
677 2126 792 2208 suetum
805 2135 835 2189 et
882 2133 987 2188 turam
1001 2144 1129 2189 omnem
1147 2128 1181 2189 in
1194 2135 1307 2189 natura
1319 2131 1349 2188 et
1365 2125 1497 2187 essentia
1510 2143 1566 2187 sua
1580 2126 1655 2187 insi·

6 2244 21 2274 z
68 2229 196 2297 uectum,
216 2221 299 2282 nihil
316 2239 382 2282 esse
394 2221 478 2301 quod
497 2239 563 2283 non
580 2228 697 2301 γιιέιιως
719 2220 833 2300 prinei·
882 2225 959 2296 tarn,
975 2225 1007 2280 et
1018 2220 1207 2301 implicatam
1218 2221 1334 2282 babere
1344 2219 1565 2298 proprietatem
1576 2219 1658 2281 banc

70 2312 146 2391 pium
156 2313 295 2390 baberet,
304 2332 411 2393 exque
425 2321 569 2394 ἀπέραντον,
579 2313 675 2388 idest,
687 2320 835 2394 repedem
887 2334 903 2371 a
915 2312 994 2373 utin
1006 2317 1146 2392 tempore
1158 2331 1223 2375 esse
1237 2313 1363 2392 coeperit
1373 2313 1474 2391 sitque
1487 2311 1654 2390 mutabilis,

69 2404 200 2482 tamisi,
227 2424 297 2469 neu
325 2424 414 2485 posse
435 2424 500 2469 esse
531 2405 709 2468 concludit:
737 2423 834 2486 quare
883 2410 919 2466 ut
937 2406 977 2466 sit
993 2405 1048 2467 Dei
1065 2406 1332 2486 soliusproprium
1349 2410 1502 2466 aeternum
1518 2422 1597 2480 esse;
1613 2405 1656 2467 its

70 2506 237 2577 ιιιιιιέμωωι
270 2498 356 2560 idem
383 2504 430 2560 est
461 2499 545 2579 quod
577 2504 713 2573 ωνιόδιον,
750 2499 834 2578 quod
883 2503 919 2559 ut
931 2515 1091 2561 annexum
1105 2505 1136 2560 et
1153 2499 1346 2579 implicatum
1361 2497 1401 2558 sit
1416 2497 1462 2558 illi
1480 2515 1546 2558 uno
1562 2498 1656 2559 modo

70 2591 206 2670 expressis
220 2591 355 2655 subinde
367 2591 470 2653 verbis
483 2590 593 2671 sperit.
610 2590 727 2665 «Quod
741 2590 835 2653 sinim
883 2595 919 2651 ut
938 2608 1061 2670 semper
1078 2592 1144 2671 ipse
1167 2592 1207 2652 sit
1224 2596 1255 2652 et
1273 2591 1356 2653 solus
1374 2596 1405 2650 et
1422 2589 1657 2651 immutabiliter

70 2682 297 2745 interminatum
311 2689 367 2760 est,
381 2686 435 2761 ait,
449 2701 521 2745 eum
532 2689 619 2745 ortus
632 2683 757 2745 initium
769 2702 834 2747 non
883 2682 1002 2744 existat.
1024 2683 1108 2745 Nihil
1125 2684 1221 2763 igitur
1243 2701 1354 2745 eorum
1376 2701 1447 2762 quse
1466 2687 1580 2743 natans
1600 2701 1656 2744 sus

70 2772 178 2851 habeat,
191 2793 260 2839 uns
270 2775 447 2855 ingenitum
457 2781 489 2839 et
498 2776 626 2856 oequelis
636 2777 758 2839 virtutis
769 2794 834 2841 esse
883 2775 961 2836 verti
979 2776 1156 2856 maurique
1174 2782 1313 2857 possunt,
1331 2776 1521 2855 omninoque
1537 2777 1656 2837 moveri

71 2874 305 2929 necassem.»
883 2886 919 2931 ae
937 2868 1105 2949 quaerere,
1119 2869 1464 2930 eoaetemumessebeo
1482 2868 1653 2947 suspiceris.

103 2959 251 3022 Caurum
269 2959 418 3021 Methodii
431 2965 497 3022 tota
508 2959 563 3023 illa
580 2960 746 3041 disputatio
764 2962 835 3042 plus
884 2961 929 3022 lta
946 2961 1030 3023 enim
1048 2961 1132 3041 quod
1145 2961 1246 3022 solum
1265 2961 1427 3040 proprium
1443 2965 1490 3021 est
1503 2961 1611 3040 ipsius,
1624 2965 1656 3021 et

72 3048 169 3113 ideireo
180 3052 335 3117 momenti
343 3052 681 3135 babctadpropositam
693 3055 835 3133 questio
882 3052 984 3115 selum
996 3058 1027 3116 et
1038 3071 1160 3132 semper
1175 3072 1211 3114 ac
1222 3052 1407 3132 dignitatum
1419 3053 1485 3132 eJ‘us
1502 3052 1588 3113 velut
1603 3072 1654 3114 co·

72 3159 147 3219 nem,
166 3145 253 3225 quod
277 3162 350 3211 cum
379 3145 473 3206 rebus
499 3147 608 3209 creatis
630 3148 835 3209 aeternitatem
883 3145 1001 3225 lophon
1022 3145 1149 3225 quidam
1168 3164 1232 3206 non
1251 3146 1479 3222 subtrahemus,
1502 3145 1656 3224 fingentes

72 3234 201 3315 debebit,
215 3255 282 3301 non
299 3238 343 3300 sie
355 3238 554 3318 interpretari
568 3238 641 3305 licet
653 3244 689 3302 ut
702 3257 772 3301 eam
784 3257 833 3301 so·
883 3239 1113 3331 communique
1137 3255 1209 3299 eum
1232 3237 1300 3319 ipso
1318 3238 1435 3318 sliqrrid
1453 3256 1563 3299 eorum
1584 3254 1654 3321 quae

72 3325 124 3389 lam
133 3330 249 3393 adimat
261 3348 332 3410 quae
343 3331 400 3395 Dei
411 3336 457 3393 est
467 3330 594 3412 propria
605 3349 641 3394 ec
652 3349 753 3411 neque
767 3350 835 3411 pau
883 3335 996 3393 natura
1009 3335 1081 3392 sunt
1096 3330 1257 3392 mutabilis
1272 3350 1308 3393 ao
1319 3349 1427 3393 revera
1438 3348 1504 3393 non
1519 3336 1621 3391 sunt‘.
1636 3344 1651 3389 s

73 3418 180 3501 licipeta
197 3441 301 3503 neque
320 3422 478 3485 mutabilis
493 3428 549 3499 est,
568 3423 693 3502 qualem
711 3425 834 3487 Boetius
883 3422 1039 3486 Nimirum
1058 3423 1132 3502 quia
1148 3440 1198 3485 res
1213 3423 1314 3487 omnis
1333 3429 1445 3501 ereata,
1461 3429 1498 3484 ut
1513 3422 1654 3485 substan·

73 3510 100 3573 iu
121 3532 226 3579 eorum
249 3515 344 3579 etiam
365 3516 512 3596 opinione
536 3516 591 3596 qui
615 3517 770 3580 mundum
796 3535 835 3579 ex
882 3515 959 3576 fiam
970 3516 1225 3597 existentiamque
1236 3516 1350 3578 finibus
1362 3518 1452 3579 certis
1465 3535 1501 3578 ac
1515 3517 1655 3577 terminis

74 3609 174 3669 aterno
186 3608 305 3671 iactum
319 3607 454 3683 aiebant,
474 3608 508 3669 in
521 3626 595 3673 eum
613 3607 746 3687 negabat
764 3627 836 3672 eou-
884 3608 1146 3689 circumscriptam
1154 3609 1259 3686 hebet,
1270 3609 1311 3670 ita
1320 3627 1499 3672 mensuram
1506 3609 1656 3671 existendi

6 3724 55 3760 ιω.
73 3713 180 3777 prere,
194 3701 272 3763 adeo
285 3706 322 3761 ut
332 3719 372 3761 ne
383 3701 427 3761 sic
439 3701 566 3780 qcridem
574 3703 637 3765 Deo
649 3706 772 3772 ωνιόδιος
781 3702 836 3765 ba·
883 3718 978 3779 quum
989 3699 1175 3765 durationem
1184 3707 1306 3764 vocant.
1315 3703 1396 3765 Tum
1405 3702 1489 3782 quod
1500 3701 1656 3762 mutabilis

74 3787 129 3851 beri
139 3799 250 3871 posset.
264 3793 438 3855 Methodius
449 3811 524 3857 vero
541 3794 580 3855 de
591 3793 650 3855 hec
661 3793 728 3873 ipse
739 3812 835 3873 quam
884 3800 930 3855 est
948 3794 1050 3857 omnis
1068 3812 1104 3856 ae
1121 3800 1225 3857 mous
1243 3800 1275 3856 et
1292 3796 1404 3874 quietis
1422 3811 1528 3875 capax.
1548 3794 1655 3873 Neque

74 3900 276 3965 oppugnamus
282 3884 455 3949 necessario
466 3885 686 3966 intelligendus
697 3891 753 3962 est,
766 3905 835 3966 par-
884 3885 968 3947 enim
981 3885 1079 3949 otiosa
1089 3890 1119 3947 et
1137 3888 1258 3949 eodone
1274 3904 1448 3949 recusasse
1461 3885 1590 3948 omnino
1603 3904 1656 3965 po

74 3971 182 4055 tidputa
202 3978 345 4043 videlicet
366 3997 403 4041 ac
425 3980 570 4055 secunda,
594 3996 691 4059 ηιιοιιι
716 3979 835 4041 mundo
882 3982 953 4039 test.
974 3977 1081 4057 ltaque
1099 3978 1163 4057 agit
1180 3995 1303 4058 semper
1317 3979 1445 4058 aliquid,
1463 3978 1587 4039 etaetio
1603 3977 1656 4038 illa

74 4067 231 4146 fltdgnsbat
252 4071 401 4150 Origenes
421 4071 477 4150 qui
494 4077 653 4135 auctorem
673 4070 781 4150 utique
800 4091 835 4133 ae
884 4070 980 4130 motio
999 4069 1143 4148 quasdam
1162 4075 1207 4131 est
1225 4088 1260 4132 ac
1284 4071 1426 4147 mutabo,
1446 4087 1541 4151 quam
1563 4070 1656 4130 inter-

74 4159 250 4224 eonditorem
266 4163 350 4224 illius
368 4161 466 4224 lassus
482 4168 528 4224 est
546 4166 655 4225 Deum.
677 4163 722 4223 lta
740 4163 836 4243 majo
883 4162 1000 4222 vallum
1023 4161 1149 4241 aliquod
1179 4163 1306 4223 metitur
1332 4164 1481 4243 temporis
1501 4169 1556 4223 aut
1583 4162 1652 4223 sevi.

74 4266 130 4402 irpem
141 4254 204 4314 rim
217 4255 257 4316 ad
273 4255 305 4317 id
318 4256 403 4335 quod
418 4255 573 4333 volumus,
589 4256 737 4317 Methodii
749 4256 835 4317 locus
884 4254 973 4328 Quod
988 4259 1209 4334 argumentum
1220 4254 1400 4338 paulopost
1412 4256 1526 4318 iterum
1542 4259 1654 4316 tracta·

101 4344 269 4409 etuntinet.
883 4346 978 4408 bitur.

103 4571 217 4628 elman.
234 4571 350 4629 libroll.
364 4578 471 4631 eostre
484 4576 611 4631 Essem.
636 4570 727 4647 Ἧμιτς
746 4574 773 4629 u
792 4578 836 4643 τῆς
882 4575 924 4627 καὶ
942 4572 989 4638 det,
1000 4578 1148 4646 eleutero,
1167 4589 1231 4646 quas
1243 4575 1334 4646 eapite
1352 4580 1445 4632 antec.
1461 4576 1545 4633 citata
1558 4586 1635 4637 sunt.

74 4648 289 4728 ὠνῆςλογιζόμιόι
302 4654 446 4728 παρανοίας,
471 4657 513 4710 καὶ
535 4660 567 4732 τῇ
588 4657 665 4712 κτίσον
678 4674 835 4731 προομαρτυ·
919 4657 1145 4715 θΙόο111.Τόλλα
1172 4657 1198 4712 δὲ
1218 4657 1325 4730 γενητὰ,
1347 4659 1388 4712 aul
1406 4658 1513 4732 τρεπτὰ,
1538 4662 1654 4735 χρονιιην

74 4736 151 4802 peiuri
165 4735 252 4806 ἀΐδιον,
261 4741 303 4793 ναὶ
313 4739 357 4793 τόν
374 4739 494 4809 δεσπότην
510 4744 554 4809 τῆς
569 4740 669 4804 κτίσεως
687 4746 730 4809 τῆς
743 4742 834 4815 όμολο-
883 4740 976 4814 ἔχοντα
984 4740 1029 4808 τὴν
1039 4739 1118 4815 ἀρχὴν
1128 4742 1301 4813 καταφόοπειν·
1312 4740 1347 4795 ἵν’
1360 4740 1464 4815 ημόνου
1473 4743 1526 4796 θεοῦ
1536 4745 1565 4798 τό
1577 4741 1654 4799 ἀΐδιον

74 4817 208 4891 thtwitqt
216 4822 373 4895 ἀποστερεῖν.
882 4825 1082 4897 συμπλεκομένου
1096 4824 1150 4897 περὶ
1165 4823 1238 4879 ababa
1258 4823 1368 4888 ἱνοιιδῶς
1395 4830 1438 4879 τοῦ
1466 4825 1504 4880 id
1531 4844 1558 4880 τι
1580 4826 1654 4882 αὐτόν

104 4901 259 4962 tunsos.
275 4905 350 4978 tpud
365 4905 444 4963 Phor.
468 4906 531 4963 eod.
548 4907 612 4964 235.
636 4904 769 4963 Ἀδόνατον
785 4908 834 4982 γὰρ
883 4903 954 4973 εἶναι,
969 4908 1009 4961 καὶ
1024 4908 1109 4980 μόνον,
1133 4908 1174 4961 καὶ
1196 4906 1322 4980 ἀτρέπτως
1349 4902 1421 4963 εἶναι·
1443 4907 1517 4982 μηδὲν
1540 4903 1582 4961 obv
1604 4916 1654 4965 τῶν

74 4983 227 5057 &putetur
246 4988 312 5064 &gxii
337 4989 487 5062 περιορισθὶν
505 4991 687 5064 συναπέραντον
713 4984 833 5066 εἶναιτῷ
881 4993 1023 5063 πεφυκότων
1046 4989 1191 5063 spissatur,
1220 4992 1262 5044 καὶ
1289 4991 1492 5064 μεταόάλλεσθαι,
1521 4991 1562 5044 καὶ
1589 4993 1653 5056 όλως

75 5062 199 5145 ἆπεννᾶντιμ.
881 5074 997 5129 κινεῖσθαι
1011 5073 1052 5126 καὶ
1065 5071 1210 5146 ἠρεμοῖντῷ
1222 5073 1269 5146 θεῷ
1284 5069 1404 5129 cersidros
1413 5072 1577 5146 όποτοπήσης·
1589 5074 1653 5129 οὕτω

104 5165 117 5204 ο
132 5152 168 5209 lb.
185 5156 220 5209 Τό
234 5155 282 5229 γὰρ
296 5157 477 5230 συναπόραντον
496 5160 616 5230 μηδαμῶς
629 5156 707 5233 ἀρχὴν
716 5160 833 5232 γενέσεως
880 5158 928 5232 γὰρ
943 5159 972 5210 ἂν
986 5155 1016 5210 τό
1031 5156 1105 5228 μόνον
1120 5152 1182 5208 ἴδιον
1202 5154 1293 5221 αὐτοῦ,
1309 5157 1350 5209 καὶ
1364 5157 1454 5228 μόνως,
1473 5157 1514 5209 καὶ
1528 5155 1565 5210 ἀεὶ
1578 5160 1651 5212 selo·

75 5227 412 5311 ῐχον,ιιι1οονογόνητον,κα1
428 5239 573 5313 ἰσοόόναμον
589 5241 681 5313 ἀνάγκη
691 5244 829 5315 τυγχάνειν.
880 5247 951 5314 μόνον
964 5240 1024 5294 όντα
1038 5244 1088 5293 τῶν
1103 5236 1248 5309 ἀξιωμάτων
1255 5245 1305 5293 τῶν
1316 5239 1402 5305 αὐτοῦ,
1414 5238 1442 5292 od
1453 5243 1650 5314 περιαιρησόμεν,

103 5314 248 5379 όΖ1111111.
266 5323 360 5377 muto
382 5320 475 5395 ἀνάγκη
494 5324 591 5392 (quit,
613 5323 638 5379 τί
660 5326 688 5378 ἃν
712 5323 749 5394 εἴη
776 5327 831 5379 θεοῦ
879 5324 994 5379 κοινωνόν
1022 5320 1251 5395 αὖτοσχτδιόζοντες
1276 5322 1343 5395 αὐτῷ
1371 5329 1421 5377 τῶν
1440 5326 1582 5396 πεφυκότων
1596 5326 1652 5398 τρί-

77 5390 186 5457 Βνόντντον
197 5406 363 5478 γνόριομιι,ό
378 5407 446 5478 μόνῳ
459 5406 500 5460 tud
522 5409 602 5479 μόνως
619 5406 679 5462 αὐτό
695 5410 829 5480 πρόοιοτι,
878 5407 974 5472 studet,
986 5407 1027 5460 aed
1041 5402 1074 5477 μη
1089 5402 1166 5467 όντως
1179 5403 1267 5458 όντων.

98 5591 172 5640 t'l'uts.
183 5596 201 5642 l.
216 5597 317 5643 metuat.
329 5597 422 5643 Petrum
432 5598 563 5644 molat.
