<?xml version="1.0" encoding="UTF-8"?>
<!DOCTYPE html PUBLIC "-//W3C//DTD XHTML 1.0 Transitional//EN"
    "http://www.w3.org/TR/xhtml1/DTD/xhtml1-transitional.dtd">
<html xmlns="http://www.w3.org/1999/xhtml" xml:lang="en" lang="en">
 <head>
  <title>
</title>
<meta http-equiv="Content-Type" content="text/html;charset=utf-8" />
  <meta name='ocr-system' content='tesseract 3.04.00' />
  <meta name='ocr-capabilities' content='ocr_page ocr_carea ocr_par ocr_line ocrx_word'/>
</head>
<body>
  <div class='ocr_page' id='page_1' title='image "./dogmatatheologi01goog_0441.png"; bbox 0 0 3956 6168; ppageno 0'>
   <div class='ocr_carea' id='block_1_1' title="bbox 323 376 1397 449">
    <p class='ocr_par' dir='ltr' id='par_1_1' title="bbox 323 376 1397 449">
     <span class='ocr_line' id='line_1_1' title="bbox 323 376 1397 449; baseline -0.006 -2"><span class='ocrx_word' id='word_1_1' title='bbox 323 386 384 447; x_wconf 70' lang='lat' dir='ltr'><strong>tun</strong></span> <span class='ocrx_word' id='word_1_2' title='bbox 835 378 1157 449; x_wconf 76' lang='lat' dir='ltr'><strong>nummutuuuutt</strong></span> <span class='ocrx_word' id='word_1_3' title='bbox 1179 376 1397 445; x_wconf 65' lang='lat' dir='ltr'><strong>umescunt</strong></span> 
     </span>
    </p>
   </div>
   <div class='ocr_carea' id='block_1_2' title="bbox 184 536 1959 3031">
    <p class='ocr_par' dir='ltr' id='par_1_2' title="bbox 324 536 1894 1647">
     <span class='ocr_line' id='line_1_2' title="bbox 324 536 1891 633; baseline -0.011 -17"><span class='ocrx_word' id='word_1_4' title='bbox 324 553 482 616; x_wconf 84' lang='lat' dir='ltr'><strong>habentur</strong></span> <span class='ocrx_word' id='word_1_5' title='bbox 494 552 529 613; x_wconf 89' lang='lat' dir='ltr'><strong>iu</strong></span> <span class='ocrx_word' id='word_1_6' title='bbox 543 553 610 632; x_wconf 86' lang='lat' dir='ltr'><strong>ipsa</strong></span> <span class='ocrx_word' id='word_1_7' title='bbox 624 552 796 615; x_wconf 74' lang='lat' dir='ltr'><strong>nurnine</strong></span> <span class='ocrx_word' id='word_1_8' title='bbox 810 571 880 633; x_wconf 77' lang='lat' dir='ltr'><strong>que</strong></span> <span class='ocrx_word' id='word_1_9' title='bbox 889 556 954 614; x_wconf 89' lang='lat' dir='ltr'><strong>tota</strong></span> <span class='ocrx_word' id='word_1_10' title='bbox 966 550 1101 613; x_wconf 89' lang='lat' dir='ltr'><strong>simulet</strong></span> <span class='ocrx_word' id='word_1_11' title='bbox 1150 566 1225 609; x_wconf 79' lang='lat' dir='ltr'><strong>uero</strong></span> <span class='ocrx_word' id='word_1_12' title='bbox 1244 560 1300 629; x_wconf 86' lang='lat' dir='ltr'><strong>per</strong></span> <span class='ocrx_word' id='word_1_13' title='bbox 1313 546 1412 626; x_wconf 88' lang='lat' dir='ltr'><strong>ipsam</strong></span> <span class='ocrx_word' id='word_1_14' title='bbox 1425 542 1516 620; x_wconf 90' lang='lat' dir='ltr'><strong>iinnt,</strong></span> <span class='ocrx_word' id='word_1_15' title='bbox 1532 540 1656 623; x_wconf 83' lang='lat' dir='ltr'><strong>penitus</strong></span> <span class='ocrx_word' id='word_1_16' title='bbox 1669 554 1734 600; x_wconf 90' lang='lat' dir='ltr'><strong>nou</strong></span> <span class='ocrx_word' id='word_1_17' title='bbox 1745 536 1891 599; x_wconf 69' lang='lat' dir='ltr'><strong>ementntd</strong></span> 
     </span>
     <span class='ocr_line' id='line_1_3' title="bbox 325 628 1892 726; baseline -0.01 -20"><span class='ocrx_word' id='word_1_18' title='bbox 325 642 488 706; x_wconf 87' lang='lat' dir='ltr'><strong>individua</strong></span> <span class='ocrx_word' id='word_1_19' title='bbox 504 650 561 705; x_wconf 85' lang='lat' dir='ltr'><strong>est.</strong></span> <span class='ocrx_word' id='word_1_20' title='bbox 583 645 647 706; x_wconf 89' lang='lat' dir='ltr'><strong>Hoo</strong></span> <span class='ocrx_word' id='word_1_21' title='bbox 668 652 773 707; x_wconf 86' lang='lat' dir='ltr'><strong>autem</strong></span> <span class='ocrx_word' id='word_1_22' title='bbox 795 662 851 726; x_wconf 90' lang='lat' dir='ltr'><strong>per</strong></span> <span class='ocrx_word' id='word_1_23' title='bbox 869 645 1008 706; x_wconf 84' lang='lat' dir='ltr'><strong>Verbum</strong></span> <span class='ocrx_word' id='word_1_24' title='bbox 1022 649 1053 705; x_wconf 90' lang='lat' dir='ltr'><strong>et</strong></span> <span class='ocrx_word' id='word_1_25' title='bbox 1065 645 1100 705; x_wconf 91' lang='lat' dir='ltr'><strong>in</strong></span> <span class='ocrx_word' id='word_1_26' title='bbox 1150 647 1231 702; x_wconf 85' lang='lat' dir='ltr'><strong>esset</strong></span> <span class='ocrx_word' id='word_1_27' title='bbox 1243 639 1360 720; x_wconf 91' lang='lat' dir='ltr'><strong>aliquid</strong></span> <span class='ocrx_word' id='word_1_28' title='bbox 1378 637 1462 718; x_wconf 83' lang='lat' dir='ltr'><strong>quod</strong></span> <span class='ocrx_word' id='word_1_29' title='bbox 1479 648 1544 697; x_wconf 88' lang='lat' dir='ltr'><strong>non</strong></span> <span class='ocrx_word' id='word_1_30' title='bbox 1557 634 1596 695; x_wconf 88' lang='lat' dir='ltr'><strong>sit</strong></span> <span class='ocrx_word' id='word_1_31' title='bbox 1609 648 1666 714; x_wconf 86' lang='lat' dir='ltr'><strong>per</strong></span> <span class='ocrx_word' id='word_1_32' title='bbox 1678 631 1806 712; x_wconf 71' lang='lat' dir='ltr'><strong>ipsam.»</strong></span> <span class='ocrx_word' id='word_1_33' title='bbox 1820 628 1892 706; x_wconf 71' lang='lat' dir='ltr'><strong>Cdts</strong></span> 
     </span>
     <span class='ocr_line' id='line_1_4' title="bbox 325 721 1892 817; baseline -0.011 -19"><span class='ocrx_word' id='word_1_34' title='bbox 325 737 428 798; x_wconf 87' lang='lat' dir='ltr'><strong>Verbo</strong></span> <span class='ocrx_word' id='word_1_35' title='bbox 450 734 497 813; x_wconf 87' lang='lat' dir='ltr'><strong>tit,</strong></span> <span class='ocrx_word' id='word_1_36' title='bbox 517 754 573 817; x_wconf 88' lang='lat' dir='ltr'><strong>per</strong></span> <span class='ocrx_word' id='word_1_37' title='bbox 592 738 676 817; x_wconf 88' lang='lat' dir='ltr'><strong>quod</strong></span> <span class='ocrx_word' id='word_1_38' title='bbox 695 739 801 800; x_wconf 90' lang='lat' dir='ltr'><strong>omnia</strong></span> <span class='ocrx_word' id='word_1_39' title='bbox 817 737 908 799; x_wconf 90' lang='lat' dir='ltr'><strong>tiunt.</strong></span> <span class='ocrx_word' id='word_1_40' title='bbox 930 738 1010 798; x_wconf 85' lang='lat' dir='ltr'><strong>Hine</strong></span> <span class='ocrx_word' id='word_1_41' title='bbox 1024 736 1101 798; x_wconf 91' lang='lat' dir='ltr'><strong>illud</strong></span> <span class='ocrx_word' id='word_1_42' title='bbox 1149 732 1196 794; x_wconf 84' lang='lat' dir='ltr'><strong>rei</strong></span> <span class='ocrx_word' id='word_1_43' title='bbox 1215 749 1339 793; x_wconf 82' lang='lat' dir='ltr'><strong>eausam</strong></span> <span class='ocrx_word' id='word_1_44' title='bbox 1362 729 1459 792; x_wconf 80' lang='lat' dir='ltr'><strong>Graeci</strong></span> <span class='ocrx_word' id='word_1_45' title='bbox 1481 729 1586 789; x_wconf 88' lang='lat' dir='ltr'><strong>Patres</strong></span> <span class='ocrx_word' id='word_1_46' title='bbox 1605 723 1760 798; x_wconf 77' lang='lat' dir='ltr'><strong>adiuuant,</strong></span> <span class='ocrx_word' id='word_1_47' title='bbox 1778 721 1892 782; x_wconf 84' lang='lat' dir='ltr'><strong>dnmad</strong></span> 
     </span>
     <span class='ocr_line' id='line_1_5' title="bbox 326 816 1893 911; baseline -0.011 -19"><span class='ocrx_word' id='word_1_48' title='bbox 326 830 420 892; x_wconf 91' lang='lat' dir='ltr'><strong>etiam</strong></span> <span class='ocrx_word' id='word_1_49' title='bbox 449 829 620 890; x_wconf 85' lang='lat' dir='ltr'><strong>illustratur</strong></span> <span class='ocrx_word' id='word_1_50' title='bbox 652 831 753 909; x_wconf 78' lang='lat' dir='ltr'><strong>magis</strong></span> <span class='ocrx_word' id='word_1_51' title='bbox 777 831 861 911; x_wconf 89' lang='lat' dir='ltr'><strong>quod</strong></span> <span class='ocrx_word' id='word_1_52' title='bbox 890 848 930 891; x_wconf 82' lang='lat' dir='ltr'><strong>ex</strong></span> <span class='ocrx_word' id='word_1_53' title='bbox 952 828 1101 909; x_wconf 81' lang='lat' dir='ltr'><strong>Dionysio</strong></span> <span class='ocrx_word' id='word_1_54' title='bbox 1150 840 1257 887; x_wconf 84' lang='lat' dir='ltr'><strong>versus</strong></span> <span class='ocrx_word' id='word_1_55' title='bbox 1271 823 1436 902; x_wconf 54' lang='lat' dir='ltr'><strong>(inmanem</strong></span> <span class='ocrx_word' id='word_1_56' title='bbox 1449 820 1586 900; x_wconf 79' lang='lat' dir='ltr'><strong>aiicsqtm</strong></span> <span class='ocrx_word' id='word_1_57' title='bbox 1599 816 1893 879; x_wconf 79' lang='lat' dir='ltr'><strong>aetemitatemrerum</strong></span> 
     </span>
     <span class='ocr_line' id='line_1_6' title="bbox 326 908 1892 1003; baseline -0.011 -19"><span class='ocrx_word' id='word_1_58' title='bbox 326 921 501 1000; x_wconf 83' lang='lat' dir='ltr'><strong>Graecisque</strong></span> <span class='ocrx_word' id='word_1_59' title='bbox 513 920 640 1001; x_wconf 84' lang='lat' dir='ltr'><strong>reliquis</strong></span> <span class='ocrx_word' id='word_1_60' title='bbox 649 940 743 1003; x_wconf 89' lang='lat' dir='ltr'><strong>supra</strong></span> <span class='ocrx_word' id='word_1_61' title='bbox 756 927 1034 984; x_wconf 85' lang='lat' dir='ltr'><strong>commemoratum</strong></span> <span class='ocrx_word' id='word_1_62' title='bbox 1044 925 1099 998; x_wconf 90' lang='lat' dir='ltr'><strong>est,</strong></span> <span class='ocrx_word' id='word_1_63' title='bbox 1150 917 1346 978; x_wconf 88' lang='lat' dir='ltr'><strong>conditarum</strong></span> <span class='ocrx_word' id='word_1_64' title='bbox 1369 933 1405 976; x_wconf 89' lang='lat' dir='ltr'><strong>ac</strong></span> <span class='ocrx_word' id='word_1_65' title='bbox 1423 913 1561 974; x_wconf 78' lang='lat' dir='ltr'><strong>mauris</strong></span> <span class='ocrx_word' id='word_1_66' title='bbox 1583 910 1692 973; x_wconf 85' lang='lat' dir='ltr'><strong>saltem</strong></span> <span class='ocrx_word' id='word_1_67' title='bbox 1714 908 1892 981; x_wconf 68' lang='lat' dir='ltr'><strong>adstruentes,</strong></span> 
     </span>
     <span class='ocr_line' id='line_1_7' title="bbox 326 999 1894 1095; baseline 0.001 -21"><span class='ocrx_word' id='word_1_68' title='bbox 326 1032 390 1095; x_wconf 88' lang='lat' dir='ltr'><strong>qua</strong></span> <span class='ocrx_word' id='word_1_69' title='bbox 407 1013 528 1073; x_wconf 90' lang='lat' dir='ltr'><strong>ratione</strong></span> <span class='ocrx_word' id='word_1_70' title='bbox 545 1013 635 1089; x_wconf 78' lang='lat' dir='ltr'><strong>idem,</strong></span> <span class='ocrx_word' id='word_1_71' title='bbox 661 1016 834 1076; x_wconf 85' lang='lat' dir='ltr'><strong>voluntates</strong></span> <span class='ocrx_word' id='word_1_72' title='bbox 862 1015 935 1089; x_wconf 87' lang='lat' dir='ltr'><strong>Dei,</strong></span> <span class='ocrx_word' id='word_1_73' title='bbox 963 1014 1102 1093; x_wconf 85' lang='lat' dir='ltr'><strong>adeoque</strong></span> <span class='ocrx_word' id='word_1_74' title='bbox 1150 1013 1291 1071; x_wconf 86' lang='lat' dir='ltr'><strong>asserunt</strong></span> <span class='ocrx_word' id='word_1_75' title='bbox 1308 1027 1373 1069; x_wconf 92' lang='lat' dir='ltr'><strong>non</strong></span> <span class='ocrx_word' id='word_1_76' title='bbox 1395 1006 1474 1068; x_wconf 88' lang='lat' dir='ltr'><strong>solas</strong></span> <span class='ocrx_word' id='word_1_77' title='bbox 1493 1020 1599 1067; x_wconf 88' lang='lat' dir='ltr'><strong>rerum</strong></span> <span class='ocrx_word' id='word_1_78' title='bbox 1624 1001 1795 1083; x_wconf 61' lang='lat' dir='ltr'><strong>qualiffltffla</strong></span> <span class='ocrx_word' id='word_1_79' title='bbox 1816 999 1894 1078; x_wconf 64' lang='lat' dir='ltr'><strong>illu*</strong></span> 
     </span>
     <span class='ocr_line' id='line_1_8' title="bbox 327 1092 1893 1186; baseline -0.003 -27"><span class='ocrx_word' id='word_1_80' title='bbox 327 1109 436 1175; x_wconf 68' lang='grc' dir='ltr'><strong>ποιήσεις</strong></span> <span class='ocrx_word' id='word_1_81' title='bbox 455 1109 486 1164; x_wconf 89' lang='lat' dir='ltr'><strong>et</strong></span> <span class='ocrx_word' id='word_1_82' title='bbox 508 1103 679 1186; x_wconf 72' lang='lat' dir='ltr'><strong>effim&#39;entioe</strong></span> <span class='ocrx_word' id='word_1_83' title='bbox 701 1106 915 1167; x_wconf 84' lang='lat' dir='ltr'><strong>nominantur.</strong></span> <span class='ocrx_word' id='word_1_84' title='bbox 938 1106 1003 1166; x_wconf 87' lang='lat' dir='ltr'><strong>lioc</strong></span> <span class='ocrx_word' id='word_1_85' title='bbox 1016 1106 1102 1166; x_wconf 89' lang='lat' dir='ltr'><strong>enim</strong></span> <span class='ocrx_word' id='word_1_86' title='bbox 1151 1102 1236 1164; x_wconf 88' lang='lat' dir='ltr'><strong>modi</strong></span> <span class='ocrx_word' id='word_1_87' title='bbox 1250 1108 1296 1163; x_wconf 87' lang='lat' dir='ltr'><strong>est</strong></span> <span class='ocrx_word' id='word_1_88' title='bbox 1307 1114 1417 1162; x_wconf 82' lang='lat' dir='ltr'><strong>aarum</strong></span> <span class='ocrx_word' id='word_1_89' title='bbox 1430 1097 1586 1180; x_wconf 77' lang='lat' dir='ltr'><strong>dispositio</strong></span> <span class='ocrx_word' id='word_1_90' title='bbox 1600 1114 1636 1157; x_wconf 90' lang='lat' dir='ltr'><strong>ac</strong></span> <span class='ocrx_word' id='word_1_91' title='bbox 1648 1092 1840 1167; x_wconf 85' lang='lat' dir='ltr'><strong>modificatio,</strong></span> <span class='ocrx_word' id='word_1_92' title='bbox 1853 1094 1893 1154; x_wconf 73' lang='lat' dir='ltr'><strong>md</strong></span> 
     </span>
     <span class='ocr_line' id='line_1_9' title="bbox 328 1184 1892 1277; baseline -0.003 -27"><span class='ocrx_word' id='word_1_93' title='bbox 328 1208 366 1250; x_wconf 91' lang='lat' dir='ltr'><strong>eo</strong></span> <span class='ocrx_word' id='word_1_94' title='bbox 389 1192 426 1254; x_wconf 93' lang='lat' dir='ltr'><strong>tit</strong></span> <span class='ocrx_word' id='word_1_95' title='bbox 447 1197 532 1274; x_wconf 87' lang='lat' dir='ltr'><strong>quod</strong></span> <span class='ocrx_word' id='word_1_96' title='bbox 549 1214 658 1258; x_wconf 83' lang='lat' dir='ltr'><strong>aarum</strong></span> <span class='ocrx_word' id='word_1_97' title='bbox 680 1215 787 1259; x_wconf 89' lang='lat' dir='ltr'><strong>rerum</strong></span> <span class='ocrx_word' id='word_1_98' title='bbox 810 1199 894 1259; x_wconf 81' lang='lat' dir='ltr'><strong>ideas</strong></span> <span class='ocrx_word' id='word_1_99' title='bbox 909 1196 1100 1277; x_wconf 70' lang='lat' dir='ltr'><strong>intelligam,</strong></span> <span class='ocrx_word' id='word_1_100' title='bbox 1151 1196 1231 1275; x_wconf 88' lang='lat' dir='ltr'><strong>ipsas</strong></span> <span class='ocrx_word' id='word_1_101' title='bbox 1252 1211 1369 1256; x_wconf 79' lang='lat' dir='ltr'><strong>creasse</strong></span> <span class='ocrx_word' id='word_1_102' title='bbox 1383 1190 1579 1254; x_wconf 79' lang='lat' dir='ltr'><strong>substantias.</strong></span> <span class='ocrx_word' id='word_1_103' title='bbox 1602 1187 1692 1263; x_wconf 84' lang='lat' dir='ltr'><strong>Quod</strong></span> <span class='ocrx_word' id='word_1_104' title='bbox 1704 1187 1787 1267; x_wconf 90' lang='lat' dir='ltr'><strong>apud</strong></span> <span class='ocrx_word' id='word_1_105' title='bbox 1799 1184 1892 1265; x_wconf 69' lang='lat' dir='ltr'><strong>Euthy-</strong></span> 
     </span>
     <span class='ocr_line' id='line_1_10' title="bbox 329 1279 1893 1370; baseline -0.004 -24"><span class='ocrx_word' id='word_1_106' title='bbox 329 1301 406 1362; x_wconf 86' lang='lat' dir='ltr'><strong>quas</strong></span> <span class='ocrx_word' id='word_1_107' title='bbox 428 1306 533 1349; x_wconf 89' lang='lat' dir='ltr'><strong>creare</strong></span> <span class='ocrx_word' id='word_1_108' title='bbox 555 1289 716 1350; x_wconf 87' lang='lat' dir='ltr'><strong>constituit</strong></span> <span class='ocrx_word' id='word_1_109' title='bbox 738 1292 819 1352; x_wconf 90' lang='lat' dir='ltr'><strong>Deus</strong></span> <span class='ocrx_word' id='word_1_110' title='bbox 842 1290 958 1370; x_wconf 82' lang='lat' dir='ltr'><strong>etjam</strong></span> <span class='ocrx_word' id='word_1_111' title='bbox 980 1290 1014 1350; x_wconf 91' lang='lat' dir='ltr'><strong>in</strong></span> <span class='ocrx_word' id='word_1_112' title='bbox 1036 1307 1102 1351; x_wconf 87' lang='lat' dir='ltr'><strong>sese</strong></span> <span class='ocrx_word' id='word_1_113' title='bbox 1150 1287 1251 1348; x_wconf 90' lang='lat' dir='ltr'><strong>mium</strong></span> <span class='ocrx_word' id='word_1_114' title='bbox 1269 1287 1421 1349; x_wconf 80' lang='lat' dir='ltr'><strong>Maximus</strong></span> <span class='ocrx_word' id='word_1_115' title='bbox 1440 1285 1490 1345; x_wconf 88' lang='lat' dir='ltr'><strong>his</strong></span> <span class='ocrx_word' id='word_1_116' title='bbox 1505 1282 1608 1344; x_wconf 84' lang='lat' dir='ltr'><strong>verbis</strong></span> <span class='ocrx_word' id='word_1_117' title='bbox 1625 1280 1791 1343; x_wconf 82' lang='lat' dir='ltr'><strong>enuntiat:</strong></span> <span class='ocrx_word' id='word_1_118' title='bbox 1811 1279 1893 1339; x_wconf 82' lang='lat' dir='ltr'><strong>alteus</strong></span> 
     </span>
     <span class='ocr_line' id='line_1_11' title="bbox 330 1370 1892 1461; baseline -0.002 -24"><span class='ocrx_word' id='word_1_119' title='bbox 330 1378 417 1455; x_wconf 85' lang='lat' dir='ltr'><strong>quasi</strong></span> <span class='ocrx_word' id='word_1_120' title='bbox 432 1380 581 1442; x_wconf 84' lang='lat' dir='ltr'><strong>condidit.</strong></span> <span class='ocrx_word' id='word_1_121' title='bbox 602 1381 674 1442; x_wconf 89' lang='lat' dir='ltr'><strong>ideo</strong></span> <span class='ocrx_word' id='word_1_122' title='bbox 687 1382 881 1443; x_wconf 84' lang='lat' dir='ltr'><strong>voluntatem</strong></span> <span class='ocrx_word' id='word_1_123' title='bbox 898 1401 934 1443; x_wconf 90' lang='lat' dir='ltr'><strong>ac</strong></span> <span class='ocrx_word' id='word_1_124' title='bbox 948 1381 1100 1443; x_wconf 84' lang='lat' dir='ltr'><strong>velutan·</strong></span> <span class='ocrx_word' id='word_1_125' title='bbox 1150 1396 1216 1441; x_wconf 91' lang='lat' dir='ltr'><strong>non</strong></span> <span class='ocrx_word' id='word_1_126' title='bbox 1238 1380 1424 1461; x_wconf 83' lang='lat' dir='ltr'><strong>qualitatum</strong></span> <span class='ocrx_word' id='word_1_127' title='bbox 1445 1377 1500 1439; x_wconf 90' lang='lat' dir='ltr'><strong>sed</strong></span> <span class='ocrx_word' id='word_1_128' title='bbox 1516 1374 1758 1437; x_wconf 83' lang='lat' dir='ltr'><strong>substantiarum</strong></span> <span class='ocrx_word' id='word_1_129' title='bbox 1775 1370 1892 1452; x_wconf 77' lang='lat' dir='ltr'><strong>qualitate</strong></span> 
     </span>
     <span class='ocr_line' id='line_1_12' title="bbox 329 1470 1579 1554; baseline 0 -25"><span class='ocrx_word' id='word_1_130' title='bbox 329 1470 489 1550; x_wconf 89' lang='lat' dir='ltr'><strong>tioipetam</strong></span> <span class='ocrx_word' id='word_1_131' title='bbox 502 1473 696 1535; x_wconf 82' lang='lat' dir='ltr'><strong>effectionem</strong></span> <span class='ocrx_word' id='word_1_132' title='bbox 710 1474 888 1554; x_wconf 53' lang='lat' dir='ltr'><strong>emunctam</strong></span> <span class='ocrx_word' id='word_1_133' title='bbox 901 1480 933 1535; x_wconf 88' lang='lat' dir='ltr'><strong>et</strong></span> <span class='ocrx_word' id='word_1_134' title='bbox 950 1472 1102 1535; x_wconf 77' lang='lat' dir='ltr'><strong>inclusam</strong></span> <span class='ocrx_word' id='word_1_135' title='bbox 1152 1472 1331 1534; x_wconf 78' lang='lat' dir='ltr'><strong>effectarum</strong></span> <span class='ocrx_word' id='word_1_136' title='bbox 1350 1477 1396 1534; x_wconf 86' lang='lat' dir='ltr'><strong>est</strong></span> <span class='ocrx_word' id='word_1_137' title='bbox 1414 1471 1579 1553; x_wconf 75' lang='lat' dir='ltr'><strong>opifex‘.n</strong></span> 
     </span>
     <span class='ocr_line' id='line_1_13' title="bbox 330 1560 1892 1647; baseline -0.002 -24"><span class='ocrx_word' id='word_1_138' title='bbox 330 1561 458 1625; x_wconf 87' lang='lat' dir='ltr'><strong>habent.</strong></span> <span class='ocrx_word' id='word_1_139' title='bbox 1191 1564 1449 1647; x_wconf 83' lang='lat' dir='ltr'><strong>Exquoniternm</strong></span> <span class='ocrx_word' id='word_1_140' title='bbox 1458 1560 1892 1640; x_wconf 76' lang='lat' dir='ltr'><strong>divineereataequedisuirnen</strong></span> 
     </span>
    </p>

    <p class='ocr_par' dir='ltr' id='par_1_3' title="bbox 193 1653 1892 1741">
     <span class='ocr_line' id='line_1_14' title="bbox 193 1653 1892 1741; baseline -0.004 -22"><span class='ocrx_word' id='word_1_141' title='bbox 193 1675 259 1719; x_wconf 66' lang='lat' dir='ltr'><strong>rarus</strong></span> <span class='ocrx_word' id='word_1_142' title='bbox 284 1687 296 1719; x_wconf 71' lang='lat' dir='ltr'><strong>a</strong></span> <span class='ocrx_word' id='word_1_143' title='bbox 372 1655 451 1716; x_wconf 84' lang='lat' dir='ltr'>XIV.</span> <span class='ocrx_word' id='word_1_144' title='bbox 475 1658 522 1718; x_wconf 82' lang='lat' dir='ltr'><strong>Ad</strong></span> <span class='ocrx_word' id='word_1_145' title='bbox 536 1662 842 1721; x_wconf 83' lang='lat' dir='ltr'><strong>extremumnonest</strong></span> <span class='ocrx_word' id='word_1_146' title='bbox 855 1659 1104 1741; x_wconf 85' lang='lat' dir='ltr'><strong>omittendupro-</strong></span> <span class='ocrx_word' id='word_1_147' title='bbox 1150 1658 1229 1720; x_wconf 77' lang='lat' dir='ltr'><strong>ideae</strong></span> <span class='ocrx_word' id='word_1_148' title='bbox 1249 1657 1423 1732; x_wconf 76' lang='lat' dir='ltr'><strong>conticitum,</strong></span> <span class='ocrx_word' id='word_1_149' title='bbox 1445 1655 1530 1739; x_wconf 88' lang='lat' dir='ltr'><strong>quod</strong></span> <span class='ocrx_word' id='word_1_150' title='bbox 1547 1674 1568 1716; x_wconf 91' lang='lat' dir='ltr'><strong>a</strong></span> <span class='ocrx_word' id='word_1_151' title='bbox 1580 1653 1710 1733; x_wconf 75' lang='lat' dir='ltr'><strong>Georgia</strong></span> <span class='ocrx_word' id='word_1_152' title='bbox 1734 1653 1892 1732; x_wconf 81' lang='lat' dir='ltr'><strong>Pachymere</strong></span> 
     </span>
    </p>

    <p class='ocr_par' dir='ltr' id='par_1_4' title="bbox 184 1740 1892 1832">
     <span class='ocr_line' id='line_1_15' title="bbox 184 1740 1892 1832; baseline -0.005 -18"><span class='ocrx_word' id='word_1_153' title='bbox 184 1794 214 1826; x_wconf 75' lang='lat' dir='ltr'><strong>ea</strong></span> <span class='ocrx_word' id='word_1_154' title='bbox 245 1740 307 1825; x_wconf 50' lang='grc' dir='ltr'><strong>ὦ..</strong></span> <span class='ocrx_word' id='word_1_155' title='bbox 332 1747 444 1828; x_wconf 87' lang='lat' dir='ltr'><strong>prietas</strong></span> <span class='ocrx_word' id='word_1_156' title='bbox 465 1750 607 1830; x_wconf 76' lang='lat' dir='ltr'><strong>quaedam</strong></span> <span class='ocrx_word' id='word_1_157' title='bbox 629 1751 741 1812; x_wconf 69' lang='lat' dir='ltr'><strong>duna</strong></span> <span class='ocrx_word' id='word_1_158' title='bbox 763 1750 847 1812; x_wconf 89' lang='lat' dir='ltr'><strong>iliius</strong></span> <span class='ocrx_word' id='word_1_159' title='bbox 868 1751 955 1827; x_wconf 76' lang='lat' dir='ltr'><strong>ideas,</strong></span> <span class='ocrx_word' id='word_1_160' title='bbox 978 1771 1040 1832; x_wconf 84' lang='lat' dir='ltr'><strong>qua</strong></span> <span class='ocrx_word' id='word_1_161' title='bbox 1062 1752 1101 1814; x_wconf 86' lang='lat' dir='ltr'><strong>ab</strong></span> <span class='ocrx_word' id='word_1_162' title='bbox 1152 1754 1295 1812; x_wconf 91' lang='lat' dir='ltr'><strong>notatum</strong></span> <span class='ocrx_word' id='word_1_163' title='bbox 1322 1748 1393 1812; x_wconf 68' lang='lat' dir='ltr'><strong>estt.</strong></span> <span class='ocrx_word' id='word_1_164' title='bbox 1417 1750 1497 1811; x_wconf 88' lang='lat' dir='ltr'><strong>Nam</strong></span> <span class='ocrx_word' id='word_1_165' title='bbox 1516 1748 1589 1829; x_wconf 84' lang='lat' dir='ltr'><strong>quin</strong></span> <span class='ocrx_word' id='word_1_166' title='bbox 1610 1764 1716 1809; x_wconf 80' lang='lat' dir='ltr'><strong>renum</strong></span> <span class='ocrx_word' id='word_1_167' title='bbox 1738 1746 1892 1806; x_wconf 71' lang='lat' dir='ltr'><strong>amatarius</strong></span> 
     </span>
    </p>

    <p class='ocr_par' dir='ltr' id='par_1_5' title="bbox 206 1838 1959 3059">
     <span class='ocr_line' id='line_1_16' title="bbox 206 1838 1893 1923; baseline -0.001 -23"><span class='ocrx_word' id='word_1_168' title='bbox 206 1848 263 1879; x_wconf 63' lang='lat' dir='ltr'><strong>mn·</strong></span> <span class='ocrx_word' id='word_1_169' title='bbox 332 1841 471 1902; x_wconf 87' lang='lat' dir='ltr'><strong>humana</strong></span> <span class='ocrx_word' id='word_1_170' title='bbox 488 1842 662 1921; x_wconf 84' lang='lat' dir='ltr'><strong>eujusmodi</strong></span> <span class='ocrx_word' id='word_1_171' title='bbox 676 1848 722 1905; x_wconf 86' lang='lat' dir='ltr'><strong>est</strong></span> <span class='ocrx_word' id='word_1_172' title='bbox 735 1843 905 1905; x_wconf 84' lang='lat' dir='ltr'><strong>martificis</strong></span> <span class='ocrx_word' id='word_1_173' title='bbox 927 1851 1032 1907; x_wconf 88' lang='lat' dir='ltr'><strong>mente</strong></span> <span class='ocrx_word' id='word_1_174' title='bbox 1046 1846 1105 1909; x_wconf 73' lang='lat' dir='ltr'><strong>die</strong></span> <span class='ocrx_word' id='word_1_175' title='bbox 1152 1856 1217 1904; x_wconf 89' lang='lat' dir='ltr'><strong>non</strong></span> <span class='ocrx_word' id='word_1_176' title='bbox 1230 1842 1441 1923; x_wconf 81' lang='lat' dir='ltr'><strong>producimus,</strong></span> <span class='ocrx_word' id='word_1_177' title='bbox 1453 1842 1566 1903; x_wconf 87' lang='lat' dir='ltr'><strong>idcireo</strong></span> <span class='ocrx_word' id='word_1_178' title='bbox 1579 1859 1638 1901; x_wconf 87' lang='lat' dir='ltr'><strong>neo</strong></span> <span class='ocrx_word' id='word_1_179' title='bbox 1649 1840 1793 1913; x_wconf 89' lang='lat' dir='ltr'><strong>rationes,</strong></span> <span class='ocrx_word' id='word_1_180' title='bbox 1806 1838 1893 1899; x_wconf 75' lang='lat' dir='ltr'><strong>hoeed</strong></span> 
     </span>
     <span class='ocr_line' id='line_1_17' title="bbox 332 1931 1892 2016; baseline -0.002 -22"><span class='ocrx_word' id='word_1_181' title='bbox 332 1938 446 2013; x_wconf 90' lang='lat' dir='ltr'><strong>crepat,</strong></span> <span class='ocrx_word' id='word_1_182' title='bbox 459 1936 696 2014; x_wconf 79' lang='lat' dir='ltr'><strong>quaeebeodem</strong></span> <span class='ocrx_word' id='word_1_183' title='bbox 710 1936 1102 2016; x_wconf 61' lang='lat' dir='ltr'><strong>nnselmopertraeuunt</strong></span> <span class='ocrx_word' id='word_1_184' title='bbox 1152 1935 1235 1996; x_wconf 86' lang='lat' dir='ltr'><strong>ideas</strong></span> <span class='ocrx_word' id='word_1_185' title='bbox 1257 1936 1498 1997; x_wconf 88' lang='lat' dir='ltr'><strong>substantiarum</strong></span> <span class='ocrx_word' id='word_1_186' title='bbox 1522 1933 1605 2014; x_wconf 89' lang='lat' dir='ltr'><strong>apud</strong></span> <span class='ocrx_word' id='word_1_187' title='bbox 1617 1947 1675 1993; x_wconf 90' lang='lat' dir='ltr'><strong>nos</strong></span> <span class='ocrx_word' id='word_1_188' title='bbox 1686 1931 1839 2008; x_wconf 85' lang='lat' dir='ltr'><strong>babemus,</strong></span> <span class='ocrx_word' id='word_1_189' title='bbox 1854 1932 1892 1992; x_wconf 89' lang='lat' dir='ltr'><strong>sed</strong></span> 
     </span>
     <span class='ocr_line' id='line_1_18' title="bbox 332 2025 1892 2111; baseline 0.012 -26"><span class='ocrx_word' id='word_1_190' title='bbox 332 2026 488 2088; x_wconf 86' lang='lat' dir='ltr'><strong>Nimirum</strong></span> <span class='ocrx_word' id='word_1_191' title='bbox 510 2028 595 2106; x_wconf 84' lang='lat' dir='ltr'><strong>quod</strong></span> <span class='ocrx_word' id='word_1_192' title='bbox 618 2029 725 2090; x_wconf 83' lang='lat' dir='ltr'><strong>divina</strong></span> <span class='ocrx_word' id='word_1_193' title='bbox 741 2048 805 2090; x_wconf 90' lang='lat' dir='ltr'><strong>non</strong></span> <span class='ocrx_word' id='word_1_194' title='bbox 819 2029 955 2107; x_wconf 87' lang='lat' dir='ltr'><strong>aliunde,</strong></span> <span class='ocrx_word' id='word_1_195' title='bbox 971 2032 1102 2111; x_wconf 77' lang='lat' dir='ltr'><strong>honest,</strong></span> <span class='ocrx_word' id='word_1_196' title='bbox 1152 2026 1316 2088; x_wconf 79' lang='lat' dir='ltr'><strong>habituum</strong></span> <span class='ocrx_word' id='word_1_197' title='bbox 1353 2027 1502 2088; x_wconf 82' lang='lat' dir='ltr'><strong>duntaxat</strong></span> <span class='ocrx_word' id='word_1_198' title='bbox 1533 2025 1725 2106; x_wconf 68' lang='lat' dir='ltr'><strong>artiumque,</strong></span> <span class='ocrx_word' id='word_1_199' title='bbox 1753 2025 1892 2085; x_wconf 59' lang='lat' dir='ltr'><strong>ieiunium</strong></span> 
     </span>
     <span class='ocr_line' id='line_1_19' title="bbox 332 2116 1892 2204; baseline -0.001 -26"><span class='ocrx_word' id='word_1_200' title='bbox 332 2117 399 2177; x_wconf 88' lang='lat' dir='ltr'><strong>aliis</strong></span> <span class='ocrx_word' id='word_1_201' title='bbox 427 2132 466 2178; x_wconf 79' lang='lat' dir='ltr'><strong>ex</strong></span> <span class='ocrx_word' id='word_1_202' title='bbox 492 2118 585 2180; x_wconf 89' lang='lat' dir='ltr'><strong>rebus</strong></span> <span class='ocrx_word' id='word_1_203' title='bbox 614 2120 726 2180; x_wconf 86' lang='lat' dir='ltr'><strong>hausta</strong></span> <span class='ocrx_word' id='word_1_204' title='bbox 757 2121 999 2204; x_wconf 86' lang='lat' dir='ltr'><strong>concinnataque</strong></span> <span class='ocrx_word' id='word_1_205' title='bbox 1028 2130 1102 2186; x_wconf 89' lang='lat' dir='ltr'><strong>est:</strong></span> <span class='ocrx_word' id='word_1_206' title='bbox 1153 2138 1231 2199; x_wconf 86' lang='lat' dir='ltr'><strong>quas</strong></span> <span class='ocrx_word' id='word_1_207' title='bbox 1250 2121 1325 2182; x_wconf 81' lang='lat' dir='ltr'><strong>artis</strong></span> <span class='ocrx_word' id='word_1_208' title='bbox 1345 2134 1424 2199; x_wconf 89' lang='lat' dir='ltr'><strong>opus</strong></span> <span class='ocrx_word' id='word_1_209' title='bbox 1446 2117 1587 2192; x_wconf 86' lang='lat' dir='ltr'><strong>efficitur,</strong></span> <span class='ocrx_word' id='word_1_210' title='bbox 1608 2117 1639 2179; x_wconf 91' lang='lat' dir='ltr'><strong>id</strong></span> <span class='ocrx_word' id='word_1_211' title='bbox 1656 2123 1703 2178; x_wconf 89' lang='lat' dir='ltr'><strong>est</strong></span> <span class='ocrx_word' id='word_1_212' title='bbox 1718 2116 1892 2179; x_wconf 77' lang='lat' dir='ltr'><strong>accidentiam</strong></span> 
     </span>
     <span class='ocr_line' id='line_1_20' title="bbox 336 2208 1892 2297; baseline 0.001 -29"><span class='ocrx_word' id='word_1_213' title='bbox 336 2209 460 2269; x_wconf 76' lang='lat' dir='ltr'><strong>«Faber</strong></span> <span class='ocrx_word' id='word_1_214' title='bbox 468 2228 542 2272; x_wconf 85' lang='lat' dir='ltr'><strong>vero</strong></span> <span class='ocrx_word' id='word_1_215' title='bbox 556 2213 679 2292; x_wconf 90' lang='lat' dir='ltr'><strong>penitus</strong></span> <span class='ocrx_word' id='word_1_216' title='bbox 692 2231 749 2273; x_wconf 88' lang='lat' dir='ltr'><strong>nec</strong></span> <span class='ocrx_word' id='word_1_217' title='bbox 763 2218 867 2274; x_wconf 89' lang='lat' dir='ltr'><strong>mente</strong></span> <span class='ocrx_word' id='word_1_218' title='bbox 881 2218 982 2295; x_wconf 79' lang='lat' dir='ltr'><strong>potest</strong></span> <span class='ocrx_word' id='word_1_219' title='bbox 990 2216 1106 2297; x_wconf 83' lang='lat' dir='ltr'><strong>aliquid</strong></span> <span class='ocrx_word' id='word_1_220' title='bbox 1152 2212 1278 2274; x_wconf 88' lang='lat' dir='ltr'><strong>iliorum</strong></span> <span class='ocrx_word' id='word_1_221' title='bbox 1299 2231 1369 2293; x_wconf 75' lang='lat' dir='ltr'><strong>quoe</strong></span> <span class='ocrx_word' id='word_1_222' title='bbox 1397 2208 1604 2273; x_wconf 84' lang='lat' dir='ltr'><strong>substantiam</strong></span> <span class='ocrx_word' id='word_1_223' title='bbox 1620 2209 1769 2287; x_wconf 72' lang='lat' dir='ltr'><strong>affluunt,</strong></span> <span class='ocrx_word' id='word_1_224' title='bbox 1791 2226 1892 2289; x_wconf 82' lang='lat' dir='ltr'><strong>quoqne</strong></span> 
     </span>
     <span class='ocr_line' id='line_1_21' title="bbox 333 2300 1893 2384; baseline 0.001 -23"><span class='ocrx_word' id='word_1_225' title='bbox 333 2318 517 2381; x_wconf 89' lang='lat' dir='ltr'><strong>corporeum</strong></span> <span class='ocrx_word' id='word_1_226' title='bbox 549 2304 710 2384; x_wconf 77' lang='lat' dir='ltr'><strong>consipere</strong></span> <span class='ocrx_word' id='word_1_227' title='bbox 737 2304 955 2384; x_wconf 79' lang='lat' dir='ltr'><strong>imaginando,</strong></span> <span class='ocrx_word' id='word_1_228' title='bbox 985 2309 1046 2369; x_wconf 87' lang='lat' dir='ltr'><strong>nisi</strong></span> <span class='ocrx_word' id='word_1_229' title='bbox 1073 2309 1106 2370; x_wconf 92' lang='lat' dir='ltr'><strong>id</strong></span> <span class='ocrx_word' id='word_1_230' title='bbox 1154 2307 1219 2367; x_wconf 83' lang='lat' dir='ltr'><strong>sola</strong></span> <span class='ocrx_word' id='word_1_231' title='bbox 1233 2305 1311 2366; x_wconf 90' lang='lat' dir='ltr'><strong>etin</strong></span> <span class='ocrx_word' id='word_1_232' title='bbox 1326 2304 1434 2367; x_wconf 76' lang='lat' dir='ltr'><strong>sensui</strong></span> <span class='ocrx_word' id='word_1_233' title='bbox 1447 2305 1615 2365; x_wconf 88' lang='lat' dir='ltr'><strong>hominum</strong></span> <span class='ocrx_word' id='word_1_234' title='bbox 1626 2302 1790 2364; x_wconf 88' lang='lat' dir='ltr'><strong>incurrunt</strong></span> <span class='ocrx_word' id='word_1_235' title='bbox 1804 2309 1831 2363; x_wconf 88' lang='lat' dir='ltr'><strong>et</strong></span> <span class='ocrx_word' id='word_1_236' title='bbox 1841 2300 1893 2362; x_wconf 78' lang='lat' dir='ltr'><strong>ud·</strong></span> 
     </span>
     <span class='ocr_line' id='line_1_22' title="bbox 333 2393 1892 2478; baseline 0.001 -25"><span class='ocrx_word' id='word_1_237' title='bbox 333 2394 418 2472; x_wconf 81' lang='lat' dir='ltr'><strong>quod</strong></span> <span class='ocrx_word' id='word_1_238' title='bbox 438 2400 493 2454; x_wconf 89' lang='lat' dir='ltr'><strong>aut</strong></span> <span class='ocrx_word' id='word_1_239' title='bbox 506 2399 608 2456; x_wconf 90' lang='lat' dir='ltr'><strong>totum</strong></span> <span class='ocrx_word' id='word_1_240' title='bbox 622 2396 717 2457; x_wconf 88' lang='lat' dir='ltr'><strong>simui</strong></span> <span class='ocrx_word' id='word_1_241' title='bbox 729 2402 784 2457; x_wconf 85' lang='lat' dir='ltr'><strong>eut</strong></span> <span class='ocrx_word' id='word_1_242' title='bbox 803 2414 858 2477; x_wconf 90' lang='lat' dir='ltr'><strong>per</strong></span> <span class='ocrx_word' id='word_1_243' title='bbox 881 2404 983 2478; x_wconf 79' lang='lat' dir='ltr'><strong>partes</strong></span> <span class='ocrx_word' id='word_1_244' title='bbox 1001 2418 1040 2461; x_wconf 81' lang='lat' dir='ltr'><strong>ex</strong></span> <span class='ocrx_word' id='word_1_245' title='bbox 1053 2400 1107 2461; x_wconf 89' lang='lat' dir='ltr'><strong>ali·</strong></span> <span class='ocrx_word' id='word_1_246' title='bbox 1153 2398 1248 2459; x_wconf 91' lang='lat' dir='ltr'><strong>ficum</strong></span> <span class='ocrx_word' id='word_1_247' title='bbox 1261 2394 1460 2459; x_wconf 84' lang='lat' dir='ltr'><strong>elaborantur</strong></span> <span class='ocrx_word' id='word_1_248' title='bbox 1472 2394 1633 2471; x_wconf 86' lang='lat' dir='ltr'><strong>industria,</strong></span> <span class='ocrx_word' id='word_1_249' title='bbox 1649 2393 1892 2476; x_wconf 62' lang='lat' dir='ltr'><strong>quadsestQuru</strong></span> 
     </span>
     <span class='ocr_line' id='line_1_23' title="bbox 334 2484 1891 2571; baseline 0.005 -26"><span class='ocrx_word' id='word_1_250' title='bbox 334 2484 448 2563; x_wconf 87' lang='lat' dir='ltr'><strong>quibus</strong></span> <span class='ocrx_word' id='word_1_251' title='bbox 469 2486 562 2547; x_wconf 89' lang='lat' dir='ltr'><strong>rebus</strong></span> <span class='ocrx_word' id='word_1_252' title='bbox 584 2487 687 2567; x_wconf 89' lang='lat' dir='ltr'><strong>aliquo</strong></span> <span class='ocrx_word' id='word_1_253' title='bbox 712 2488 806 2549; x_wconf 89' lang='lat' dir='ltr'><strong>modo</strong></span> <span class='ocrx_word' id='word_1_254' title='bbox 822 2489 889 2567; x_wconf 85' lang='lat' dir='ltr'><strong>jam</strong></span> <span class='ocrx_word' id='word_1_255' title='bbox 907 2488 1024 2564; x_wconf 78' lang='lat' dir='ltr'><strong>difficit,</strong></span> <span class='ocrx_word' id='word_1_256' title='bbox 1049 2512 1107 2553; x_wconf 86' lang='lat' dir='ltr'><strong>nee</strong></span> <span class='ocrx_word' id='word_1_257' title='bbox 1154 2488 1327 2571; x_wconf 86' lang='lat' dir='ltr'><strong>modusque</strong></span> <span class='ocrx_word' id='word_1_258' title='bbox 1341 2508 1376 2551; x_wconf 85' lang='lat' dir='ltr'><strong>uc</strong></span> <span class='ocrx_word' id='word_1_259' title='bbox 1387 2489 1546 2570; x_wconf 90' lang='lat' dir='ltr'><strong>dispositio</strong></span> <span class='ocrx_word' id='word_1_260' title='bbox 1561 2492 1591 2550; x_wconf 88' lang='lat' dir='ltr'><strong>et</strong></span> <span class='ocrx_word' id='word_1_261' title='bbox 1607 2487 1760 2550; x_wconf 87' lang='lat' dir='ltr'><strong>ordinatio</strong></span> <span class='ocrx_word' id='word_1_262' title='bbox 1773 2486 1891 2553; x_wconf 77' lang='lat' dir='ltr'><strong>murts.</strong></span> 
     </span>
     <span class='ocr_line' id='line_1_24' title="bbox 335 2578 1893 2664; baseline 0.002 -27"><span class='ocrx_word' id='word_1_263' title='bbox 335 2594 413 2655; x_wconf 87' lang='lat' dir='ltr'><strong>opus</strong></span> <span class='ocrx_word' id='word_1_264' title='bbox 429 2583 533 2639; x_wconf 87' lang='lat' dir='ltr'><strong>mente</strong></span> <span class='ocrx_word' id='word_1_265' title='bbox 550 2584 733 2659; x_wconf 86' lang='lat' dir='ltr'><strong>conceptum</strong></span> <span class='ocrx_word' id='word_1_266' title='bbox 746 2579 904 2660; x_wconf 85' lang='lat' dir='ltr'><strong>perticere,</strong></span> <span class='ocrx_word' id='word_1_267' title='bbox 922 2581 949 2642; x_wconf 91' lang='lat' dir='ltr'><strong>si</strong></span> <span class='ocrx_word' id='word_1_268' title='bbox 961 2582 1040 2645; x_wconf 91' lang='lat' dir='ltr'><strong>desit</strong></span> <span class='ocrx_word' id='word_1_269' title='bbox 1053 2592 1107 2646; x_wconf 88' lang='lat' dir='ltr'><strong>aut</strong></span> <span class='ocrx_word' id='word_1_270' title='bbox 1155 2601 1251 2664; x_wconf 87' lang='lat' dir='ltr'><strong>quam</strong></span> <span class='ocrx_word' id='word_1_271' title='bbox 1282 2582 1399 2662; x_wconf 85' lang='lat' dir='ltr'><strong>expolit</strong></span> <span class='ocrx_word' id='word_1_272' title='bbox 1430 2589 1461 2644; x_wconf 91' lang='lat' dir='ltr'><strong>et</strong></span> <span class='ocrx_word' id='word_1_273' title='bbox 1495 2580 1661 2643; x_wconf 78' lang='lat' dir='ltr'><strong>mneinnat</strong></span> <span class='ocrx_word' id='word_1_274' title='bbox 1690 2578 1806 2642; x_wconf 73' lang='lat' dir='ltr'><strong>artifex.</strong></span> <span class='ocrx_word' id='word_1_275' title='bbox 1834 2580 1893 2640; x_wconf 76' lang='lat' dir='ltr'><strong>uns</strong></span> 
     </span>
     <span class='ocr_line' id='line_1_25' title="bbox 335 2669 1891 2755; baseline 0.003 -28"><span class='ocrx_word' id='word_1_276' title='bbox 335 2669 528 2731; x_wconf 86' lang='lat' dir='ltr'><strong>materiaaut</strong></span> <span class='ocrx_word' id='word_1_277' title='bbox 540 2670 635 2748; x_wconf 88' lang='lat' dir='ltr'><strong>aliud,</strong></span> <span class='ocrx_word' id='word_1_278' title='bbox 646 2671 783 2751; x_wconf 89' lang='lat' dir='ltr'><strong>sineque</strong></span> <span class='ocrx_word' id='word_1_279' title='bbox 797 2688 875 2752; x_wconf 85' lang='lat' dir='ltr'><strong>opus</strong></span> <span class='ocrx_word' id='word_1_280' title='bbox 884 2676 1107 2753; x_wconf 74' lang='lat' dir='ltr'><strong>praecognitum</strong></span> <span class='ocrx_word' id='word_1_281' title='bbox 1155 2683 1261 2737; x_wconf 86' lang='lat' dir='ltr'><strong>autem</strong></span> <span class='ocrx_word' id='word_1_282' title='bbox 1274 2676 1347 2755; x_wconf 86' lang='lat' dir='ltr'><strong>quia</strong></span> <span class='ocrx_word' id='word_1_283' title='bbox 1360 2680 1425 2736; x_wconf 92' lang='lat' dir='ltr'><strong>tam</strong></span> <span class='ocrx_word' id='word_1_284' title='bbox 1439 2674 1623 2737; x_wconf 88' lang='lat' dir='ltr'><strong>substantias</strong></span> <span class='ocrx_word' id='word_1_285' title='bbox 1636 2690 1732 2753; x_wconf 90' lang='lat' dir='ltr'><strong>quam</strong></span> <span class='ocrx_word' id='word_1_286' title='bbox 1745 2688 1840 2734; x_wconf 76' lang='lat' dir='ltr'><strong>eanum</strong></span> <span class='ocrx_word' id='word_1_287' title='bbox 1848 2670 1891 2731; x_wconf 74' lang='lat' dir='ltr'><strong>uia</strong></span> 
     </span>
     <span class='ocr_line' id='line_1_26' title="bbox 334 2759 1959 2863; baseline 0.004 -43"><span class='ocrx_word' id='word_1_288' title='bbox 334 2759 403 2820; x_wconf 92' lang='lat' dir='ltr'><strong>tieri</strong></span> <span class='ocrx_word' id='word_1_289' title='bbox 415 2776 480 2822; x_wconf 90' lang='lat' dir='ltr'><strong>non</strong></span> <span class='ocrx_word' id='word_1_290' title='bbox 503 2763 608 2842; x_wconf 88' lang='lat' dir='ltr'><strong>possit.</strong></span> <span class='ocrx_word' id='word_1_291' title='bbox 633 2763 836 2845; x_wconf 83' lang='lat' dir='ltr'><strong>Quapropter,</strong></span> <span class='ocrx_word' id='word_1_292' title='bbox 861 2764 978 2845; x_wconf 76' lang='lat' dir='ltr'><strong>colligit</strong></span> <span class='ocrx_word' id='word_1_293' title='bbox 997 2768 1031 2828; x_wconf 91' lang='lat' dir='ltr'><strong>in</strong></span> <span class='ocrx_word' id='word_1_294' title='bbox 1044 2768 1107 2831; x_wconf 87' lang='lat' dir='ltr'><strong>tine</strong></span> <span class='ocrx_word' id='word_1_295' title='bbox 1155 2768 1322 2849; x_wconf 88' lang='lat' dir='ltr'><strong>positiones</strong></span> <span class='ocrx_word' id='word_1_296' title='bbox 1335 2768 1438 2846; x_wconf 87' lang='lat' dir='ltr'><strong>efficit,</strong></span> <span class='ocrx_word' id='word_1_297' title='bbox 1453 2767 1615 2847; x_wconf 86' lang='lat' dir='ltr'><strong>utriusque</strong></span> <span class='ocrx_word' id='word_1_298' title='bbox 1633 2767 1756 2847; x_wconf 77' lang='lat' dir='ltr'><strong>generis</strong></span> <span class='ocrx_word' id='word_1_299' title='bbox 1767 2765 1892 2863; x_wconf 70' lang='lat' dir='ltr'><strong>iormset</strong></span> <span class='ocrx_word' id='word_1_300' title='bbox 1958 2840 1959 2853; x_wconf 10' lang='grc' dir='ltr'>χ</span> 
     </span>
     <span class='ocr_line' id='line_1_27' title="bbox 335 2852 1959 2943; baseline 0.008 -31"><span class='ocrx_word' id='word_1_301' title='bbox 335 2852 452 2931; x_wconf 88' lang='lat' dir='ltr'><strong>eapitis,</strong></span> <span class='ocrx_word' id='word_1_302' title='bbox 469 2872 506 2915; x_wconf 90' lang='lat' dir='ltr'><strong>ea</strong></span> <span class='ocrx_word' id='word_1_303' title='bbox 519 2872 589 2935; x_wconf 83' lang='lat' dir='ltr'><strong>quae</strong></span> <span class='ocrx_word' id='word_1_304' title='bbox 602 2874 658 2936; x_wconf 89' lang='lat' dir='ltr'><strong>per</strong></span> <span class='ocrx_word' id='word_1_305' title='bbox 670 2856 757 2918; x_wconf 91' lang='lat' dir='ltr'><strong>illam</strong></span> <span class='ocrx_word' id='word_1_306' title='bbox 766 2864 868 2918; x_wconf 87' lang='lat' dir='ltr'><strong>creata</strong></span> <span class='ocrx_word' id='word_1_307' title='bbox 881 2862 963 2935; x_wconf 88' lang='lat' dir='ltr'><strong>sunt,</strong></span> <span class='ocrx_word' id='word_1_308' title='bbox 978 2860 1107 2922; x_wconf 89' lang='lat' dir='ltr'><strong>omnino</strong></span> <span class='ocrx_word' id='word_1_309' title='bbox 1155 2860 1343 2943; x_wconf 83' lang='lat' dir='ltr'><strong>exemplaria</strong></span> <span class='ocrx_word' id='word_1_310' title='bbox 1360 2860 1585 2941; x_wconf 80' lang='lat' dir='ltr'><strong>complectitur.</strong></span> <span class='ocrx_word' id='word_1_311' title='bbox 1958 2856 1959 2877; x_wconf 58' lang='lat'><em>*</em></span> 
     </span>
     <span class='ocr_line' id='line_1_28' title="bbox 336 2947 1107 3031; baseline 0.007 -27"><span class='ocrx_word' id='word_1_312' title='bbox 336 2950 482 3007; x_wconf 90' lang='lat' dir='ltr'><strong>nonsnnt</strong></span> <span class='ocrx_word' id='word_1_313' title='bbox 495 2947 611 3029; x_wconf 89' lang='lat' dir='ltr'><strong>aliquid</strong></span> <span class='ocrx_word' id='word_1_314' title='bbox 624 2950 708 3030; x_wconf 87' lang='lat' dir='ltr'><strong>quod</strong></span> <span class='ocrx_word' id='word_1_315' title='bbox 722 2967 787 3011; x_wconf 89' lang='lat' dir='ltr'><strong>nan</strong></span> <span class='ocrx_word' id='word_1_316' title='bbox 801 2951 840 3012; x_wconf 90' lang='lat' dir='ltr'><strong>sit</strong></span> <span class='ocrx_word' id='word_1_317' title='bbox 854 2963 909 3031; x_wconf 85' lang='lat' dir='ltr'><strong>per</strong></span> <span class='ocrx_word' id='word_1_318' title='bbox 920 2948 1017 3013; x_wconf 86' lang='lat' dir='ltr'><strong>illam.</strong></span> <span class='ocrx_word' id='word_1_319' title='bbox 1032 2952 1107 3028; x_wconf 79' lang='lat' dir='ltr'><strong>Quae</strong></span> 
     </span>
    </p>
   </div>
   <div class='ocr_carea' id='block_1_3' title="bbox 336 3158 1957 3572">
    <p class='ocr_par' dir='ltr' id='par_1_6' title="bbox 336 3158 1892 3327">
     <span class='ocr_line' id='line_1_29' title="bbox 373 3158 1892 3244; baseline 0.003 -29"><span class='ocrx_word' id='word_1_320' title='bbox 373 3174 395 3215; x_wconf 86' lang='lat' dir='ltr'><strong>a</strong></span> <span class='ocrx_word' id='word_1_321' title='bbox 413 3158 518 3218; x_wconf 70' lang='lat' dir='ltr'><strong>Minu.</strong></span> <span class='ocrx_word' id='word_1_322' title='bbox 539 3160 651 3237; x_wconf 78' lang='lat' dir='ltr'><strong>Puttop.</strong></span> <span class='ocrx_word' id='word_1_323' title='bbox 677 3180 736 3236; x_wconf 83' lang='lat' dir='ltr'><strong>pur.</strong></span> <span class='ocrx_word' id='word_1_324' title='bbox 764 3162 786 3238; x_wconf 88' lang='lat' dir='ltr'><strong>i,</strong></span> <span class='ocrx_word' id='word_1_325' title='bbox 807 3167 850 3222; x_wconf 85' lang='lat' dir='ltr'><strong>tit.</strong></span> <span class='ocrx_word' id='word_1_326' title='bbox 877 3164 925 3223; x_wconf 84' lang='lat' dir='ltr'><strong>iil.</strong></span> <span class='ocrx_word' id='word_1_327' title='bbox 957 3163 990 3221; x_wconf 88' lang='lat'><strong>‘0</strong></span> <span class='ocrx_word' id='word_1_328' title='bbox 1008 3166 1061 3230; x_wconf 77' lang='grc' dir='ltr'><strong>θεὸς</strong></span> <span class='ocrx_word' id='word_1_329' title='bbox 1079 3166 1108 3221; x_wconf 77' lang='lat' dir='ltr'><strong>oi</strong></span> <span class='ocrx_word' id='word_1_330' title='bbox 1157 3168 1245 3223; x_wconf 78' lang='grc' dir='ltr'><strong>κωλύει</strong></span> <span class='ocrx_word' id='word_1_331' title='bbox 1254 3166 1319 3244; x_wconf 76' lang='grc' dir='ltr'>ἔχειν</span> <span class='ocrx_word' id='word_1_332' title='bbox 1333 3168 1409 3242; x_wconf 63' lang='grc' dir='ltr'><strong>ἡμᾶς,</strong></span> <span class='ocrx_word' id='word_1_333' title='bbox 1422 3169 1477 3222; x_wconf 78' lang='grc' dir='ltr'><strong>καθ’</strong></span> <span class='ocrx_word' id='word_1_334' title='bbox 1486 3166 1527 3233; x_wconf 67' lang='grc' dir='ltr'><strong>οὓς</strong></span> <span class='ocrx_word' id='word_1_335' title='bbox 1544 3166 1716 3238; x_wconf 70' lang='grc' dir='ltr'><strong>ἀποτελεσθείη</strong></span> <span class='ocrx_word' id='word_1_336' title='bbox 1734 3163 1892 3241; x_wconf 61' lang='lat' dir='ltr'><strong>mtqmtitd</strong></span> 
     </span>
     <span class='ocr_line' id='line_1_30' title="bbox 336 3242 1891 3327; baseline 0.006 -31"><span class='ocrx_word' id='word_1_337' title='bbox 336 3246 486 3312; x_wconf 76' lang='grc' dir='ltr'>ποιοτήτων,</span> <span class='ocrx_word' id='word_1_338' title='bbox 498 3242 556 3299; x_wconf 74' lang='grc' dir='ltr'><strong>ἀλλ’</strong></span> <span class='ocrx_word' id='word_1_339' title='bbox 565 3245 656 3301; x_wconf 72' lang='lat' dir='ltr'><strong>sturm</strong></span> <span class='ocrx_word' id='word_1_340' title='bbox 666 3249 842 3321; x_wconf 73' lang='grc' dir='ltr'>πεποιωμίνων</span> <span class='ocrx_word' id='word_1_341' title='bbox 853 3244 904 3305; x_wconf 74' lang='lat' dir='ltr'><strong>lori</strong></span> <span class='ocrx_word' id='word_1_342' title='bbox 913 3252 1071 3324; x_wconf 73' lang='grc' dir='ltr'>δημιουργός.</span> <span class='ocrx_word' id='word_1_343' title='bbox 1157 3251 1184 3306; x_wconf 80' lang='lat' dir='ltr'><strong>el</strong></span> <span class='ocrx_word' id='word_1_344' title='bbox 1206 3252 1260 3314; x_wconf 79' lang='grc' dir='ltr'>θεὸς</span> <span class='ocrx_word' id='word_1_345' title='bbox 1283 3248 1333 3306; x_wconf 74' lang='lat' dir='ltr'><strong>imi</strong></span> <span class='ocrx_word' id='word_1_346' title='bbox 1352 3251 1394 3306; x_wconf 72' lang='grc' dir='ltr'><strong>καὶ</strong></span> <span class='ocrx_word' id='word_1_347' title='bbox 1419 3252 1527 3318; x_wconf 74' lang='grc' dir='ltr'>τούτων,</span> <span class='ocrx_word' id='word_1_348' title='bbox 1551 3250 1669 3307; x_wconf 52' lang='lat' dir='ltr'><strong>&amp;alem</strong></span> <span class='ocrx_word' id='word_1_349' title='bbox 1687 3249 1831 3327; x_wconf 53' lang='grc' dir='ltr'><strong>παραγωγάς</strong></span> <span class='ocrx_word' id='word_1_350' title='bbox 1845 3244 1891 3302; x_wconf 72' lang='lat' dir='ltr'><strong>itm</strong></span> 
     </span>
    </p>

    <p class='ocr_par' dir='ltr' id='par_1_7' title="bbox 338 3324 1957 3572">
     <span class='ocr_line' id='line_1_31' title="bbox 375 3324 1890 3409; baseline 0.01 -29"><span class='ocrx_word' id='word_1_351' title='bbox 375 3325 392 3380; x_wconf 81' lang='grc' dir='ltr'><strong>ὁ</strong></span> <span class='ocrx_word' id='word_1_352' title='bbox 411 3324 532 3382; x_wconf 76' lang='lat' dir='ltr'><strong>Prcnru.</strong></span> <span class='ocrx_word' id='word_1_353' title='bbox 544 3328 574 3384; x_wconf 87' lang='lat' dir='ltr'><strong>in</strong></span> <span class='ocrx_word' id='word_1_354' title='bbox 585 3340 610 3384; x_wconf 92' lang='lat' dir='ltr'><strong>e.</strong></span> <span class='ocrx_word' id='word_1_355' title='bbox 623 3344 650 3385; x_wconf 81' lang='lat' dir='ltr'><strong>v.</strong></span> <span class='ocrx_word' id='word_1_356' title='bbox 670 3329 750 3387; x_wconf 86' lang='lat' dir='ltr'><strong>Dion.</strong></span> <span class='ocrx_word' id='word_1_357' title='bbox 762 3328 798 3387; x_wconf 79' lang='lat' dir='ltr'><strong>de</strong></span> <span class='ocrx_word' id='word_1_358' title='bbox 809 3334 873 3388; x_wconf 78' lang='lat' dir='ltr'><strong>uta.</strong></span> <span class='ocrx_word' id='word_1_359' title='bbox 884 3349 962 3389; x_wconf 82' lang='lat' dir='ltr'><strong>nom.</strong></span> <span class='ocrx_word' id='word_1_360' title='bbox 980 3332 1054 3387; x_wconf 75' lang='grc' dir='ltr'><strong>Ἐπεὶ</strong></span> <span class='ocrx_word' id='word_1_361' title='bbox 1065 3332 1109 3388; x_wconf 76' lang='lat' dir='ltr'><strong>oia</strong></span> <span class='ocrx_word' id='word_1_362' title='bbox 1157 3333 1257 3399; x_wconf 70' lang='grc' dir='ltr'>εἰκότως</span> <span class='ocrx_word' id='word_1_363' title='bbox 1266 3335 1317 3408; x_wconf 76' lang='grc' dir='ltr'><strong>ἔχει</strong></span> <span class='ocrx_word' id='word_1_364' title='bbox 1327 3336 1367 3388; x_wconf 76' lang='grc' dir='ltr'><strong>καὶ</strong></span> <span class='ocrx_word' id='word_1_365' title='bbox 1376 3335 1522 3409; x_wconf 75' lang='grc' dir='ltr'>ἀμφοτέρων</span> <span class='ocrx_word' id='word_1_366' title='bbox 1540 3336 1597 3397; x_wconf 59' lang='grc' dir='ltr'><strong>τοὺς</strong></span> <span class='ocrx_word' id='word_1_367' title='bbox 1605 3336 1706 3408; x_wconf 75' lang='grc' dir='ltr'>λόγους,</span> <span class='ocrx_word' id='word_1_368' title='bbox 1715 3336 1755 3388; x_wconf 75' lang='grc' dir='ltr'><strong>καὶ</strong></span> <span class='ocrx_word' id='word_1_369' title='bbox 1763 3338 1807 3390; x_wconf 76' lang='lat' dir='ltr'><strong>rto</strong></span> <span class='ocrx_word' id='word_1_370' title='bbox 1815 3330 1890 3395; x_wconf 60' lang='lat' dir='ltr'><strong>obtin,</strong></span> 
     </span>
     <span class='ocr_line' id='line_1_32' title="bbox 338 3405 1352 3491; baseline 0.011 -31"><span class='ocrx_word' id='word_1_371' title='bbox 338 3405 422 3470; x_wconf 70' lang='grc' dir='ltr'><strong>οὒοῐις</strong></span> <span class='ocrx_word' id='word_1_372' title='bbox 435 3408 588 3483; x_wconf 70' lang='grc' dir='ltr'><strong>παράγομεν,</strong></span> <span class='ocrx_word' id='word_1_373' title='bbox 604 3409 660 3465; x_wconf 79' lang='lat' dir='ltr'><strong>otti</strong></span> <span class='ocrx_word' id='word_1_374' title='bbox 682 3414 739 3475; x_wconf 71' lang='lat' dir='ltr'><strong>tob&lt;</strong></span> <span class='ocrx_word' id='word_1_375' title='bbox 760 3413 851 3487; x_wconf 70' lang='grc' dir='ltr'>λόγους</span> <span class='ocrx_word' id='word_1_376' title='bbox 872 3420 923 3469; x_wconf 78' lang='grc' dir='ltr'><strong>τῶν</strong></span> <span class='ocrx_word' id='word_1_377' title='bbox 946 3416 1037 3470; x_wconf 73' lang='grc' dir='ltr'>οὐσιῶν</span> <span class='ocrx_word' id='word_1_378' title='bbox 1049 3419 1109 3491; x_wconf 80' lang='grc' dir='ltr'>παρ’</span> <span class='ocrx_word' id='word_1_379' title='bbox 1156 3414 1352 3480; x_wconf 61' lang='lat' dir='ltr'><strong>almurus.</strong></span> 
     </span>
     <span class='ocr_line' id='line_1_33' title="bbox 339 3488 1957 3572; baseline 0.014 -29"><span class='ocrx_word' id='word_1_380' title='bbox 339 3488 436 3554; x_wconf 69' lang='grc' dir='ltr'><strong>ἱαντοῐς</strong></span> <span class='ocrx_word' id='word_1_381' title='bbox 454 3490 556 3566; x_wconf 72' lang='grc' dir='ltr'><strong>ῐχομτν·</strong></span> <span class='ocrx_word' id='word_1_382' title='bbox 576 3491 649 3556; x_wconf 75' lang='grc' dir='ltr'><strong>[ξων</strong></span> <span class='ocrx_word' id='word_1_383' title='bbox 672 3494 717 3562; x_wconf 76' lang='lat' dir='ltr'><strong>bi,</strong></span> <span class='ocrx_word' id='word_1_384' title='bbox 736 3498 777 3550; x_wconf 74' lang='lat' dir='ltr'><strong>nal</strong></span> <span class='ocrx_word' id='word_1_385' title='bbox 796 3497 884 3571; x_wconf 63' lang='lat' dir='ltr'><strong>ripaue</strong></span> <span class='ocrx_word' id='word_1_386' title='bbox 906 3499 1014 3572; x_wconf 79' lang='grc' dir='ltr'>λόγους,</span> <span class='ocrx_word' id='word_1_387' title='bbox 1038 3494 1108 3554; x_wconf 71' lang='lat' dir='ltr'><strong>sitia</strong></span> <span class='ocrx_word' id='word_1_388' title='bbox 1956 3500 1957 3551; x_wconf 68' lang='lat' dir='ltr'><strong>l</strong></span> 
     </span>
    </p>
   </div>
   <div class='ocr_carea' id='block_1_4' title="bbox 1952 4136 1955 4283">
    <p class='ocr_par' dir='ltr' id='par_1_8' title="bbox 1952 4114 1955 4283">
     <span class='ocr_line' id='line_1_34' title="bbox 1952 4136 1955 4283; baseline 0 0"><span class='ocrx_word' id='word_1_389' title='bbox 1952 4136 1955 4283; x_wconf 86' lang='lat' dir='ltr'><strong>i</strong></span> 
     </span>
    </p>
   </div>
   <div class='ocr_carea' id='block_1_5' title="bbox 366 3681 556 3740">
    <p class='ocr_par' dir='ltr' id='par_1_9' title="bbox 366 3681 556 3740">
     <span class='ocr_line' id='line_1_35' title="bbox 366 3681 556 3740; baseline 0.021 -15"><span class='ocrx_word' id='word_1_390' title='bbox 366 3682 377 3724; x_wconf 88' lang='lat' dir='ltr'><strong>t</strong></span> <span class='ocrx_word' id='word_1_391' title='bbox 390 3681 443 3740; x_wconf 74' lang='lat' dir='ltr'><strong>(inp.</strong></span> <span class='ocrx_word' id='word_1_392' title='bbox 455 3686 468 3727; x_wconf 83' lang='lat' dir='ltr'><strong>t</strong></span> <span class='ocrx_word' id='word_1_393' title='bbox 478 3682 556 3731; x_wconf 70' lang='lat' dir='ltr'><strong>mi.</strong></span> 
     </span>
    </p>
   </div>
   <div class='ocr_carea' id='block_1_6' title="bbox 0 0 1999 6164">
    <p class='ocr_par' dir='ltr' id='par_1_10' title="bbox 0 0 1999 6164">
     <span class='ocr_line' id='line_1_36' title="bbox 0 0 1999 6164; baseline 0 0"><span class='ocrx_word' id='word_1_394' title='bbox 0 0 1999 6164; x_wconf 95' lang='lat' dir='ltr'><strong> </strong></span> 
     </span>
    </p>
   </div>
  </div>
 </body>
</html>
