<?xml version="1.0" encoding="UTF-8"?>
<!DOCTYPE html PUBLIC "-//W3C//DTD XHTML 1.0 Transitional//EN"
    "http://www.w3.org/TR/xhtml1/DTD/xhtml1-transitional.dtd">
<html xmlns="http://www.w3.org/1999/xhtml" xml:lang="en" lang="en">
 <head>
  <title>
</title>
<meta http-equiv="Content-Type" content="text/html;charset=utf-8" />
  <meta name='ocr-system' content='tesseract 3.04.00' />
  <meta name='ocr-capabilities' content='ocr_page ocr_carea ocr_par ocr_line ocrx_word'/>
</head>
<body>
  <div class='ocr_page' id='page_1' title='image "./dogmatatheologi01goog/dogmatatheologi01goog_0561.png"; bbox 0 0 4030 6204; ppageno 0'>
   <div class='ocr_carea' id='block_1_1' title="bbox 357 302 1431 373">
    <p class='ocr_par' dir='ltr' id='par_1_1' title="bbox 357 302 1431 373">
     <span class='ocr_line' id='line_1_1' title="bbox 357 302 1431 373; baseline -0.006 0"><span class='ocrx_word' id='word_1_1' title='bbox 357 313 416 373; x_wconf 67' lang='lat'>82!</span> <span class='ocrx_word' id='word_1_2' title='bbox 868 302 1192 369; x_wconf 74' lang='lat' dir='ltr'>rummoruouult</span> <span class='ocrx_word' id='word_1_3' title='bbox 1212 303 1431 368; x_wconf 69' lang='lat' dir='ltr'>multarum</span> 
     </span>
    </p>
   </div>
   <div class='ocr_carea' id='block_1_2' title="bbox 358 468 2004 4690">
    <p class='ocr_par' dir='ltr' id='par_1_2' title="bbox 358 468 1944 2024">
     <span class='ocr_line' id='line_1_2' title="bbox 358 468 1943 554; baseline -0.006 -17"><span class='ocrx_word' id='word_1_4' title='bbox 358 495 414 537; x_wconf 87' lang='lat' dir='ltr'>sue</span> <span class='ocrx_word' id='word_1_5' title='bbox 430 474 556 554; x_wconf 85' lang='lat' dir='ltr'>judicia,</span> <span class='ocrx_word' id='word_1_6' title='bbox 571 494 587 530; x_wconf 86' lang='grc' dir='ltr'>ν</span> <span class='ocrx_word' id='word_1_7' title='bbox 604 473 663 533; x_wconf 88' lang='lat' dir='ltr'>hoe</span> <span class='ocrx_word' id='word_1_8' title='bbox 685 477 731 533; x_wconf 90' lang='lat' dir='ltr'>est</span> <span class='ocrx_word' id='word_1_9' title='bbox 752 471 792 533; x_wconf 91' lang='lat' dir='ltr'>ad</span> <span class='ocrx_word' id='word_1_10' title='bbox 814 471 986 547; x_wconf 74' lang='lat' dir='ltr'>malefacta,</span> <span class='ocrx_word' id='word_1_11' title='bbox 1012 471 1125 552; x_wconf 87' lang='lat' dir='ltr'>impios</span> <span class='ocrx_word' id='word_1_12' title='bbox 1175 490 1212 535; x_wconf 90' lang='lat' dir='ltr'>eo</span> <span class='ocrx_word' id='word_1_13' title='bbox 1225 473 1301 535; x_wconf 90' lang='lat' dir='ltr'>mali</span> <span class='ocrx_word' id='word_1_14' title='bbox 1314 472 1529 534; x_wconf 86' lang='lat' dir='ltr'>auctoritatem</span> <span class='ocrx_word' id='word_1_15' title='bbox 1542 468 1779 533; x_wconf 81' lang='lat' dir='ltr'>eteldcientiam</span> <span class='ocrx_word' id='word_1_16' title='bbox 1792 468 1943 529; x_wconf 69' lang='lat' dir='ltr'>mrumst</span> 
     </span>
     <span class='ocr_line' id='line_1_3' title="bbox 358 559 1942 644; baseline -0.006 -15"><span class='ocrx_word' id='word_1_17' title='bbox 358 568 476 629; x_wconf 75' lang='lat' dir='ltr'>amerit.</span> <span class='ocrx_word' id='word_1_18' title='bbox 496 588 511 623; x_wconf 77' lang='lat' dir='ltr'>a</span> <span class='ocrx_word' id='word_1_19' title='bbox 526 567 635 626; x_wconf 85' lang='lat' dir='ltr'>Fateor</span> <span class='ocrx_word' id='word_1_20' title='bbox 648 564 785 644; x_wconf 89' lang='lat' dir='ltr'>quidem,</span> <span class='ocrx_word' id='word_1_21' title='bbox 808 564 991 644; x_wconf 87' lang='lat' dir='ltr'>interposita</span> <span class='ocrx_word' id='word_1_22' title='bbox 1005 564 1126 624; x_wconf 81' lang='lat' dir='ltr'>Satanas</span> <span class='ocrx_word' id='word_1_23' title='bbox 1175 566 1273 644; x_wconf 88' lang='lat' dir='ltr'>ipsam</span> <span class='ocrx_word' id='word_1_24' title='bbox 1284 566 1502 626; x_wconf 83' lang='lat' dir='ltr'>intellexerunt</span> <span class='ocrx_word' id='word_1_25' title='bbox 1515 582 1592 638; x_wconf 88' lang='lat' dir='ltr'>esse,</span> <span class='ocrx_word' id='word_1_26' title='bbox 1603 567 1649 637; x_wconf 86' lang='lat' dir='ltr'>ut,</span> <span class='ocrx_word' id='word_1_27' title='bbox 1665 579 1728 640; x_wconf 91' lang='lat' dir='ltr'>quo</span> <span class='ocrx_word' id='word_1_28' title='bbox 1742 560 1852 620; x_wconf 88' lang='lat' dir='ltr'>minus</span> <span class='ocrx_word' id='word_1_29' title='bbox 1863 559 1942 620; x_wconf 81' lang='lat' dir='ltr'>illam</span> 
     </span>
     <span class='ocr_line' id='line_1_4' title="bbox 359 652 1943 739; baseline -0.006 -18"><span class='ocrx_word' id='word_1_30' title='bbox 359 678 453 739; x_wconf 89' lang='lat' dir='ltr'>opera</span> <span class='ocrx_word' id='word_1_31' title='bbox 465 676 546 738; x_wconf 80' lang='lat' dir='ltr'>saepc</span> <span class='ocrx_word' id='word_1_32' title='bbox 560 660 660 720; x_wconf 88' lang='lat' dir='ltr'>Deum</span> <span class='ocrx_word' id='word_1_33' title='bbox 679 674 770 736; x_wconf 87' lang='lat' dir='ltr'>agere</span> <span class='ocrx_word' id='word_1_34' title='bbox 789 655 822 716; x_wconf 90' lang='lat' dir='ltr'>in</span> <span class='ocrx_word' id='word_1_35' title='bbox 840 656 999 736; x_wconf 80' lang='lat' dir='ltr'>reprobis3</span> <span class='ocrx_word' id='word_1_36' title='bbox 1023 656 1077 716; x_wconf 87' lang='lat' dir='ltr'>sed</span> <span class='ocrx_word' id='word_1_37' title='bbox 1091 661 1127 716; x_wconf 91' lang='lat' dir='ltr'>ut</span> <span class='ocrx_word' id='word_1_38' title='bbox 1176 659 1239 719; x_wconf 84' lang='lat' dir='ltr'>lleo</span> <span class='ocrx_word' id='word_1_39' title='bbox 1252 674 1326 719; x_wconf 84' lang='lat' dir='ltr'>vero</span> <span class='ocrx_word' id='word_1_40' title='bbox 1348 676 1384 719; x_wconf 87' lang='lat' dir='ltr'>ac</span> <span class='ocrx_word' id='word_1_41' title='bbox 1405 656 1489 717; x_wconf 91' lang='lat' dir='ltr'>bono</span> <span class='ocrx_word' id='word_1_42' title='bbox 1508 654 1691 729; x_wconf 74' lang='lat' dir='ltr'>tribuerent,</span> <span class='ocrx_word' id='word_1_43' title='bbox 1715 652 1815 725; x_wconf 85' lang='lat' dir='ltr'>aliud,</span> <span class='ocrx_word' id='word_1_44' title='bbox 1838 657 1943 730; x_wconf 76' lang='lat' dir='ltr'>prater</span> 
     </span>
     <span class='ocr_line' id='line_1_5' title="bbox 359 743 1943 830; baseline -0.004 -18"><span class='ocrx_word' id='word_1_45' title='bbox 359 750 425 830; x_wconf 86' lang='lat' dir='ltr'>ejus</span> <span class='ocrx_word' id='word_1_46' title='bbox 444 750 580 830; x_wconf 91' lang='lat' dir='ltr'>impulsu</span> <span class='ocrx_word' id='word_1_47' title='bbox 600 751 692 811; x_wconf 88' lang='lat' dir='ltr'>Satan</span> <span class='ocrx_word' id='word_1_48' title='bbox 715 748 781 828; x_wconf 90' lang='lat' dir='ltr'>ipse</span> <span class='ocrx_word' id='word_1_49' title='bbox 798 766 869 809; x_wconf 87' lang='lat' dir='ltr'>snas</span> <span class='ocrx_word' id='word_1_50' title='bbox 882 754 985 829; x_wconf 84' lang='lat' dir='ltr'>partes</span> <span class='ocrx_word' id='word_1_51' title='bbox 998 754 1078 826; x_wconf 85' lang='lat' dir='ltr'>agat,</span> <span class='ocrx_word' id='word_1_52' title='bbox 1096 752 1127 807; x_wconf 91' lang='lat' dir='ltr'>et</span> <span class='ocrx_word' id='word_1_53' title='bbox 1175 751 1279 826; x_wconf 90' lang='lat' dir='ltr'>huno,</span> <span class='ocrx_word' id='word_1_54' title='bbox 1306 748 1514 830; x_wconf 86' lang='lat' dir='ltr'>principium,</span> <span class='ocrx_word' id='word_1_55' title='bbox 1544 764 1731 825; x_wconf 83' lang='lat' dir='ltr'>causamque</span> <span class='ocrx_word' id='word_1_56' title='bbox 1759 743 1840 806; x_wconf 86' lang='lat' dir='ltr'>mali</span> <span class='ocrx_word' id='word_1_57' title='bbox 1866 762 1943 823; x_wconf 78' lang='lat' dir='ltr'>pere</span> 
     </span>
     <span class='ocr_line' id='line_1_6' title="bbox 358 836 1944 922; baseline -0.006 -18"><span class='ocrx_word' id='word_1_58' title='bbox 358 842 496 922; x_wconf 84' lang='lat' dir='ltr'>perficiat</span> <span class='ocrx_word' id='word_1_59' title='bbox 508 846 660 920; x_wconf 89' lang='lat' dir='ltr'>quatenus</span> <span class='ocrx_word' id='word_1_60' title='bbox 682 840 790 901; x_wconf 90' lang='lat' dir='ltr'>datum</span> <span class='ocrx_word' id='word_1_61' title='bbox 813 846 869 901; x_wconf 85' lang='lat' dir='ltr'>est.</span> <span class='ocrx_word' id='word_1_62' title='bbox 892 840 1009 900; x_wconf 81' lang='lat' dir='ltr'>Dicitur</span> <span class='ocrx_word' id='word_1_63' title='bbox 1032 839 1127 899; x_wconf 88' lang='lat' dir='ltr'>etiam</span> <span class='ocrx_word' id='word_1_64' title='bbox 1176 842 1308 920; x_wconf 87' lang='lat' dir='ltr'>grinam,</span> <span class='ocrx_word' id='word_1_65' title='bbox 1324 860 1383 903; x_wconf 89' lang='lat' dir='ltr'>nec</span> <span class='ocrx_word' id='word_1_66' title='bbox 1394 840 1433 901; x_wconf 89' lang='lat' dir='ltr'>ab</span> <span class='ocrx_word' id='word_1_67' title='bbox 1447 838 1501 899; x_wconf 92' lang='lat' dir='ltr'>illo</span> <span class='ocrx_word' id='word_1_68' title='bbox 1516 838 1680 900; x_wconf 89' lang='lat' dir='ltr'>oriundam</span> <span class='ocrx_word' id='word_1_69' title='bbox 1693 836 1944 897; x_wconf 67' lang='lat' dir='ltr'>inducerentur</span> 
     </span>
     <span class='ocr_line' id='line_1_7' title="bbox 358 927 1944 1007; baseline -0.006 -12"><span class='ocrx_word' id='word_1_70' title='bbox 358 935 443 995; x_wconf 88' lang='lat' dir='ltr'>idem</span> <span class='ocrx_word' id='word_1_71' title='bbox 457 935 550 995; x_wconf 86' lang='lat' dir='ltr'>Satan</span> <span class='ocrx_word' id='word_1_72' title='bbox 564 950 716 994; x_wconf 77' lang='lat' dir='ltr'>excusare</span> <span class='ocrx_word' id='word_1_73' title='bbox 729 931 902 993; x_wconf 88' lang='lat' dir='ltr'>infidelium</span> <span class='ocrx_word' id='word_1_74' title='bbox 915 936 1053 1007; x_wconf 62' lang='lat' dir='ltr'>mentem</span> <span class='ocrx_word' id='word_1_75' title='bbox 1074 930 1127 991; x_wconf 87' lang='lat' dir='ltr'>sed</span> <span class='ocrx_word' id='word_1_76' title='bbox 1175 934 1260 995; x_wconf 88' lang='lat' dir='ltr'>testis</span> <span class='ocrx_word' id='word_1_77' title='bbox 1283 939 1328 995; x_wconf 88' lang='lat' dir='ltr'>est</span> <span class='ocrx_word' id='word_1_78' title='bbox 1350 932 1490 993; x_wconf 78' lang='lat' dir='ltr'>tustinus</span> <span class='ocrx_word' id='word_1_79' title='bbox 1514 931 1548 990; x_wconf 88' lang='lat' dir='ltr'>in</span> <span class='ocrx_word' id='word_1_80' title='bbox 1573 929 1793 991; x_wconf 84' lang='lat' dir='ltr'>Cohortetione</span> <span class='ocrx_word' id='word_1_81' title='bbox 1815 927 1856 986; x_wconf 90' lang='lat' dir='ltr'>ad</span> <span class='ocrx_word' id='word_1_82' title='bbox 1874 927 1944 986; x_wconf 78' lang='lat' dir='ltr'>Gen</span> 
     </span>
     <span class='ocr_line' id='line_1_8' title="bbox 359 1018 1944 1104; baseline -0.006 -17"><span class='ocrx_word' id='word_1_83' title='bbox 359 1028 442 1087; x_wconf 90' lang='lat' dir='ltr'>unde</span> <span class='ocrx_word' id='word_1_84' title='bbox 464 1027 533 1100; x_wconf 87' lang='lat' dir='ltr'>hoe,</span> <span class='ocrx_word' id='word_1_85' title='bbox 556 1024 615 1085; x_wconf 91' lang='lat' dir='ltr'>nisi</span> <span class='ocrx_word' id='word_1_86' title='bbox 634 1024 718 1104; x_wconf 91' lang='lat' dir='ltr'>quod</span> <span class='ocrx_word' id='word_1_87' title='bbox 738 1043 758 1084; x_wconf 89' lang='lat' dir='ltr'>a</span> <span class='ocrx_word' id='word_1_88' title='bbox 779 1026 843 1085; x_wconf 87' lang='lat' dir='ltr'>Deo</span> <span class='ocrx_word' id='word_1_89' title='bbox 857 1026 923 1103; x_wconf 93' lang='lat' dir='ltr'>ipso</span> <span class='ocrx_word' id='word_1_90' title='bbox 937 1028 1044 1084; x_wconf 87' lang='lat' dir='ltr'>manat</span> <span class='ocrx_word' id='word_1_91' title='bbox 1064 1022 1128 1083; x_wconf 83' lang='lat' dir='ltr'>etfl-</span> <span class='ocrx_word' id='word_1_92' title='bbox 1174 1026 1243 1087; x_wconf 78' lang='lat' dir='ltr'>tues</span> <span class='ocrx_word' id='word_1_93' title='bbox 1256 1036 1282 1095; x_wconf 82' lang='lat'>⁴¹,</span> <span class='ocrx_word' id='word_1_94' title='bbox 1298 1026 1459 1086; x_wconf 76' lang='lat' dir='ltr'><strong>Platonem</strong></span> <span class='ocrx_word' id='word_1_95' title='bbox 1481 1023 1595 1084; x_wconf 87' lang='lat' dir='ltr'>ideirco</span> <span class='ocrx_word' id='word_1_96' title='bbox 1617 1027 1766 1083; x_wconf 75' lang='lat' dir='ltr'>eternam</span> <span class='ocrx_word' id='word_1_97' title='bbox 1786 1023 1820 1079; x_wconf 92' lang='lat' dir='ltr'>et</span> <span class='ocrx_word' id='word_1_98' title='bbox 1834 1018 1944 1097; x_wconf 80' lang='lat' dir='ltr'>ingeni</span> 
     </span>
     <span class='ocr_line' id='line_1_9' title="bbox 359 1110 1942 1194; baseline -0.006 -15"><span class='ocrx_word' id='word_1_99' title='bbox 359 1119 440 1179; x_wconf 88' lang='lat' dir='ltr'>cacia</span> <span class='ocrx_word' id='word_1_100' title='bbox 462 1118 585 1189; x_wconf 89' lang='lat' dir='ltr'>erroris,</span> <span class='ocrx_word' id='word_1_101' title='bbox 608 1122 643 1176; x_wconf 90' lang='lat' dir='ltr'>ut</span> <span class='ocrx_word' id='word_1_102' title='bbox 668 1117 835 1177; x_wconf 88' lang='lat' dir='ltr'>mendaciis</span> <span class='ocrx_word' id='word_1_103' title='bbox 857 1116 984 1177; x_wconf 86' lang='lat' dir='ltr'>credant</span> <span class='ocrx_word' id='word_1_104' title='bbox 1005 1115 1058 1194; x_wconf 92' lang='lat' dir='ltr'>qui</span> <span class='ocrx_word' id='word_1_105' title='bbox 1081 1132 1127 1175; x_wconf 88' lang='lat' dir='ltr'>re-</span> <span class='ocrx_word' id='word_1_106' title='bbox 1175 1124 1240 1179; x_wconf 85' lang='lat' dir='ltr'>tam</span> <span class='ocrx_word' id='word_1_107' title='bbox 1263 1117 1374 1179; x_wconf 77' lang='lat' dir='ltr'>dixisse</span> <span class='ocrx_word' id='word_1_108' title='bbox 1397 1134 1461 1178; x_wconf 88' lang='lat' dir='ltr'>esse</span> <span class='ocrx_word' id='word_1_109' title='bbox 1486 1114 1660 1190; x_wconf 78' lang='lat' dir='ltr'>materiam,</span> <span class='ocrx_word' id='word_1_110' title='bbox 1685 1132 1725 1174; x_wconf 90' lang='lat' dir='ltr'>ne</span> <span class='ocrx_word' id='word_1_111' title='bbox 1750 1114 1855 1173; x_wconf 85' lang='lat' dir='ltr'>Deum</span> <span class='ocrx_word' id='word_1_112' title='bbox 1877 1110 1942 1170; x_wconf 82' lang='lat' dir='ltr'>meli</span> 
     </span>
     <span class='ocr_line' id='line_1_10' title="bbox 359 1202 1941 1290; baseline -0.006 -19"><span class='ocrx_word' id='word_1_113' title='bbox 359 1217 462 1272; x_wconf 89' lang='lat' dir='ltr'>nuunt</span> <span class='ocrx_word' id='word_1_114' title='bbox 474 1228 583 1290; x_wconf 88' lang='lat' dir='ltr'>parcre</span> <span class='ocrx_word' id='word_1_115' title='bbox 596 1208 767 1270; x_wconf 78' lang='lat' dir='ltr'>veritati&#39;ir</span> <span class='ocrx_word' id='word_1_116' title='bbox 786 1209 935 1288; x_wconf 88' lang='lat' dir='ltr'>Denique,</span> <span class='ocrx_word' id='word_1_117' title='bbox 955 1230 970 1266; x_wconf 85' lang='lat' dir='ltr'>u</span> <span class='ocrx_word' id='word_1_118' title='bbox 985 1210 1125 1282; x_wconf 82' lang='lat' dir='ltr'>Summa,</span> <span class='ocrx_word' id='word_1_119' title='bbox 1175 1209 1351 1271; x_wconf 84' lang='lat' dir='ltr'>effectorem</span> <span class='ocrx_word' id='word_1_120' title='bbox 1365 1213 1526 1288; x_wconf 79' lang='lat' dir='ltr'>cogeretur</span> <span class='ocrx_word' id='word_1_121' title='bbox 1538 1224 1671 1267; x_wconf 76' lang='lat' dir='ltr'>asserere</span> <span class='ocrx_word' id='word_1_122' title='bbox 1685 1205 1770 1266; x_wconf 80' lang='lat' dir='ltr'>:rOb</span> <span class='ocrx_word' id='word_1_123' title='bbox 1782 1204 1828 1279; x_wconf 89' lang='lat' dir='ltr'>id,</span> <span class='ocrx_word' id='word_1_124' title='bbox 1839 1202 1941 1281; x_wconf 89' lang='lat' dir='ltr'>inquit,</span> 
     </span>
     <span class='ocr_line' id='line_1_11' title="bbox 358 1296 1942 1381; baseline -0.005 -19"><span class='ocrx_word' id='word_1_125' title='bbox 358 1302 470 1381; x_wconf 89' lang='lat' dir='ltr'>inquit,</span> <span class='ocrx_word' id='word_1_126' title='bbox 492 1301 558 1362; x_wconf 82' lang='lat' dir='ltr'>brec</span> <span class='ocrx_word' id='word_1_127' title='bbox 580 1301 629 1375; x_wconf 89' lang='lat' dir='ltr'>sit,</span> <span class='ocrx_word' id='word_1_128' title='bbox 652 1317 750 1379; x_wconf 82' lang='lat' dir='ltr'>quum</span> <span class='ocrx_word' id='word_1_129' title='bbox 772 1301 828 1361; x_wconf 87' lang='lat' dir='ltr'>Dei</span> <span class='ocrx_word' id='word_1_130' title='bbox 849 1300 992 1360; x_wconf 86' lang='lat' dir='ltr'>voluntas</span> <span class='ocrx_word' id='word_1_131' title='bbox 1014 1300 1128 1360; x_wconf 86' lang='lat' dir='ltr'>dicitur</span> <span class='ocrx_word' id='word_1_132' title='bbox 1176 1307 1207 1362; x_wconf 92' lang='lat' dir='ltr'>et</span> <span class='ocrx_word' id='word_1_133' title='bbox 1220 1301 1391 1381; x_wconf 75' lang='lat' dir='ltr'>ingenitam</span> <span class='ocrx_word' id='word_1_134' title='bbox 1406 1301 1484 1361; x_wconf 80' lang='lat' dir='ltr'>dixit</span> <span class='ocrx_word' id='word_1_135' title='bbox 1501 1317 1567 1360; x_wconf 76' lang='lat' dir='ltr'>esse</span> <span class='ocrx_word' id='word_1_136' title='bbox 1585 1297 1761 1373; x_wconf 78' lang='lat' dir='ltr'>materiam,</span> <span class='ocrx_word' id='word_1_137' title='bbox 1787 1313 1832 1356; x_wconf 92' lang='lat' dir='ltr'>ne</span> <span class='ocrx_word' id='word_1_138' title='bbox 1854 1296 1942 1355; x_wconf 75' lang='grc' dir='ltr'>Βοοιο</span> 
     </span>
     <span class='ocr_line' id='line_1_12' title="bbox 358 1387 1942 1472; baseline -0.004 -17"><span class='ocrx_word' id='word_1_139' title='bbox 358 1412 466 1455; x_wconf 89' lang='lat' dir='ltr'>rerum</span> <span class='ocrx_word' id='word_1_140' title='bbox 478 1392 622 1453; x_wconf 87' lang='lat' dir='ltr'>omnium</span> <span class='ocrx_word' id='word_1_141' title='bbox 630 1410 694 1453; x_wconf 90' lang='lat' dir='ltr'>esse</span> <span class='ocrx_word' id='word_1_142' title='bbox 707 1410 807 1468; x_wconf 83' lang='lat' dir='ltr'>eausa,</span> <span class='ocrx_word' id='word_1_143' title='bbox 824 1391 1050 1472; x_wconf 67' lang='lat' dir='ltr'>providentem</span> <span class='ocrx_word' id='word_1_144' title='bbox 1061 1392 1128 1470; x_wconf 87' lang='lat' dir='ltr'>ejus</span> <span class='ocrx_word' id='word_1_145' title='bbox 1176 1392 1250 1454; x_wconf 90' lang='lat' dir='ltr'>mali</span> <span class='ocrx_word' id='word_1_146' title='bbox 1263 1399 1422 1454; x_wconf 82' lang='lat' dir='ltr'>auctorem</span> <span class='ocrx_word' id='word_1_147' title='bbox 1435 1392 1536 1453; x_wconf 81' lang='lat' dir='ltr'>dicere</span> <span class='ocrx_word' id='word_1_148' title='bbox 1548 1390 1717 1451; x_wconf 85' lang='lat' dir='ltr'>rideretur.</span> <span class='ocrx_word' id='word_1_149' title='bbox 1733 1410 1750 1443; x_wconf 83' lang='grc' dir='ltr'>ο</span> <span class='ocrx_word' id='word_1_150' title='bbox 1771 1387 1874 1461; x_wconf 85' lang='lat' dir='ltr'>Quod,</span> <span class='ocrx_word' id='word_1_151' title='bbox 1893 1388 1942 1446; x_wconf 76' lang='lat' dir='ltr'>etsi</span> 
     </span>
     <span class='ocr_line' id='line_1_13' title="bbox 359 1479 1940 1564; baseline -0.005 -18"><span class='ocrx_word' id='word_1_152' title='bbox 359 1486 452 1546; x_wconf 87' lang='lat' dir='ltr'>statui</span> <span class='ocrx_word' id='word_1_153' title='bbox 460 1483 868 1546; x_wconf 84' lang='lat' dir='ltr'>moderatriceminounctis</span> <span class='ocrx_word' id='word_1_154' title='bbox 881 1484 1046 1544; x_wconf 90' lang='lat' dir='ltr'>bominum</span> <span class='ocrx_word' id='word_1_155' title='bbox 1057 1502 1127 1544; x_wconf 90' lang='lat' dir='ltr'>con-</span> <span class='ocrx_word' id='word_1_156' title='bbox 1177 1484 1252 1545; x_wconf 87' lang='lat' dir='ltr'>alias</span> <span class='ocrx_word' id='word_1_157' title='bbox 1279 1484 1413 1564; x_wconf 84' lang='lat' dir='ltr'>impium</span> <span class='ocrx_word' id='word_1_158' title='bbox 1446 1489 1511 1557; x_wconf 87' lang='lat' dir='ltr'>est,</span> <span class='ocrx_word' id='word_1_159' title='bbox 1540 1479 1733 1542; x_wconf 80' lang='lat' dir='ltr'>tolerabilius</span> <span class='ocrx_word' id='word_1_160' title='bbox 1765 1485 1816 1539; x_wconf 74' lang='lat' dir='ltr'>est</span> <span class='ocrx_word' id='word_1_161' title='bbox 1848 1484 1940 1538; x_wconf 67' lang='lat' dir='ltr'>umen</span> 
     </span>
     <span class='ocr_line' id='line_1_14' title="bbox 359 1571 1941 1656; baseline -0.005 -19"><span class='ocrx_word' id='word_1_162' title='bbox 359 1576 436 1638; x_wconf 85' lang='lat' dir='ltr'>siliis</span> <span class='ocrx_word' id='word_1_163' title='bbox 449 1584 480 1637; x_wconf 93' lang='lat' dir='ltr'>et</span> <span class='ocrx_word' id='word_1_164' title='bbox 492 1576 647 1656; x_wconf 70' lang='lat' dir='ltr'>operires,</span> <span class='ocrx_word' id='word_1_165' title='bbox 669 1582 787 1637; x_wconf 93' lang='lat' dir='ltr'>utnon</span> <span class='ocrx_word' id='word_1_166' title='bbox 809 1582 932 1637; x_wconf 89' lang='lat' dir='ltr'>tantum</span> <span class='ocrx_word' id='word_1_167' title='bbox 952 1577 1016 1636; x_wconf 80' lang='lat' dir='ltr'>vnn</span> <span class='ocrx_word' id='word_1_168' title='bbox 1040 1594 1128 1636; x_wconf 84' lang='lat' dir='ltr'>suem</span> <span class='ocrx_word' id='word_1_169' title='bbox 1177 1575 1362 1655; x_wconf 77' lang='lat' dir='ltr'>reperatur</span> <span class='ocrx_word' id='word_1_170' title='bbox 1376 1574 1522 1655; x_wconf 81' lang='lat' dir='ltr'>perfidia3</span> <span class='ocrx_word' id='word_1_171' title='bbox 1542 1574 1626 1653; x_wconf 91' lang='lat' dir='ltr'>quod</span> <span class='ocrx_word' id='word_1_172' title='bbox 1641 1573 1697 1633; x_wconf 87' lang='lat' dir='ltr'>Dei</span> <span class='ocrx_word' id='word_1_173' title='bbox 1709 1571 1886 1631; x_wconf 81' lang='lat' dir='ltr'>bonitatem</span> <span class='ocrx_word' id='word_1_174' title='bbox 1897 1588 1941 1649; x_wconf 84' lang='lat' dir='ltr'>op</span> 
     </span>
     <span class='ocr_line' id='line_1_15' title="bbox 360 1662 1939 1748; baseline -0.001 -19"><span class='ocrx_word' id='word_1_175' title='bbox 360 1670 511 1730; x_wconf 85' lang='lat' dir='ltr'>exeratin</span> <span class='ocrx_word' id='word_1_176' title='bbox 524 1668 636 1743; x_wconf 88' lang='lat' dir='ltr'>electis,</span> <span class='ocrx_word' id='word_1_177' title='bbox 653 1668 708 1746; x_wconf 87' lang='lat' dir='ltr'>qui</span> <span class='ocrx_word' id='word_1_178' title='bbox 720 1667 836 1747; x_wconf 83' lang='lat' dir='ltr'>Spiritu</span> <span class='ocrx_word' id='word_1_179' title='bbox 844 1673 949 1728; x_wconf 89' lang='lat' dir='ltr'>sancto</span> <span class='ocrx_word' id='word_1_180' title='bbox 963 1673 1126 1746; x_wconf 87' lang='lat' dir='ltr'>reguntur,</span> <span class='ocrx_word' id='word_1_181' title='bbox 1177 1686 1316 1748; x_wconf 88' lang='lat' dir='ltr'>pugnare</span> <span class='ocrx_word' id='word_1_182' title='bbox 1339 1686 1375 1728; x_wconf 89' lang='lat' dir='ltr'>ao</span> <span class='ocrx_word' id='word_1_183' title='bbox 1402 1684 1527 1745; x_wconf 79' lang='lat' dir='ltr'>negare,</span> <span class='ocrx_word' id='word_1_184' title='bbox 1558 1683 1654 1745; x_wconf 70' lang='grc' dir='ltr'>ᾳιιοω</span> <span class='ocrx_word' id='word_1_185' title='bbox 1678 1662 1939 1742; x_wconf 74' lang='lat' dir='ltr'>omnipotentiam</span> 
     </span>
     <span class='ocr_line' id='line_1_16' title="bbox 360 1755 1942 1840; baseline -0.004 -19"><span class='ocrx_word' id='word_1_186' title='bbox 360 1762 414 1822; x_wconf 90' lang='lat' dir='ltr'>sed</span> <span class='ocrx_word' id='word_1_187' title='bbox 436 1761 529 1822; x_wconf 89' lang='lat' dir='ltr'>etiam</span> <span class='ocrx_word' id='word_1_188' title='bbox 553 1759 699 1840; x_wconf 91' lang='lat' dir='ltr'>reprobos</span> <span class='ocrx_word' id='word_1_189' title='bbox 726 1759 761 1819; x_wconf 90' lang='lat' dir='ltr'>in</span> <span class='ocrx_word' id='word_1_190' title='bbox 785 1760 968 1839; x_wconf 86' lang='lat' dir='ltr'>obsequium</span> <span class='ocrx_word' id='word_1_191' title='bbox 994 1764 1125 1839; x_wconf 67' lang='lat' dir='ltr'>cogat.»</span> <span class='ocrx_word' id='word_1_192' title='bbox 1178 1760 1278 1820; x_wconf 88' lang='lat' dir='ltr'>multo</span> <span class='ocrx_word' id='word_1_193' title='bbox 1305 1758 1556 1820; x_wconf 80' lang='lat' dir='ltr'>contumeliosius</span> <span class='ocrx_word' id='word_1_194' title='bbox 1581 1762 1628 1817; x_wconf 81' lang='lat' dir='ltr'>eat</span> <span class='ocrx_word' id='word_1_195' title='bbox 1652 1757 1727 1826; x_wconf 85' lang='lat' dir='ltr'>Deo,</span> <span class='ocrx_word' id='word_1_196' title='bbox 1758 1760 1792 1815; x_wconf 86' lang='lat' dir='ltr'>et</span> <span class='ocrx_word' id='word_1_197' title='bbox 1812 1755 1854 1815; x_wconf 89' lang='lat' dir='ltr'>ad</span> <span class='ocrx_word' id='word_1_198' title='bbox 1872 1772 1942 1814; x_wconf 74' lang='lat' dir='ltr'>conr</span> 
     </span>
     <span class='ocr_line' id='line_1_17' title="bbox 362 1846 1941 1935; baseline -0.006 -20"><span class='ocrx_word' id='word_1_199' title='bbox 362 1854 465 1935; x_wconf 82' lang='lat' dir='ltr'>Cupite</span> <span class='ocrx_word' id='word_1_200' title='bbox 477 1871 585 1914; x_wconf 91' lang='lat' dir='ltr'>rursus</span> <span class='ocrx_word' id='word_1_201' title='bbox 598 1856 708 1931; x_wconf 83' lang='lat' dir='ltr'>quarto</span> <span class='ocrx_word' id='word_1_202' title='bbox 722 1852 866 1930; x_wconf 84' lang='lat' dir='ltr'>antiquos</span> <span class='ocrx_word' id='word_1_203' title='bbox 881 1854 985 1912; x_wconf 88' lang='lat' dir='ltr'>Patres</span> <span class='ocrx_word' id='word_1_204' title='bbox 996 1852 1127 1927; x_wconf 81' lang='lat' dir='ltr'>vellicat,</span> <span class='ocrx_word' id='word_1_205' title='bbox 1179 1869 1308 1912; x_wconf 89' lang='lat' dir='ltr'>munem</span> <span class='ocrx_word' id='word_1_206' title='bbox 1330 1850 1511 1931; x_wconf 81' lang='lat' dir='ltr'>perniciem,</span> <span class='ocrx_word' id='word_1_207' title='bbox 1536 1854 1630 1929; x_wconf 91' lang='lat' dir='ltr'>atquc</span> <span class='ocrx_word' id='word_1_208' title='bbox 1654 1847 1694 1908; x_wconf 88' lang='lat' dir='ltr'>ad</span> <span class='ocrx_word' id='word_1_209' title='bbox 1711 1846 1941 1927; x_wconf 82' lang='lat' dir='ltr'>opprimendam</span> 
     </span>
     <span class='ocr_line' id='line_1_18' title="bbox 365 1939 1888 2024; baseline -0.003 -21"><span class='ocrx_word' id='word_1_210' title='bbox 365 1966 381 2003; x_wconf 83' lang='lat' dir='ltr'>o</span> <span class='ocrx_word' id='word_1_211' title='bbox 394 1946 448 2024; x_wconf 94' lang='lat' dir='ltr'>qui</span> <span class='ocrx_word' id='word_1_212' title='bbox 459 1944 631 2023; x_wconf 67' lang='lat' dir='ltr'>religiosius</span> <span class='ocrx_word' id='word_1_213' title='bbox 649 1944 806 2004; x_wconf 80' lang='lat' dir='ltr'>interdum</span> <span class='ocrx_word' id='word_1_214' title='bbox 820 1943 991 2023; x_wconf 83' lang='lat' dir='ltr'>simp&#39;a&#39;cem</span> <span class='ocrx_word' id='word_1_215' title='bbox 1004 1958 1129 2023; x_wconf 79' lang='lat' dir='ltr'>quoque</span> <span class='ocrx_word' id='word_1_216' title='bbox 1178 1944 1361 2023; x_wconf 75' lang='lat' dir='ltr'>religionem</span> <span class='ocrx_word' id='word_1_217' title='bbox 1375 1961 1502 2004; x_wconf 84' lang='lat' dir='ltr'>omnem</span> <span class='ocrx_word' id='word_1_218' title='bbox 1512 1962 1548 2004; x_wconf 85' lang='lat' dir='ltr'>ac</span> <span class='ocrx_word' id='word_1_219' title='bbox 1561 1942 1708 2022; x_wconf 89' lang='lat' dir='ltr'>pietatem</span> <span class='ocrx_word' id='word_1_220' title='bbox 1721 1939 1888 2000; x_wconf 81' lang='lat' dir='ltr'>valentius.</span> 
     </span>
    </p>

    <p class='ocr_par' dir='ltr' id='par_1_3' title="bbox 361 2034 2004 4690">
     <span class='ocr_line' id='line_1_19' title="bbox 361 2034 1939 2115; baseline -0.004 -19"><span class='ocrx_word' id='word_1_221' title='bbox 361 2037 498 2098; x_wconf 85' lang='lat' dir='ltr'>veritatis</span> <span class='ocrx_word' id='word_1_222' title='bbox 523 2035 746 2097; x_wconf 86' lang='lat' dir='ltr'>confessionem</span> <span class='ocrx_word' id='word_1_223' title='bbox 778 2037 811 2097; x_wconf 89' lang='lat' dir='ltr'>.·&#39;n</span> <span class='ocrx_word' id='word_1_224' title='bbox 838 2036 896 2096; x_wconf 87' lang='lat' dir='ltr'>buc</span> <span class='ocrx_word' id='word_1_225' title='bbox 923 2041 1010 2115; x_wconf 90' lang='lat' dir='ltr'>parte</span> <span class='ocrx_word' id='word_1_226' title='bbox 1037 2036 1131 2096; x_wconf 84' lang='lat' dir='ltr'>reior-</span> <span class='ocrx_word' id='word_1_227' title='bbox 1219 2036 1298 2097; x_wconf 85' lang='lat' dir='ltr'>VIII.</span> <span class='ocrx_word' id='word_1_228' title='bbox 1321 2035 1519 2115; x_wconf 71' lang='lat' dir='ltr'>seprofecto,</span> <span class='ocrx_word' id='word_1_229' title='bbox 1535 2034 1618 2114; x_wconf 90' lang='lat' dir='ltr'>quod</span> <span class='ocrx_word' id='word_1_230' title='bbox 1627 2050 1721 2093; x_wconf 92' lang='lat' dir='ltr'>nemo</span> <span class='ocrx_word' id='word_1_231' title='bbox 1732 2036 1939 2105; x_wconf 80' lang='lat' dir='ltr'>veterrimum,</span> 
     </span>
     <span class='ocr_line' id='line_1_20' title="bbox 361 2123 1941 2208; baseline -0.004 -18"><span class='ocrx_word' id='word_1_232' title='bbox 361 2128 581 2208; x_wconf 84' lang='lat' dir='ltr'>midant,quod</span> <span class='ocrx_word' id='word_1_233' title='bbox 591 2133 795 2203; x_wconf 83' lang='lat' dir='ltr'>verent1u,ne</span> <span class='ocrx_word' id='word_1_234' title='bbox 805 2128 956 2207; x_wconf 83' lang='lat' dir='ltr'>impietati</span> <span class='ocrx_word' id='word_1_235' title='bbox 964 2127 1130 2188; x_wconf 78' lang='lat' dir='ltr'>fenestram</span> <span class='ocrx_word' id='word_1_236' title='bbox 1179 2147 1214 2190; x_wconf 87' lang='lat' dir='ltr'>ac</span> <span class='ocrx_word' id='word_1_237' title='bbox 1226 2128 1357 2190; x_wconf 76' lang='lat' dir='ltr'>lectione</span> <span class='ocrx_word' id='word_1_238' title='bbox 1374 2128 1464 2188; x_wconf 57' lang='lat' dir='ltr'>tritus</span> <span class='ocrx_word' id='word_1_239' title='bbox 1476 2128 1610 2206; x_wconf 86' lang='lat' dir='ltr'>ignorat,</span> <span class='ocrx_word' id='word_1_240' title='bbox 1631 2124 1710 2185; x_wconf 88' lang='lat' dir='ltr'>nibil</span> <span class='ocrx_word' id='word_1_241' title='bbox 1723 2125 1805 2185; x_wconf 89' lang='lat' dir='ltr'>adeo</span> <span class='ocrx_word' id='word_1_242' title='bbox 1819 2123 1941 2203; x_wconf 79' lang='lat' dir='ltr'>profanis</span> 
     </span>
     <span class='ocr_line' id='line_1_21' title="bbox 361 2216 1939 2301; baseline 0 -20"><span class='ocrx_word' id='word_1_243' title='bbox 361 2221 400 2281; x_wconf 92' lang='lat' dir='ltr'>de</span> <span class='ocrx_word' id='word_1_244' title='bbox 413 2221 558 2301; x_wconf 85' lang='lat' dir='ltr'>operibus</span> <span class='ocrx_word' id='word_1_245' title='bbox 572 2220 626 2280; x_wconf 87' lang='lat' dir='ltr'>Dei</span> <span class='ocrx_word' id='word_1_246' title='bbox 638 2221 844 2281; x_wconf 87' lang='lat' dir='ltr'>irreverenter</span> <span class='ocrx_word' id='word_1_247' title='bbox 857 2220 1046 2298; x_wconf 84' lang='lat' dir='ltr'>obloquendi</span> <span class='ocrx_word' id='word_1_248' title='bbox 1057 2237 1130 2299; x_wconf 89' lang='lat' dir='ltr'>epe·</span> <span class='ocrx_word' id='word_1_249' title='bbox 1175 2221 1275 2300; x_wconf 85' lang='lat' dir='ltr'>juxta,</span> <span class='ocrx_word' id='word_1_250' title='bbox 1288 2226 1381 2299; x_wconf 90' lang='lat' dir='ltr'>atque</span> <span class='ocrx_word' id='word_1_251' title='bbox 1401 2220 1493 2280; x_wconf 82' lang='lat' dir='ltr'>sacris</span> <span class='ocrx_word' id='word_1_252' title='bbox 1509 2219 1659 2279; x_wconf 89' lang='lat' dir='ltr'>usitatum</span> <span class='ocrx_word' id='word_1_253' title='bbox 1680 2216 1881 2296; x_wconf 85' lang='lat' dir='ltr'>scriptoribus</span> <span class='ocrx_word' id='word_1_254' title='bbox 1892 2222 1939 2281; x_wconf 84' lang='lat' dir='ltr'>est.</span> 
     </span>
     <span class='ocr_line' id='line_1_22' title="bbox 362 2308 1940 2392; baseline -0.003 -20"><span class='ocrx_word' id='word_1_255' title='bbox 362 2313 453 2373; x_wconf 84' lang='lat' dir='ltr'>rient.</span> <span class='ocrx_word' id='word_1_256' title='bbox 470 2314 568 2385; x_wconf 85' lang='lat' dir='ltr'>Quam</span> <span class='ocrx_word' id='word_1_257' title='bbox 581 2312 778 2373; x_wconf 87' lang='lat' dir='ltr'>sobrietatem</span> <span class='ocrx_word' id='word_1_258' title='bbox 792 2318 828 2371; x_wconf 94' lang='lat' dir='ltr'>ut</span> <span class='ocrx_word' id='word_1_259' title='bbox 841 2311 1012 2387; x_wconf 69' lang='lat' dir='ltr'>exosculor,</span> <span class='ocrx_word' id='word_1_260' title='bbox 1024 2312 1067 2371; x_wconf 84' lang='lat' dir='ltr'>ita</span> <span class='ocrx_word' id='word_1_261' title='bbox 1075 2313 1132 2371; x_wconf 90' lang='lat' dir='ltr'>ml·</span> <span class='ocrx_word' id='word_1_262' title='bbox 1180 2330 1276 2392; x_wconf 86' lang='lat' dir='ltr'>quam</span> <span class='ocrx_word' id='word_1_263' title='bbox 1289 2312 1364 2372; x_wconf 82' lang='lat' dir='ltr'>mali</span> <span class='ocrx_word' id='word_1_264' title='bbox 1375 2317 1533 2371; x_wconf 85' lang='lat' dir='ltr'>auctorem</span> <span class='ocrx_word' id='word_1_265' title='bbox 1546 2330 1612 2371; x_wconf 91' lang='lat' dir='ltr'>non</span> <span class='ocrx_word' id='word_1_266' title='bbox 1623 2328 1688 2370; x_wconf 88' lang='lat' dir='ltr'>esse</span> <span class='ocrx_word' id='word_1_267' title='bbox 1707 2311 1824 2385; x_wconf 87' lang='lat' dir='ltr'>Deum,</span> <span class='ocrx_word' id='word_1_268' title='bbox 1839 2308 1893 2368; x_wconf 86' lang='lat' dir='ltr'>hoe</span> <span class='ocrx_word' id='word_1_269' title='bbox 1903 2312 1940 2367; x_wconf 78' lang='lat' dir='ltr'>est</span> 
     </span>
     <span class='ocr_line' id='line_1_23' title="bbox 362 2400 1941 2484; baseline -0.004 -19"><span class='ocrx_word' id='word_1_270' title='bbox 362 2404 447 2465; x_wconf 91' lang='lat' dir='ltr'>nime</span> <span class='ocrx_word' id='word_1_271' title='bbox 470 2404 676 2484; x_wconf 83' lang='lat' dir='ltr'>periculosum</span> <span class='ocrx_word' id='word_1_272' title='bbox 695 2404 811 2481; x_wconf 71' lang='lat' dir='ltr'>jutbco,</span> <span class='ocrx_word' id='word_1_273' title='bbox 840 2402 867 2462; x_wconf 91' lang='lat' dir='ltr'>si</span> <span class='ocrx_word' id='word_1_274' title='bbox 889 2402 1069 2481; x_wconf 79' lang='lat' dir='ltr'>simpliciter</span> <span class='ocrx_word' id='word_1_275' title='bbox 1088 2407 1133 2464; x_wconf 89' lang='lat' dir='ltr'>te·</span> <span class='ocrx_word' id='word_1_276' title='bbox 1180 2404 1365 2465; x_wconf 82' lang='lat' dir='ltr'>efficientem</span> <span class='ocrx_word' id='word_1_277' title='bbox 1379 2422 1503 2464; x_wconf 91' lang='lat' dir='ltr'>causam</span> <span class='ocrx_word' id='word_1_278' title='bbox 1516 2403 1570 2464; x_wconf 76' lang='lat' dir='ltr'>isso</span> <span class='ocrx_word' id='word_1_279' title='bbox 1579 2403 1684 2476; x_wconf 91' lang='lat' dir='ltr'>modo,</span> <span class='ocrx_word' id='word_1_280' title='bbox 1701 2419 1800 2480; x_wconf 74' lang='lat' dir='ltr'>quiem</span> <span class='ocrx_word' id='word_1_281' title='bbox 1812 2400 1941 2461; x_wconf 69' lang='lat' dir='ltr'>erinm</span> 
     </span>
     <span class='ocr_line' id='line_1_24' title="bbox 362 2492 1938 2576; baseline -0.003 -21"><span class='ocrx_word' id='word_1_282' title='bbox 362 2513 492 2556; x_wconf 86' lang='lat' dir='ltr'>neamus</span> <span class='ocrx_word' id='word_1_283' title='bbox 500 2496 583 2573; x_wconf 91' lang='lat' dir='ltr'>quod</span> <span class='ocrx_word' id='word_1_284' title='bbox 593 2495 758 2573; x_wconf 70' lang='lat' dir='ltr'>Scripturas</span> <span class='ocrx_word' id='word_1_285' title='bbox 769 2494 927 2555; x_wconf 85' lang='lat' dir='ltr'>traditNe</span> <span class='ocrx_word' id='word_1_286' title='bbox 941 2495 1132 2573; x_wconf 56' lang='lat' dir='ltr'>Augustinus</span> <span class='ocrx_word' id='word_1_287' title='bbox 1180 2496 1246 2557; x_wconf 88' lang='lat' dir='ltr'>istis</span> <span class='ocrx_word' id='word_1_288' title='bbox 1265 2495 1347 2576; x_wconf 81' lang='lat' dir='ltr'>ipsis,</span> <span class='ocrx_word' id='word_1_289' title='bbox 1365 2512 1435 2574; x_wconf 68' lang='lat' dir='ltr'>quse</span> <span class='ocrx_word' id='word_1_290' title='bbox 1448 2514 1543 2575; x_wconf 90' lang='lat' dir='ltr'>supra</span> <span class='ocrx_word' id='word_1_291' title='bbox 1556 2494 1656 2575; x_wconf 86' lang='lat' dir='ltr'>posui,</span> <span class='ocrx_word' id='word_1_292' title='bbox 1672 2493 1777 2553; x_wconf 86' lang='lat' dir='ltr'>verbis</span> <span class='ocrx_word' id='word_1_293' title='bbox 1791 2492 1938 2572; x_wconf 54' lang='grc' dir='ltr'>προνοίη</span> 
     </span>
     <span class='ocr_line' id='line_1_25' title="bbox 362 2584 1937 2667; baseline -0.003 -19"><span class='ocrx_word' id='word_1_294' title='bbox 362 2588 489 2667; x_wconf 90' lang='lat' dir='ltr'>quidem</span> <span class='ocrx_word' id='word_1_295' title='bbox 513 2587 566 2647; x_wconf 90' lang='lat' dir='ltr'>illa</span> <span class='ocrx_word' id='word_1_296' title='bbox 592 2586 806 2665; x_wconf 83' lang='lat' dir='ltr'>superstitione</span> <span class='ocrx_word' id='word_1_297' title='bbox 833 2586 991 2647; x_wconf 89' lang='lat' dir='ltr'>interdum</span> <span class='ocrx_word' id='word_1_298' title='bbox 1013 2585 1132 2648; x_wconf 84' lang='lat' dir='ltr'>solutus</span> <span class='ocrx_word' id='word_1_299' title='bbox 1181 2589 1227 2649; x_wconf 92' lang='lat' dir='ltr'>uti</span> <span class='ocrx_word' id='word_1_300' title='bbox 1247 2587 1361 2649; x_wconf 84' lang='lat' dir='ltr'>scelera</span> <span class='ocrx_word' id='word_1_301' title='bbox 1378 2592 1563 2667; x_wconf 83' lang='lat' dir='ltr'>peccataque</span> <span class='ocrx_word' id='word_1_302' title='bbox 1578 2605 1642 2645; x_wconf 92' lang='lat' dir='ltr'>non</span> <span class='ocrx_word' id='word_1_303' title='bbox 1656 2584 1822 2665; x_wconf 86' lang='lat' dir='ltr'>permittat</span> <span class='ocrx_word' id='word_1_304' title='bbox 1841 2584 1937 2655; x_wconf 84' lang='lat' dir='ltr'>solum,</span> 
     </span>
     <span class='ocr_line' id='line_1_26' title="bbox 362 2674 1940 2760; baseline -0.004 -20"><span class='ocrx_word' id='word_1_305' title='bbox 362 2685 426 2740; x_wconf 88' lang='lat' dir='ltr'>est:</span> <span class='ocrx_word' id='word_1_306' title='bbox 442 2678 706 2757; x_wconf 87' lang='lat' dir='ltr'>quemadmodum</span> <span class='ocrx_word' id='word_1_307' title='bbox 726 2677 781 2737; x_wconf 91' lang='lat' dir='ltr'>ubi</span> <span class='ocrx_word' id='word_1_308' title='bbox 803 2676 876 2737; x_wconf 91' lang='lat' dir='ltr'>dicit</span> <span class='ocrx_word' id='word_1_309' title='bbox 888 2678 1129 2753; x_wconf 86' lang='lat' dir='ltr'>indurationem,</span> <span class='ocrx_word' id='word_1_310' title='bbox 1180 2680 1264 2760; x_wconf 90' lang='lat' dir='ltr'>quod</span> <span class='ocrx_word' id='word_1_311' title='bbox 1289 2680 1343 2740; x_wconf 76' lang='lat' dir='ltr'>ifle</span> <span class='ocrx_word' id='word_1_312' title='bbox 1363 2684 1513 2758; x_wconf 56' lang='lat' dir='ltr'>unquam</span> <span class='ocrx_word' id='word_1_313' title='bbox 1537 2678 1631 2738; x_wconf 86' lang='lat' dir='ltr'>nimis</span> <span class='ocrx_word' id='word_1_314' title='bbox 1658 2676 1797 2736; x_wconf 85' lang='lat' dir='ltr'>dilutum</span> <span class='ocrx_word' id='word_1_315' title='bbox 1825 2682 1855 2737; x_wconf 89' lang='lat' dir='ltr'>et</span> <span class='ocrx_word' id='word_1_316' title='bbox 1875 2674 1940 2735; x_wconf 82' lang='lat' dir='ltr'>exile</span> 
     </span>
     <span class='ocr_line' id='line_1_27' title="bbox 362 2768 1938 2853; baseline -0.001 -21"><span class='ocrx_word' id='word_1_317' title='bbox 362 2778 394 2832; x_wconf 91' lang='lat' dir='ltr'>et</span> <span class='ocrx_word' id='word_1_318' title='bbox 405 2771 640 2832; x_wconf 75' lang='lat' dir='ltr'>excecationem</span> <span class='ocrx_word' id='word_1_319' title='bbox 653 2787 718 2829; x_wconf 89' lang='lat' dir='ltr'>non</span> <span class='ocrx_word' id='word_1_320' title='bbox 727 2769 766 2829; x_wconf 93' lang='lat' dir='ltr'>ad</span> <span class='ocrx_word' id='word_1_321' title='bbox 775 2769 986 2848; x_wconf 88' lang='lat' dir='ltr'>operationem</span> <span class='ocrx_word' id='word_1_322' title='bbox 1001 2771 1066 2845; x_wconf 90' lang='lat' dir='ltr'>Dei,</span> <span class='ocrx_word' id='word_1_323' title='bbox 1079 2771 1131 2831; x_wconf 89' lang='lat' dir='ltr'>sed</span> <span class='ocrx_word' id='word_1_324' title='bbox 1180 2771 1306 2853; x_wconf 88' lang='lat' dir='ltr'>respuit,</span> <span class='ocrx_word' id='word_1_325' title='bbox 1323 2772 1377 2832; x_wconf 89' lang='lat' dir='ltr'>sed</span> <span class='ocrx_word' id='word_1_326' title='bbox 1395 2772 1435 2832; x_wconf 89' lang='lat' dir='ltr'>ad</span> <span class='ocrx_word' id='word_1_327' title='bbox 1449 2789 1484 2830; x_wconf 87' lang='lat' dir='ltr'>ea</span> <span class='ocrx_word' id='word_1_328' title='bbox 1508 2788 1635 2850; x_wconf 79' lang='lat' dir='ltr'>pror-nas</span> <span class='ocrx_word' id='word_1_329' title='bbox 1651 2768 1805 2848; x_wconf 85' lang='lat' dir='ltr'>impellat,</span> <span class='ocrx_word' id='word_1_330' title='bbox 1822 2773 1938 2831; x_wconf 79' lang='lat' dir='ltr'>moreat</span> 
     </span>
     <span class='ocr_line' id='line_1_28' title="bbox 362 2861 2004 2943; baseline -0.002 -19"><span class='ocrx_word' id='word_1_331' title='bbox 362 2864 402 2924; x_wconf 86' lang='lat' dir='ltr'>ad</span> <span class='ocrx_word' id='word_1_332' title='bbox 423 2863 648 2943; x_wconf 75' lang='lat' dir='ltr'>prescientiam</span> <span class='ocrx_word' id='word_1_333' title='bbox 670 2866 816 2940; x_wconf 88' lang='lat' dir='ltr'>spectare.</span> <span class='ocrx_word' id='word_1_334' title='bbox 837 2882 852 2918; x_wconf 82' lang='lat' dir='ltr'>o</span> <span class='ocrx_word' id='word_1_335' title='bbox 877 2863 920 2922; x_wconf 87' lang='grc' dir='ltr'>Αο</span> <span class='ocrx_word' id='word_1_336' title='bbox 940 2862 1067 2922; x_wconf 90' lang='lat' dir='ltr'>demum</span> <span class='ocrx_word' id='word_1_337' title='bbox 1088 2862 1133 2922; x_wconf 88' lang='lat' dir='ltr'>ita</span> <span class='ocrx_word' id='word_1_338' title='bbox 1181 2868 1212 2923; x_wconf 82' lang='lat' dir='ltr'>et</span> <span class='ocrx_word' id='word_1_339' title='bbox 1226 2864 1352 2939; x_wconf 80' lang='lat' dir='ltr'>excitet3</span> <span class='ocrx_word' id='word_1_340' title='bbox 1364 2882 1400 2923; x_wconf 88' lang='lat' dir='ltr'>ec</span> <span class='ocrx_word' id='word_1_341' title='bbox 1412 2862 1497 2923; x_wconf 82' lang='lat' dir='ltr'>velut</span> <span class='ocrx_word' id='word_1_342' title='bbox 1510 2861 1623 2922; x_wconf 86' lang='lat' dir='ltr'>invitos</span> <span class='ocrx_word' id='word_1_343' title='bbox 1636 2878 1694 2939; x_wconf 80' lang='lat' dir='ltr'>pro</span> <span class='ocrx_word' id='word_1_344' title='bbox 1708 2864 1862 2940; x_wconf 89' lang='lat' dir='ltr'>potestate</span> <span class='ocrx_word' id='word_1_345' title='bbox 1872 2877 1941 2921; x_wconf 88' lang='lat' dir='ltr'>oom-</span> <span class='ocrx_word' id='word_1_346' title='bbox 2003 2864 2004 2873; x_wconf 75' lang='grc'>’</span> 
     </span>
     <span class='ocr_line' id='line_1_29' title="bbox 362 2950 1938 3035; baseline 0.001 -20"><span class='ocrx_word' id='word_1_347' title='bbox 362 2956 511 3035; x_wconf 89' lang='lat' dir='ltr'>loquitur,</span> <span class='ocrx_word' id='word_1_348' title='bbox 532 2977 547 3013; x_wconf 82' lang='lat' dir='ltr'>o</span> <span class='ocrx_word' id='word_1_349' title='bbox 569 2954 653 3033; x_wconf 91' lang='lat' dir='ltr'>quod</span> <span class='ocrx_word' id='word_1_350' title='bbox 675 2954 715 3013; x_wconf 89' lang='lat' dir='ltr'>ad</span> <span class='ocrx_word' id='word_1_351' title='bbox 738 2953 918 3032; x_wconf 82' lang='lat' dir='ltr'>exequenda</span> <span class='ocrx_word' id='word_1_352' title='bbox 938 2972 993 3014; x_wconf 89' lang='lat' dir='ltr'>sua</span> <span class='ocrx_word' id='word_1_353' title='bbox 1015 2953 1133 3032; x_wconf 81' lang='lat' dir='ltr'>judicia</span> <span class='ocrx_word' id='word_1_354' title='bbox 1181 2954 1284 3035; x_wconf 78' lang='lat' dir='ltr'>pellat.</span> <span class='ocrx_word' id='word_1_355' title='bbox 1297 2956 1372 3029; x_wconf 88' lang='lat' dir='ltr'>Hoc,</span> <span class='ocrx_word' id='word_1_356' title='bbox 1384 2956 1524 3032; x_wconf 89' lang='lat' dir='ltr'>inquam,</span> <span class='ocrx_word' id='word_1_357' title='bbox 1536 2953 1618 3032; x_wconf 91' lang='lat' dir='ltr'>quod</span> <span class='ocrx_word' id='word_1_358' title='bbox 1633 2950 1683 3012; x_wconf 82' lang='lat' dir='ltr'>vel</span> <span class='ocrx_word' id='word_1_359' title='bbox 1692 2952 1779 3012; x_wconf 87' lang='lat' dir='ltr'>dictu</span> <span class='ocrx_word' id='word_1_360' title='bbox 1789 2951 1938 3017; x_wconf 79' lang='lat' dir='ltr'>nefarium.</span> 
     </span>
     <span class='ocr_line' id='line_1_30' title="bbox 362 3042 1940 3127; baseline -0.004 -18"><span class='ocrx_word' id='word_1_361' title='bbox 362 3067 418 3127; x_wconf 88' lang='lat' dir='ltr'>per</span> <span class='ocrx_word' id='word_1_362' title='bbox 443 3047 622 3109; x_wconf 89' lang='lat' dir='ltr'>ministrum</span> <span class='ocrx_word' id='word_1_363' title='bbox 647 3046 701 3105; x_wconf 88' lang='lat' dir='ltr'>irae</span> <span class='ocrx_word' id='word_1_364' title='bbox 730 3063 794 3105; x_wconf 83' lang='lat' dir='ltr'>sure</span> <span class='ocrx_word' id='word_1_365' title='bbox 823 3046 980 3121; x_wconf 81' lang='lat' dir='ltr'>Salariam,</span> <span class='ocrx_word' id='word_1_366' title='bbox 1006 3045 1131 3106; x_wconf 87' lang='lat' dir='ltr'>consiliu</span> <span class='ocrx_word' id='word_1_367' title='bbox 1181 3053 1212 3107; x_wconf 93' lang='lat' dir='ltr'>et</span> <span class='ocrx_word' id='word_1_368' title='bbox 1238 3047 1481 3107; x_wconf 86' lang='lat' dir='ltr'>abominandum</span> <span class='ocrx_word' id='word_1_369' title='bbox 1508 3063 1573 3106; x_wconf 87' lang='lat' dir='ltr'>esse</span> <span class='ocrx_word' id='word_1_370' title='bbox 1599 3044 1739 3105; x_wconf 90' lang='lat' dir='ltr'>sentiunt</span> <span class='ocrx_word' id='word_1_371' title='bbox 1766 3042 1940 3116; x_wconf 61' lang='lat' dir='ltr'>omnesne</span> 
     </span>
     <span class='ocr_line' id='line_1_31' title="bbox 363 3135 1940 3218; baseline -0.004 -17"><span class='ocrx_word' id='word_1_372' title='bbox 363 3158 473 3201; x_wconf 89' lang='lat' dir='ltr'>eorum</span> <span class='ocrx_word' id='word_1_373' title='bbox 496 3139 628 3200; x_wconf 67' lang='lat' dir='ltr'>dmdnet</span> <span class='ocrx_word' id='word_1_374' title='bbox 650 3154 712 3216; x_wconf 92' lang='lat' dir='ltr'>quo</span> <span class='ocrx_word' id='word_1_375' title='bbox 726 3137 827 3197; x_wconf 85' lang='lat' dir='ltr'>visum</span> <span class='ocrx_word' id='word_1_376' title='bbox 841 3142 897 3211; x_wconf 88' lang='lat' dir='ltr'>est,</span> <span class='ocrx_word' id='word_1_377' title='bbox 913 3144 945 3197; x_wconf 88' lang='lat' dir='ltr'>et</span> <span class='ocrx_word' id='word_1_378' title='bbox 958 3137 1132 3198; x_wconf 87' lang='lat' dir='ltr'>voluntates</span> <span class='ocrx_word' id='word_1_379' title='bbox 1181 3139 1293 3218; x_wconf 78' lang='lat' dir='ltr'>quihus</span> <span class='ocrx_word' id='word_1_380' title='bbox 1316 3138 1492 3199; x_wconf 87' lang='lat' dir='ltr'>eommunis</span> <span class='ocrx_word' id='word_1_381' title='bbox 1510 3154 1619 3198; x_wconf 88' lang='lat' dir='ltr'>sensus</span> <span class='ocrx_word' id='word_1_382' title='bbox 1640 3136 1810 3217; x_wconf 80' lang='lat' dir='ltr'>vestigium</span> <span class='ocrx_word' id='word_1_383' title='bbox 1832 3135 1940 3215; x_wconf 82' lang='lat' dir='ltr'>aliquod</span> 
     </span>
     <span class='ocr_line' id='line_1_32' title="bbox 363 3226 1940 3310; baseline -0.003 -18"><span class='ocrx_word' id='word_1_384' title='bbox 363 3232 485 3306; x_wconf 82' lang='lat' dir='ltr'>excitat,</span> <span class='ocrx_word' id='word_1_385' title='bbox 501 3236 532 3291; x_wconf 92' lang='lat' dir='ltr'>et</span> <span class='ocrx_word' id='word_1_386' title='bbox 545 3234 673 3290; x_wconf 87' lang='lat' dir='ltr'>conatus</span> <span class='ocrx_word' id='word_1_387' title='bbox 699 3228 813 3289; x_wconf 88' lang='lat' dir='ltr'>firmat.</span> <span class='ocrx_word' id='word_1_388' title='bbox 835 3250 850 3285; x_wconf 83' lang='grc' dir='ltr'>ο</span> <span class='ocrx_word' id='word_1_389' title='bbox 868 3229 960 3289; x_wconf 88' lang='lat' dir='ltr'>Plura</span> <span class='ocrx_word' id='word_1_390' title='bbox 982 3234 1055 3288; x_wconf 88' lang='lat' dir='ltr'>sunt</span> <span class='ocrx_word' id='word_1_391' title='bbox 1072 3229 1133 3290; x_wconf 91' lang='lat' dir='ltr'>alia</span> <span class='ocrx_word' id='word_1_392' title='bbox 1180 3235 1329 3310; x_wconf 76' lang='lat' dir='ltr'>superest,</span> <span class='ocrx_word' id='word_1_393' title='bbox 1340 3230 1470 3309; x_wconf 76' lang='lat' dir='ltr'>gentles</span> <span class='ocrx_word' id='word_1_394' title='bbox 1482 3226 1696 3308; x_wconf 77' lang='lat' dir='ltr'>plerique,qui</span> <span class='ocrx_word' id='word_1_395' title='bbox 1706 3227 1940 3309; x_wconf 86' lang='lat' dir='ltr'>pauloinstudio</span> 
     </span>
     <span class='ocr_line' id='line_1_33' title="bbox 363 3319 1941 3402; baseline -0.003 -18"><span class='ocrx_word' id='word_1_396' title='bbox 363 3322 540 3383; x_wconf 87' lang='lat' dir='ltr'>detestanda</span> <span class='ocrx_word' id='word_1_397' title='bbox 549 3327 580 3381; x_wconf 90' lang='lat' dir='ltr'>et</span> <span class='ocrx_word' id='word_1_398' title='bbox 588 3320 796 3381; x_wconf 88' lang='lat' dir='ltr'>abominanda</span> <span class='ocrx_word' id='word_1_399' title='bbox 804 3319 884 3380; x_wconf 86' lang='lat' dir='ltr'>dieta</span> <span class='ocrx_word' id='word_1_400' title='bbox 893 3320 1002 3381; x_wconf 79' lang='lat' dir='ltr'>nefarii</span> <span class='ocrx_word' id='word_1_401' title='bbox 1011 3321 1130 3399; x_wconf 86' lang='lat' dir='ltr'>eapitis,</span> <span class='ocrx_word' id='word_1_402' title='bbox 1181 3322 1338 3402; x_wconf 72' lang='lat' dir='ltr'>sapientise</span> <span class='ocrx_word' id='word_1_403' title='bbox 1353 3320 1507 3382; x_wconf 89' lang='lat' dir='ltr'>liberalius</span> <span class='ocrx_word' id='word_1_404' title='bbox 1520 3320 1633 3381; x_wconf 80' lang='lat' dir='ltr'>versati</span> <span class='ocrx_word' id='word_1_405' title='bbox 1648 3326 1732 3394; x_wconf 90' lang='lat' dir='ltr'>sunt,</span> <span class='ocrx_word' id='word_1_406' title='bbox 1749 3339 1817 3381; x_wconf 91' lang='lat' dir='ltr'>non</span> <span class='ocrx_word' id='word_1_407' title='bbox 1828 3319 1941 3381; x_wconf 81' lang='lat' dir='ltr'>obscure</span> 
     </span>
     <span class='ocr_line' id='line_1_34' title="bbox 363 3408 1940 3493; baseline 0.001 -21"><span class='ocrx_word' id='word_1_408' title='bbox 363 3413 581 3492; x_wconf 81' lang='lat' dir='ltr'>queealiumin</span> <span class='ocrx_word' id='word_1_409' title='bbox 594 3411 698 3473; x_wconf 91' lang='lat' dir='ltr'>locum</span> <span class='ocrx_word' id='word_1_410' title='bbox 708 3428 916 3488; x_wconf 78' lang='lat' dir='ltr'>reservamus3</span> <span class='ocrx_word' id='word_1_411' title='bbox 932 3411 965 3471; x_wconf 94' lang='lat' dir='ltr'>in</span> <span class='ocrx_word' id='word_1_412' title='bbox 975 3431 1037 3491; x_wconf 91' lang='lat' dir='ltr'>quo</span> <span class='ocrx_word' id='word_1_413' title='bbox 1050 3412 1133 3473; x_wconf 86' lang='lat' dir='ltr'>vide·</span> <span class='ocrx_word' id='word_1_414' title='bbox 1180 3415 1389 3489; x_wconf 88' lang='lat' dir='ltr'>tradiderunt,</span> <span class='ocrx_word' id='word_1_415' title='bbox 1409 3412 1554 3493; x_wconf 84' lang='lat' dir='ltr'>equibus</span> <span class='ocrx_word' id='word_1_416' title='bbox 1571 3412 1604 3473; x_wconf 91' lang='lat' dir='ltr'>in</span> <span class='ocrx_word' id='word_1_417' title='bbox 1621 3413 1693 3488; x_wconf 85' lang='lat' dir='ltr'>boa,</span> <span class='ocrx_word' id='word_1_418' title='bbox 1715 3418 1747 3473; x_wconf 91' lang='lat' dir='ltr'>et</span> <span class='ocrx_word' id='word_1_419' title='bbox 1764 3408 1940 3473; x_wconf 83' lang='lat' dir='ltr'>antecedenti</span> 
     </span>
     <span class='ocr_line' id='line_1_35' title="bbox 363 3503 1938 3585; baseline -0.003 -19"><span class='ocrx_word' id='word_1_420' title='bbox 363 3506 434 3566; x_wconf 87' lang='lat' dir='ltr'>licet</span> <span class='ocrx_word' id='word_1_421' title='bbox 454 3506 599 3566; x_wconf 84' lang='lat' dir='ltr'>adversus</span> <span class='ocrx_word' id='word_1_422' title='bbox 621 3505 680 3564; x_wconf 91' lang='lat' dir='ltr'>hoe</span> <span class='ocrx_word' id='word_1_423' title='bbox 699 3509 879 3582; x_wconf 91' lang='lat' dir='ltr'>portentum</span> <span class='ocrx_word' id='word_1_424' title='bbox 902 3503 975 3565; x_wconf 89' lang='lat' dir='ltr'>totis</span> <span class='ocrx_word' id='word_1_425' title='bbox 996 3504 1068 3564; x_wconf 82' lang='lat' dir='ltr'>fidei</span> <span class='ocrx_word' id='word_1_426' title='bbox 1094 3504 1135 3564; x_wconf 86' lang='lat' dir='ltr'>vi·</span> <span class='ocrx_word' id='word_1_427' title='bbox 1181 3507 1279 3585; x_wconf 86' lang='lat' dir='ltr'>eapite</span> <span class='ocrx_word' id='word_1_428' title='bbox 1302 3523 1416 3584; x_wconf 76' lang='lat' dir='ltr'>paitcos</span> <span class='ocrx_word' id='word_1_429' title='bbox 1438 3505 1609 3566; x_wconf 83' lang='lat' dir='ltr'>citavimus.</span> <span class='ocrx_word' id='word_1_430' title='bbox 1635 3505 1726 3565; x_wconf 87' lang='lat' dir='ltr'>Nune</span> <span class='ocrx_word' id='word_1_431' title='bbox 1743 3503 1825 3565; x_wconf 91' lang='lat' dir='ltr'>illud</span> <span class='ocrx_word' id='word_1_432' title='bbox 1846 3503 1938 3581; x_wconf 69' lang='lat' dir='ltr'>adjus</span> 
     </span>
     <span class='ocr_line' id='line_1_36' title="bbox 363 3592 1939 3677; baseline -0.003 -19"><span class='ocrx_word' id='word_1_433' title='bbox 363 3598 459 3673; x_wconf 87' lang='lat' dir='ltr'>ribus,</span> <span class='ocrx_word' id='word_1_434' title='bbox 471 3616 506 3658; x_wconf 87' lang='lat' dir='ltr'>ac</span> <span class='ocrx_word' id='word_1_435' title='bbox 516 3597 608 3676; x_wconf 88' lang='lat' dir='ltr'>pleno</span> <span class='ocrx_word' id='word_1_436' title='bbox 618 3613 782 3674; x_wconf 89' lang='lat' dir='ltr'>congressu</span> <span class='ocrx_word' id='word_1_437' title='bbox 791 3596 1017 3656; x_wconf 86' lang='lat' dir='ltr'>decertabimus</span> <span class='ocrx_word' id='word_1_438' title='bbox 1030 3614 1036 3655; x_wconf 76' lang='grc' dir='ltr'><strong><em>ε</em></strong></span> <span class='ocrx_word' id='word_1_439' title='bbox 1049 3597 1132 3674; x_wconf 91' lang='lat' dir='ltr'>quod</span> <span class='ocrx_word' id='word_1_440' title='bbox 1181 3616 1291 3677; x_wconf 87' lang='lat' dir='ltr'>gemus</span> <span class='ocrx_word' id='word_1_441' title='bbox 1306 3597 1439 3659; x_wconf 89' lang='lat' dir='ltr'>Platonis</span> <span class='ocrx_word' id='word_1_442' title='bbox 1457 3597 1491 3658; x_wconf 90' lang='lat' dir='ltr'>in</span> <span class='ocrx_word' id='word_1_443' title='bbox 1505 3597 1638 3658; x_wconf 76' lang='lat' dir='ltr'>secumdo</span> <span class='ocrx_word' id='word_1_444' title='bbox 1656 3595 1693 3657; x_wconf 84' lang='lat' dir='ltr'>de</span> <span class='ocrx_word' id='word_1_445' title='bbox 1704 3594 1880 3677; x_wconf 78' lang='lat' dir='ltr'>Republica,</span> <span class='ocrx_word' id='word_1_446' title='bbox 1895 3592 1939 3654; x_wconf 87' lang='lat' dir='ltr'>obi</span> 
     </span>
     <span class='ocr_line' id='line_1_37' title="bbox 363 3686 2003 3769; baseline -0.002 -18"><span class='ocrx_word' id='word_1_447' title='bbox 363 3691 477 3769; x_wconf 89' lang='lat' dir='ltr'>partim</span> <span class='ocrx_word' id='word_1_448' title='bbox 490 3689 523 3749; x_wconf 94' lang='lat' dir='ltr'>in</span> <span class='ocrx_word' id='word_1_449' title='bbox 537 3689 616 3749; x_wconf 87' lang='lat' dir='ltr'>libro</span> <span class='ocrx_word' id='word_1_450' title='bbox 637 3686 672 3748; x_wconf 85' lang='lat' dir='ltr'>de</span> <span class='ocrx_word' id='word_1_451' title='bbox 690 3686 955 3749; x_wconf 79' lang='lat' dir='ltr'>Proedesu&#39;aotr&#39;one</span> <span class='ocrx_word' id='word_1_452' title='bbox 979 3708 1014 3750; x_wconf 84' lang='lat' dir='ltr'>ue</span> <span class='ocrx_word' id='word_1_453' title='bbox 1030 3708 1131 3769; x_wconf 74' lang='lat' dir='ltr'>repro</span> <span class='ocrx_word' id='word_1_454' title='bbox 1181 3690 1301 3769; x_wconf 86' lang='lat' dir='ltr'>copiose</span> <span class='ocrx_word' id='word_1_455' title='bbox 1314 3690 1399 3750; x_wconf 88' lang='lat' dir='ltr'>hune</span> <span class='ocrx_word' id='word_1_456' title='bbox 1411 3688 1515 3749; x_wconf 90' lang='lat' dir='ltr'>locum</span> <span class='ocrx_word' id='word_1_457' title='bbox 1536 3692 1677 3761; x_wconf 79' lang='lat' dir='ltr'>exornat,</span> <span class='ocrx_word' id='word_1_458' title='bbox 1697 3708 1734 3748; x_wconf 84' lang='lat' dir='ltr'>ac</span> <span class='ocrx_word' id='word_1_459' title='bbox 1748 3706 1825 3748; x_wconf 87' lang='lat' dir='ltr'>enm</span> <span class='ocrx_word' id='word_1_460' title='bbox 1838 3688 1938 3748; x_wconf 87' lang='lat' dir='ltr'>bonum</span> <span class='ocrx_word' id='word_1_461' title='bbox 2002 3744 2003 3761; x_wconf 62' lang='lat'>,</span> 
     </span>
     <span class='ocr_line' id='line_1_38' title="bbox 364 3778 1938 3859; baseline -0.001 -18"><span class='ocrx_word' id='word_1_462' title='bbox 364 3780 486 3857; x_wconf 79' lang='lat' dir='ltr'>datione,</span> <span class='ocrx_word' id='word_1_463' title='bbox 511 3782 624 3859; x_wconf 85' lang='lat' dir='ltr'>partim</span> <span class='ocrx_word' id='word_1_464' title='bbox 638 3797 709 3840; x_wconf 90' lang='lat' dir='ltr'>eum</span> <span class='ocrx_word' id='word_1_465' title='bbox 728 3779 766 3839; x_wconf 90' lang='lat' dir='ltr'>de</span> <span class='ocrx_word' id='word_1_466' title='bbox 783 3780 913 3859; x_wconf 87' lang='lat' dir='ltr'>peccatis</span> <span class='ocrx_word' id='word_1_467' title='bbox 927 3785 1047 3859; x_wconf 85' lang='lat' dir='ltr'>agetur,</span> <span class='ocrx_word' id='word_1_468' title='bbox 1065 3780 1131 3840; x_wconf 86' lang='lat' dir='ltr'>effi·</span> <span class='ocrx_word' id='word_1_469' title='bbox 1180 3782 1223 3842; x_wconf 88' lang='lat' dir='ltr'>ita</span> <span class='ocrx_word' id='word_1_470' title='bbox 1245 3784 1345 3843; x_wconf 87' lang='lat' dir='ltr'>Deum</span> <span class='ocrx_word' id='word_1_471' title='bbox 1364 3800 1440 3857; x_wconf 88' lang='lat' dir='ltr'>esse,</span> <span class='ocrx_word' id='word_1_472' title='bbox 1465 3786 1501 3840; x_wconf 93' lang='lat' dir='ltr'>ut</span> <span class='ocrx_word' id='word_1_473' title='bbox 1522 3781 1598 3840; x_wconf 91' lang='lat' dir='ltr'>mali</span> <span class='ocrx_word' id='word_1_474' title='bbox 1620 3785 1730 3841; x_wconf 83' lang='lat' dir='ltr'>auctor</span> <span class='ocrx_word' id='word_1_475' title='bbox 1746 3798 1814 3840; x_wconf 90' lang='lat' dir='ltr'>non</span> <span class='ocrx_word' id='word_1_476' title='bbox 1836 3781 1882 3853; x_wconf 80' lang='lat' dir='ltr'>sit,</span> <span class='ocrx_word' id='word_1_477' title='bbox 1902 3778 1938 3838; x_wconf 82' lang='lat' dir='ltr'>al·</span> 
     </span>
     <span class='ocr_line' id='line_1_39' title="bbox 364 3871 1939 3952; baseline -0.003 -18"><span class='ocrx_word' id='word_1_478' title='bbox 364 3891 432 3934; x_wconf 86' lang='lat' dir='ltr'>cere</span> <span class='ocrx_word' id='word_1_479' title='bbox 450 3873 651 3933; x_wconf 88' lang='lat' dir='ltr'>studebimus.</span> <span class='ocrx_word' id='word_1_480' title='bbox 675 3871 797 3931; x_wconf 90' lang='lat' dir='ltr'>Habent</span> <span class='ocrx_word' id='word_1_481' title='bbox 810 3872 896 3931; x_wconf 90' lang='lat' dir='ltr'>enim</span> <span class='ocrx_word' id='word_1_482' title='bbox 909 3871 1133 3951; x_wconf 84' lang='lat' dir='ltr'>disputationes</span> <span class='ocrx_word' id='word_1_483' title='bbox 1181 3874 1295 3949; x_wconf 88' lang='lat' dir='ltr'>firmat,</span> <span class='ocrx_word' id='word_1_484' title='bbox 1310 3879 1378 3933; x_wconf 90' lang='lat' dir='ltr'>tum</span> <span class='ocrx_word' id='word_1_485' title='bbox 1399 3876 1515 3952; x_wconf 88' lang='lat' dir='ltr'>poetas,</span> <span class='ocrx_word' id='word_1_486' title='bbox 1531 3871 1586 3951; x_wconf 89' lang='lat' dir='ltr'>qui</span> <span class='ocrx_word' id='word_1_487' title='bbox 1605 3890 1693 3933; x_wconf 87' lang='lat' dir='ltr'>secus</span> <span class='ocrx_word' id='word_1_488' title='bbox 1713 3872 1891 3952; x_wconf 67' lang='lat' dir='ltr'>predicant.</span> <span class='ocrx_word' id='word_1_489' title='bbox 1903 3888 1939 3929; x_wconf 79' lang='lat' dir='ltr'>re</span> 
     </span>
     <span class='ocr_line' id='line_1_40' title="bbox 364 3960 1937 4045; baseline -0.001 -20"><span class='ocrx_word' id='word_1_490' title='bbox 364 3965 429 4025; x_wconf 77' lang='lat' dir='ltr'>istae</span> <span class='ocrx_word' id='word_1_491' title='bbox 442 3964 599 4044; x_wconf 89' lang='lat' dir='ltr'>propriam</span> <span class='ocrx_word' id='word_1_492' title='bbox 612 3964 695 4023; x_wconf 89' lang='lat' dir='ltr'>illius</span> <span class='ocrx_word' id='word_1_493' title='bbox 707 3963 883 4043; x_wconf 87' lang='lat' dir='ltr'>argumenti</span> <span class='ocrx_word' id='word_1_494' title='bbox 894 3961 1130 4040; x_wconf 62' lang='lat' dir='ltr'>ltractationem3</span> <span class='ocrx_word' id='word_1_495' title='bbox 1182 3965 1354 4045; x_wconf 88' lang='lat' dir='ltr'>pudiandos</span> <span class='ocrx_word' id='word_1_496' title='bbox 1367 3982 1443 4025; x_wconf 86' lang='lat' dir='ltr'>esse.</span> <span class='ocrx_word' id='word_1_497' title='bbox 1461 3986 1476 4022; x_wconf 83' lang='lat' dir='ltr'>o</span> <span class='ocrx_word' id='word_1_498' title='bbox 1490 3965 1587 4043; x_wconf 78' lang='lat' dir='ltr'>Igitur</span> <span class='ocrx_word' id='word_1_499' title='bbox 1598 3982 1702 4024; x_wconf 90' lang='lat' dir='ltr'>nonne</span> <span class='ocrx_word' id='word_1_500' title='bbox 1716 3964 1834 4039; x_wconf 89' lang='lat' dir='ltr'>bonus,</span> <span class='ocrx_word' id='word_1_501' title='bbox 1843 3960 1937 4042; x_wconf 81' lang='lat' dir='ltr'>inquit,</span> 
     </span>
     <span class='ocr_line' id='line_1_41' title="bbox 364 4052 1939 4137; baseline 0 -21"><span class='ocrx_word' id='word_1_502' title='bbox 364 4072 459 4136; x_wconf 86' lang='lat' dir='ltr'>quam</span> <span class='ocrx_word' id='word_1_503' title='bbox 485 4060 613 4116; x_wconf 88' lang='lat' dir='ltr'>catenus</span> <span class='ocrx_word' id='word_1_504' title='bbox 633 4055 685 4115; x_wconf 91' lang='lat' dir='ltr'>bic</span> <span class='ocrx_word' id='word_1_505' title='bbox 712 4055 960 4133; x_wconf 84' lang='lat' dir='ltr'>perstrinximus,</span> <span class='ocrx_word' id='word_1_506' title='bbox 980 4060 1015 4115; x_wconf 90' lang='lat' dir='ltr'>ut</span> <span class='ocrx_word' id='word_1_507' title='bbox 1042 4072 1134 4135; x_wconf 89' lang='lat' dir='ltr'>appa·</span> <span class='ocrx_word' id='word_1_508' title='bbox 1182 4056 1292 4137; x_wconf 89' lang='lat' dir='ltr'>etipse</span> <span class='ocrx_word' id='word_1_509' title='bbox 1314 4058 1395 4118; x_wconf 86' lang='lat' dir='ltr'>Deus</span> <span class='ocrx_word' id='word_1_510' title='bbox 1409 4061 1465 4132; x_wconf 88' lang='lat' dir='ltr'>est,</span> <span class='ocrx_word' id='word_1_511' title='bbox 1488 4060 1519 4117; x_wconf 92' lang='lat' dir='ltr'>et</span> <span class='ocrx_word' id='word_1_512' title='bbox 1538 4057 1582 4116; x_wconf 85' lang='lat' dir='ltr'>ita</span> <span class='ocrx_word' id='word_1_513' title='bbox 1600 4056 1835 4136; x_wconf 84' lang='lat' dir='ltr'>profitendum?</span> <span class='ocrx_word' id='word_1_514' title='bbox 1848 4052 1939 4116; x_wconf 72' lang='lat' dir='ltr'>Procul</span> 
     </span>
     <span class='ocr_line' id='line_1_42' title="bbox 363 4146 1938 4227; baseline -0.001 -19"><span class='ocrx_word' id='word_1_515' title='bbox 363 4153 456 4222; x_wconf 88' lang='lat' dir='ltr'>reret,</span> <span class='ocrx_word' id='word_1_516' title='bbox 481 4147 556 4208; x_wconf 90' lang='lat' dir='ltr'>mali</span> <span class='ocrx_word' id='word_1_517' title='bbox 576 4146 777 4226; x_wconf 88' lang='lat' dir='ltr'>principium,</span> <span class='ocrx_word' id='word_1_518' title='bbox 800 4153 1020 4225; x_wconf 88' lang='lat' dir='ltr'>auctoremque</span> <span class='ocrx_word' id='word_1_519' title='bbox 1034 4149 1133 4208; x_wconf 88' lang='lat' dir='ltr'>Deum</span> <span class='ocrx_word' id='word_1_520' title='bbox 1182 4149 1288 4209; x_wconf 90' lang='lat' dir='ltr'>dubio.</span> <span class='ocrx_word' id='word_1_521' title='bbox 1311 4149 1405 4227; x_wconf 82' lang='lat' dir='ltr'>Atqui</span> <span class='ocrx_word' id='word_1_522' title='bbox 1427 4148 1549 4209; x_wconf 93' lang='lat' dir='ltr'>nullum</span> <span class='ocrx_word' id='word_1_523' title='bbox 1563 4147 1683 4209; x_wconf 92' lang='lat' dir='ltr'>bonum</span> <span class='ocrx_word' id='word_1_524' title='bbox 1697 4148 1832 4210; x_wconf 87' lang='lat' dir='ltr'>noxium</span> <span class='ocrx_word' id='word_1_525' title='bbox 1845 4152 1895 4213; x_wconf 71' lang='lat' dir='ltr'>ost.</span> <span class='ocrx_word' id='word_1_526' title='bbox 1906 4164 1938 4206; x_wconf 90' lang='lat' dir='ltr'>an</span> 
     </span>
     <span class='ocr_line' id='line_1_43' title="bbox 364 4238 1939 4318; baseline 0.001 -19"><span class='ocrx_word' id='word_1_527' title='bbox 364 4240 422 4299; x_wconf 89' lang='lat' dir='ltr'>bae</span> <span class='ocrx_word' id='word_1_528' title='bbox 434 4240 528 4300; x_wconf 91' lang='lat' dir='ltr'>etiam</span> <span class='ocrx_word' id='word_1_529' title='bbox 542 4243 630 4299; x_wconf 72' lang='lat' dir='ltr'>etate</span> <span class='ocrx_word' id='word_1_530' title='bbox 654 4238 770 4298; x_wconf 86' lang='lat' dir='ltr'>censeri</span> <span class='ocrx_word' id='word_1_531' title='bbox 783 4239 823 4298; x_wconf 89' lang='lat' dir='ltr'>ab</span> <span class='ocrx_word' id='word_1_532' title='bbox 840 4239 1001 4318; x_wconf 87' lang='lat' dir='ltr'>improbis,</span> <span class='ocrx_word' id='word_1_533' title='bbox 1024 4244 1055 4299; x_wconf 90' lang='lat' dir='ltr'>et</span> <span class='ocrx_word' id='word_1_534' title='bbox 1075 4257 1132 4299; x_wconf 89' lang='lat' dir='ltr'>no·</span> <span class='ocrx_word' id='word_1_535' title='bbox 1183 4240 1266 4301; x_wconf 83' lang='lat' dir='ltr'>non?</span> <span class='ocrx_word' id='word_1_536' title='bbox 1289 4240 1428 4317; x_wconf 91' lang='lat' dir='ltr'>Nullum,</span> <span class='ocrx_word' id='word_1_537' title='bbox 1451 4245 1486 4301; x_wconf 89' lang='lat' dir='ltr'>ut</span> <span class='ocrx_word' id='word_1_538' title='bbox 1508 4241 1651 4301; x_wconf 89' lang='lat' dir='ltr'>arbitror.</span> <span class='ocrx_word' id='word_1_539' title='bbox 1677 4241 1767 4315; x_wconf 86' lang='lat' dir='ltr'>Quod</span> <span class='ocrx_word' id='word_1_540' title='bbox 1792 4240 1939 4302; x_wconf 84' lang='lat' dir='ltr'>innoxium</span> 
     </span>
     <span class='ocr_line' id='line_1_44' title="bbox 364 4329 1938 4412; baseline -0.001 -22"><span class='ocrx_word' id='word_1_541' title='bbox 364 4332 449 4391; x_wconf 90' lang='lat' dir='ltr'>mine</span> <span class='ocrx_word' id='word_1_542' title='bbox 470 4336 561 4391; x_wconf 89' lang='lat' dir='ltr'>tenus</span> <span class='ocrx_word' id='word_1_543' title='bbox 584 4329 782 4405; x_wconf 82' lang='lat' dir='ltr'>Christianis,</span> <span class='ocrx_word' id='word_1_544' title='bbox 807 4348 885 4409; x_wconf 88' lang='lat' dir='ltr'>quos</span> <span class='ocrx_word' id='word_1_545' title='bbox 906 4331 1131 4407; x_wconf 84' lang='lat' dir='ltr'>Marcionibus‚</span> <span class='ocrx_word' id='word_1_546' title='bbox 1183 4338 1239 4407; x_wconf 88' lang='lat' dir='ltr'>est,</span> <span class='ocrx_word' id='word_1_547' title='bbox 1255 4332 1410 4411; x_wconf 89' lang='lat' dir='ltr'>numquid</span> <span class='ocrx_word' id='word_1_548' title='bbox 1430 4332 1543 4393; x_wconf 78' lang='lat' dir='ltr'>notet?</span> <span class='ocrx_word' id='word_1_549' title='bbox 1557 4333 1772 4412; x_wconf 89' lang='lat' dir='ltr'>Nequaquam.</span> <span class='ocrx_word' id='word_1_550' title='bbox 1786 4332 1873 4407; x_wconf 88' lang='lat' dir='ltr'>Quod</span> <span class='ocrx_word' id='word_1_551' title='bbox 1888 4348 1938 4391; x_wconf 89' lang='lat' dir='ltr'>noo</span> 
     </span>
     <span class='ocr_line' id='line_1_45' title="bbox 365 4421 1937 4506; baseline 0.003 -26"><span class='ocrx_word' id='word_1_552' title='bbox 365 4421 546 4497; x_wconf 86' lang='lat' dir='ltr'>Valentinis,</span> <span class='ocrx_word' id='word_1_553' title='bbox 570 4422 758 4497; x_wconf 80' lang='lat' dir='ltr'>Manicbaeis,</span> <span class='ocrx_word' id='word_1_554' title='bbox 779 4422 1025 4499; x_wconf 75' lang='lat' dir='ltr'>Priseissmnistis,</span> <span class='ocrx_word' id='word_1_555' title='bbox 1048 4428 1135 4485; x_wconf 79' lang='lat' dir='ltr'>caete-</span> <span class='ocrx_word' id='word_1_556' title='bbox 1183 4430 1284 4501; x_wconf 90' lang='lat' dir='ltr'>nocet,</span> <span class='ocrx_word' id='word_1_557' title='bbox 1296 4424 1448 4505; x_wconf 92' lang='lat' dir='ltr'>numquid</span> <span class='ocrx_word' id='word_1_558' title='bbox 1457 4425 1577 4485; x_wconf 91' lang='lat' dir='ltr'>malum</span> <span class='ocrx_word' id='word_1_559' title='bbox 1586 4424 1733 4486; x_wconf 82' lang='lat' dir='ltr'>luoit‘lNe</span> <span class='ocrx_word' id='word_1_560' title='bbox 1742 4425 1805 4487; x_wconf 87' lang='lat' dir='ltr'>boe</span> <span class='ocrx_word' id='word_1_561' title='bbox 1818 4424 1937 4506; x_wconf 78' lang='lat' dir='ltr'>quidem</span> 
     </span>
     <span class='ocr_line' id='line_1_46' title="bbox 364 4513 1938 4593; baseline 0.003 -20"><span class='ocrx_word' id='word_1_562' title='bbox 364 4514 467 4591; x_wconf 83' lang='lat' dir='ltr'>risque</span> <span class='ocrx_word' id='word_1_563' title='bbox 480 4513 618 4593; x_wconf 88' lang='lat' dir='ltr'>pestibus</span> <span class='ocrx_word' id='word_1_564' title='bbox 632 4514 818 4574; x_wconf 81' lang='lat' dir='ltr'>execrandos</span> <span class='ocrx_word' id='word_1_565' title='bbox 831 4514 939 4593; x_wconf 70' lang='lat' dir='ltr'>magus,</span> <span class='ocrx_word' id='word_1_566' title='bbox 959 4520 991 4575; x_wconf 93' lang='lat' dir='ltr'>et</span> <span class='ocrx_word' id='word_1_567' title='bbox 1003 4514 1135 4576; x_wconf 90' lang='lat' dir='ltr'>humani</span> <span class='ocrx_word' id='word_1_568' title='bbox 1183 4517 1272 4590; x_wconf 87' lang='lat' dir='ltr'>Quod</span> <span class='ocrx_word' id='word_1_569' title='bbox 1285 4522 1389 4577; x_wconf 90' lang='lat' dir='ltr'>autem</span> <span class='ocrx_word' id='word_1_570' title='bbox 1404 4516 1484 4577; x_wconf 91' lang='lat' dir='ltr'>nibil</span> <span class='ocrx_word' id='word_1_571' title='bbox 1496 4516 1668 4593; x_wconf 79' lang='lat' dir='ltr'>mollierit,</span> <span class='ocrx_word' id='word_1_572' title='bbox 1684 4516 1804 4580; x_wconf 75' lang='lat' dir='ltr'>nuribus</span> <span class='ocrx_word' id='word_1_573' title='bbox 1823 4524 1868 4579; x_wconf 80' lang='lat' dir='ltr'>est</span> <span class='ocrx_word' id='word_1_574' title='bbox 1878 4514 1938 4578; x_wconf 82' lang='lat' dir='ltr'>mali</span> 
     </span>
     <span class='ocr_line' id='line_1_47' title="bbox 364 4606 1939 4690; baseline 0.001 -24"><span class='ocrx_word' id='word_1_575' title='bbox 364 4606 485 4683; x_wconf 86' lang='lat' dir='ltr'>generis</span> <span class='ocrx_word' id='word_1_576' title='bbox 498 4606 569 4667; x_wconf 92' lang='lat' dir='ltr'>odio</span> <span class='ocrx_word' id='word_1_577' title='bbox 582 4606 693 4685; x_wconf 89' lang='lat' dir='ltr'>dignos</span> <span class='ocrx_word' id='word_1_578' title='bbox 706 4606 872 4667; x_wconf 81' lang='lat' dir='ltr'>existimes.</span> <span class='ocrx_word' id='word_1_579' title='bbox 888 4607 967 4667; x_wconf 90' lang='lat' dir='ltr'>Nam</span> <span class='ocrx_word' id='word_1_580' title='bbox 979 4607 1025 4667; x_wconf 93' lang='lat' dir='ltr'>illi</span> <span class='ocrx_word' id='word_1_581' title='bbox 1037 4624 1136 4687; x_wconf 89' lang='lat' dir='ltr'>usque</span> <span class='ocrx_word' id='word_1_582' title='bbox 1185 4624 1276 4669; x_wconf 87' lang='lat' dir='ltr'>causa</span> <span class='ocrx_word' id='word_1_583' title='bbox 1290 4607 1313 4669; x_wconf 72' lang='lat'>⁶.</span> <span class='ocrx_word' id='word_1_584' title='bbox 1330 4631 1345 4666; x_wconf 81' lang='grc' dir='ltr'>ν)</span> <span class='ocrx_word' id='word_1_585' title='bbox 1371 4610 1415 4669; x_wconf 80' lang='lat' dir='ltr'>Aa</span> <span class='ocrx_word' id='word_1_586' title='bbox 1433 4609 1526 4689; x_wconf 88' lang='lat' dir='ltr'>paulo</span> <span class='ocrx_word' id='word_1_587' title='bbox 1545 4616 1616 4689; x_wconf 86' lang='lat' dir='ltr'>post</span> <span class='ocrx_word' id='word_1_588' title='bbox 1628 4628 1636 4670; x_wconf 71' lang='grc' dir='ltr'><strong><em>ι</em></strong></span> <span class='ocrx_word' id='word_1_589' title='bbox 1661 4630 1678 4667; x_wconf 81' lang='grc' dir='ltr'>ο</span> <span class='ocrx_word' id='word_1_590' title='bbox 1698 4611 1767 4671; x_wconf 85' lang='lat' dir='ltr'>Non</span> <span class='ocrx_word' id='word_1_591' title='bbox 1782 4612 1884 4690; x_wconf 85' lang='lat' dir='ltr'>igitur,</span> <span class='ocrx_word' id='word_1_592' title='bbox 1902 4608 1939 4667; x_wconf 80' lang='lat' dir='ltr'>in</span> 
     </span>
    </p>
   </div>
   <div class='ocr_carea' id='block_1_3' title="bbox 365 4938 1939 5512">
    <p class='ocr_par' dir='ltr' id='par_1_4' title="bbox 365 4938 1939 5512">
     <span class='ocr_line' id='line_1_48' title="bbox 401 4938 1938 5017; baseline 0.001 -19"><span class='ocrx_word' id='word_1_593' title='bbox 401 4956 422 4998; x_wconf 81' lang='lat' dir='ltr'><strong><em>a</em></strong></span> <span class='ocrx_word' id='word_1_594' title='bbox 439 4941 512 4997; x_wconf 76' lang='lat' dir='ltr'>Jusr,</span> <span class='ocrx_word' id='word_1_595' title='bbox 529 4938 647 4997; x_wconf 74' lang='lat' dir='ltr'>Cohort.</span> <span class='ocrx_word' id='word_1_596' title='bbox 661 4941 706 4993; x_wconf 80' lang='grc' dir='ltr'>Διὰ</span> <span class='ocrx_word' id='word_1_597' title='bbox 722 4945 796 4994; x_wconf 72' lang='grc' dir='ltr'>τοῦτο</span> <span class='ocrx_word' id='word_1_598' title='bbox 811 4941 858 5013; x_wconf 80' lang='grc' dir='ltr'>γάρ</span> <span class='ocrx_word' id='word_1_599' title='bbox 876 4940 917 4993; x_wconf 73' lang='grc' dir='ltr'>καὶ</span> <span class='ocrx_word' id='word_1_600' title='bbox 936 4938 1068 5014; x_wconf 72' lang='grc' dir='ltr'>ἀγέννητον</span> <span class='ocrx_word' id='word_1_601' title='bbox 1086 4939 1130 5009; x_wconf 77' lang='grc' dir='ltr'>τὴν</span> <span class='ocrx_word' id='word_1_602' title='bbox 1180 4944 1254 4996; x_wconf 82' lang='grc' dir='ltr'>κακόν</span> <span class='ocrx_word' id='word_1_603' title='bbox 1265 4961 1289 4997; x_wconf 84' lang='grc' dir='ltr'>τι</span> <span class='ocrx_word' id='word_1_604' title='bbox 1298 4944 1379 5013; x_wconf 71' lang='lat' dir='ltr'>notri,</span> <span class='ocrx_word' id='word_1_605' title='bbox 1387 4941 1443 4998; x_wconf 73' lang='lat' dir='ltr'>etet</span> <span class='ocrx_word' id='word_1_606' title='bbox 1455 4946 1537 4997; x_wconf 80' lang='grc' dir='ltr'>τοῦτο.</span> <span class='ocrx_word' id='word_1_607' title='bbox 1547 4942 1562 4997; x_wconf 80' lang='lat' dir='ltr'>d</span> <span class='ocrx_word' id='word_1_608' title='bbox 1571 4942 1598 4997; x_wconf 78' lang='lat' dir='ltr'>et</span> <span class='ocrx_word' id='word_1_609' title='bbox 1607 4963 1635 5017; x_wconf 76' lang='grc' dir='ltr'>γε</span> <span class='ocrx_word' id='word_1_610' title='bbox 1647 4942 1721 5017; x_wconf 76' lang='grc' dir='ltr'>μηδὲν</span> <span class='ocrx_word' id='word_1_611' title='bbox 1731 4946 1807 5000; x_wconf 65' lang='grc' dir='ltr'>ναὸν</span> <span class='ocrx_word' id='word_1_612' title='bbox 1816 4950 1887 5011; x_wconf 74' lang='grc' dir='ltr'>ποιεῖ,</span> <span class='ocrx_word' id='word_1_613' title='bbox 1895 4947 1938 4999; x_wconf 76' lang='lat' dir='ltr'>oll&#39;</span> 
     </span>
     <span class='ocr_line' id='line_1_49' title="bbox 365 5017 1589 5096; baseline 0.002 -19"><span class='ocrx_word' id='word_1_614' title='bbox 365 5022 424 5092; x_wconf 75' lang='grc' dir='ltr'>ὓλην</span> <span class='ocrx_word' id='word_1_615' title='bbox 437 5024 523 5096; x_wconf 79' lang='grc' dir='ltr'>ἔφησεν</span> <span class='ocrx_word' id='word_1_616' title='bbox 536 5017 607 5088; x_wconf 79' lang='grc' dir='ltr'>εἶναι,</span> <span class='ocrx_word' id='word_1_617' title='bbox 618 5024 661 5075; x_wconf 78' lang='grc' dir='ltr'>ἵνα</span> <span class='ocrx_word' id='word_1_618' title='bbox 673 5021 706 5095; x_wconf 76' lang='grc' dir='ltr'>μὴ</span> <span class='ocrx_word' id='word_1_619' title='bbox 721 5021 777 5096; x_wconf 78' lang='grc' dir='ltr'><strong>δόξῃ</strong></span> <span class='ocrx_word' id='word_1_620' title='bbox 791 5020 831 5076; x_wconf 71' lang='grc' dir='ltr'>τὸν</span> <span class='ocrx_word' id='word_1_621' title='bbox 845 5020 897 5076; x_wconf 71' lang='grc' dir='ltr'>θεὸν</span> <span class='ocrx_word' id='word_1_622' title='bbox 910 5028 953 5077; x_wconf 79' lang='grc' dir='ltr'>τοῦ</span> <span class='ocrx_word' id='word_1_623' title='bbox 967 5029 1043 5077; x_wconf 79' lang='grc' dir='ltr'>κακοῦ</span> <span class='ocrx_word' id='word_1_624' title='bbox 1057 5043 1130 5092; x_wconf 65' lang='lat' dir='ltr'>corq-</span> <span class='ocrx_word' id='word_1_625' title='bbox 1182 5026 1210 5078; x_wconf 87' lang='grc' dir='ltr'>άν</span> <span class='ocrx_word' id='word_1_626' title='bbox 1220 5045 1283 5089; x_wconf 78' lang='grc' dir='ltr'>τινος</span> <span class='ocrx_word' id='word_1_627' title='bbox 1292 5024 1329 5095; x_wconf 69' lang='grc' dir='ltr'>εἴη</span> <span class='ocrx_word' id='word_1_628' title='bbox 1341 5030 1417 5080; x_wconf 79' lang='grc' dir='ltr'>κανοῦ</span> <span class='ocrx_word' id='word_1_629' title='bbox 1430 5024 1518 5091; x_wconf 74' lang='grc' dir='ltr'>αἴτιον,</span> <span class='ocrx_word' id='word_1_630' title='bbox 1535 5034 1589 5082; x_wconf 81' lang='lat' dir='ltr'>etc.</span> 
     </span>
     <span class='ocr_line' id='line_1_50' title="bbox 366 5101 1937 5186; baseline 0.003 -28"><span class='ocrx_word' id='word_1_631' title='bbox 366 5106 409 5173; x_wconf 62' lang='lat' dir='ltr'>riv</span> <span class='ocrx_word' id='word_1_632' title='bbox 422 5101 483 5160; x_wconf 75' lang='grc' dir='ltr'>εἶναι</span> <span class='ocrx_word' id='word_1_633' title='bbox 492 5107 581 5179; x_wconf 73' lang='grc' dir='ltr'>λέγειν.</span> <span class='ocrx_word' id='word_1_634' title='bbox 1217 5108 1289 5164; x_wconf 88' lang='lat' dir='ltr'>Tum</span> <span class='ocrx_word' id='word_1_635' title='bbox 1298 5116 1392 5180; x_wconf 84' lang='lat' dir='ltr'>postca</span> <span class='ocrx_word' id='word_1_636' title='bbox 1408 5129 1415 5165; x_wconf 74' lang='lat' dir='ltr'>t</span> <span class='ocrx_word' id='word_1_637' title='bbox 1437 5109 1487 5162; x_wconf 68' lang='lat' dir='ltr'>ota</span> <span class='ocrx_word' id='word_1_638' title='bbox 1500 5109 1555 5182; x_wconf 69' lang='grc' dir='ltr'>ἄρα,</span> <span class='ocrx_word' id='word_1_639' title='bbox 1572 5106 1602 5177; x_wconf 70' lang='grc' dir='ltr'>ἦν</span> <span class='ocrx_word' id='word_1_640' title='bbox 1619 5108 1643 5159; x_wconf 80' lang='grc' dir='ltr'>δ’</span> <span class='ocrx_word' id='word_1_641' title='bbox 1660 5106 1720 5182; x_wconf 67' lang='grc' dir='ltr'>ἐγὼ,</span> <span class='ocrx_word' id='word_1_642' title='bbox 1729 5108 1878 5186; x_wconf 52' lang='grc' dir='ltr'>άτοδάχομιι</span> <span class='ocrx_word' id='word_1_643' title='bbox 1892 5110 1937 5163; x_wconf 70' lang='grc' dir='ltr'>οὔτε</span> 
     </span>
     <span class='ocr_line' id='line_1_51' title="bbox 403 5187 1937 5267; baseline 0.004 -25"><span class='ocrx_word' id='word_1_644' title='bbox 403 5188 419 5242; x_wconf 83' lang='grc' dir='ltr'>ὁ</span> <span class='ocrx_word' id='word_1_645' title='bbox 438 5187 588 5257; x_wconf 67' lang='lat' dir='ltr'>tenurit.</span> <span class='ocrx_word' id='word_1_646' title='bbox 599 5188 621 5243; x_wconf 87' lang='lat' dir='ltr'>ll</span> <span class='ocrx_word' id='word_1_647' title='bbox 638 5187 786 5258; x_wconf 69' lang='lat' dir='ltr'>dederet.</span> <span class='ocrx_word' id='word_1_648' title='bbox 801 5187 1008 5246; x_wconf 69' lang='lat' dir='ltr'>subtinutsotv</span> <span class='ocrx_word' id='word_1_649' title='bbox 1022 5188 1131 5261; x_wconf 75' lang='grc' dir='ltr'>άγαθοςῦ</span> <span class='ocrx_word' id='word_1_650' title='bbox 1185 5188 1304 5263; x_wconf 76' lang='grc' dir='ltr'>Ὀμήρου,</span> <span class='ocrx_word' id='word_1_651' title='bbox 1319 5190 1375 5245; x_wconf 72' lang='grc' dir='ltr'>οὔτε</span> <span class='ocrx_word' id='word_1_652' title='bbox 1392 5192 1468 5245; x_wconf 68' lang='grc' dir='ltr'>ἄλλον</span> <span class='ocrx_word' id='word_1_653' title='bbox 1479 5195 1581 5259; x_wconf 83' lang='grc' dir='ltr'>ποιητοῦ</span> <span class='ocrx_word' id='word_1_654' title='bbox 1594 5191 1684 5261; x_wconf 73' lang='grc' dir='ltr'>ταάτην</span> <span class='ocrx_word' id='word_1_655' title='bbox 1703 5193 1748 5262; x_wconf 77' lang='grc' dir='ltr'>τὴν</span> <span class='ocrx_word' id='word_1_656' title='bbox 1760 5192 1878 5267; x_wconf 49' lang='lat' dir='ltr'>besprim</span> <span class='ocrx_word' id='word_1_657' title='bbox 1893 5194 1937 5261; x_wconf 71' lang='grc' dir='ltr'>περὶ</span> 
     </span>
     <span class='ocr_line' id='line_1_52' title="bbox 366 5270 1643 5346; baseline 0.004 -25"><span class='ocrx_word' id='word_1_658' title='bbox 366 5289 393 5340; x_wconf 81' lang='grc' dir='ltr'>γε</span> <span class='ocrx_word' id='word_1_659' title='bbox 407 5270 459 5332; x_wconf 68' lang='grc' dir='ltr'>θεὸς</span> <span class='ocrx_word' id='word_1_660' title='bbox 469 5276 505 5341; x_wconf 78' lang='grc' dir='ltr'>τῷ</span> <span class='ocrx_word' id='word_1_661' title='bbox 514 5270 566 5323; x_wconf 76' lang='grc' dir='ltr'>ὄντι</span> <span class='ocrx_word' id='word_1_662' title='bbox 580 5287 617 5333; x_wconf 73' lang='grc' dir='ltr'>τι,</span> <span class='ocrx_word' id='word_1_663' title='bbox 629 5270 670 5322; x_wconf 68' lang='grc' dir='ltr'>καὶ</span> <span class='ocrx_word' id='word_1_664' title='bbox 680 5270 779 5323; x_wconf 80' lang='grc' dir='ltr'>λεκτέον</span> <span class='ocrx_word' id='word_1_665' title='bbox 790 5270 869 5338; x_wconf 62' lang='grc' dir='ltr'>οὕτοη</span> <span class='ocrx_word' id='word_1_666' title='bbox 882 5271 906 5324; x_wconf 85' lang='lat' dir='ltr'>rl</span> <span class='ocrx_word' id='word_1_667' title='bbox 924 5273 986 5342; x_wconf 67' lang='lat' dir='ltr'>priv,</span> <span class='ocrx_word' id='word_1_668' title='bbox 999 5270 1076 5324; x_wconf 80' lang='grc' dir='ltr'>Ἀλλὰ</span> <span class='ocrx_word' id='word_1_669' title='bbox 1085 5271 1131 5345; x_wconf 76' lang='grc' dir='ltr'>μὴν</span> <span class='ocrx_word' id='word_1_670' title='bbox 1182 5274 1238 5335; x_wconf 64' lang='grc' dir='ltr'>τοὺς</span> <span class='ocrx_word' id='word_1_671' title='bbox 1248 5275 1317 5335; x_wconf 66' lang='grc' dir='ltr'>θεοὺς</span> <span class='ocrx_word' id='word_1_672' title='bbox 1330 5272 1439 5343; x_wconf 74' lang='grc' dir='ltr'>ἀνοήτως</span> <span class='ocrx_word' id='word_1_673' title='bbox 1451 5273 1643 5346; x_wconf 77' lang='grc' dir='ltr'>ἁμαρτάνοντος.</span> 
     </span>
     <span class='ocr_line' id='line_1_53' title="bbox 367 5348 1938 5433; baseline 0.004 -30"><span class='ocrx_word' id='word_1_674' title='bbox 367 5350 437 5403; x_wconf 72' lang='grc' dir='ltr'>οὐδέν</span> <span class='ocrx_word' id='word_1_675' title='bbox 452 5371 479 5423; x_wconf 79' lang='grc' dir='ltr'>γε</span> <span class='ocrx_word' id='word_1_676' title='bbox 488 5357 537 5404; x_wconf 77' lang='grc' dir='ltr'>τῶν</span> <span class='ocrx_word' id='word_1_677' title='bbox 550 5350 647 5423; x_wconf 71' lang='grc' dir='ltr'>ἀγαθῶν</span> <span class='ocrx_word' id='word_1_678' title='bbox 663 5352 790 5423; x_wconf 77' lang='grc' dir='ltr'>βλαάερδν,</span> <span class='ocrx_word' id='word_1_679' title='bbox 801 5348 816 5419; x_wconf 71' lang='grc' dir='ltr'><strong>ἦ</strong></span> <span class='ocrx_word' id='word_1_680' title='bbox 826 5353 883 5423; x_wconf 79' lang='grc' dir='ltr'>γάρ;</span> <span class='ocrx_word' id='word_1_681' title='bbox 896 5351 931 5405; x_wconf 80' lang='grc' dir='ltr'>Οὔ</span> <span class='ocrx_word' id='word_1_682' title='bbox 943 5371 985 5425; x_wconf 84' lang='grc' dir='ltr'>μοι</span> <span class='ocrx_word' id='word_1_683' title='bbox 995 5353 1131 5426; x_wconf 75' lang='grc' dir='ltr'>δοκεῖ.Ἀρ’</span> <span class='ocrx_word' id='word_1_684' title='bbox 1218 5357 1298 5413; x_wconf 82' lang='lat' dir='ltr'>ilem.</span> <span class='ocrx_word' id='word_1_685' title='bbox 1315 5355 1364 5424; x_wconf 70' lang='grc' dir='ltr'>Τὴν</span> <span class='ocrx_word' id='word_1_686' title='bbox 1381 5357 1408 5412; x_wconf 80' lang='grc' dir='ltr'>δὲ</span> <span class='ocrx_word' id='word_1_687' title='bbox 1425 5362 1474 5411; x_wconf 79' lang='grc' dir='ltr'>τῶν</span> <span class='ocrx_word' id='word_1_688' title='bbox 1493 5359 1571 5429; x_wconf 81' lang='grc' dir='ltr'>ὅρκων</span> <span class='ocrx_word' id='word_1_689' title='bbox 1596 5357 1638 5411; x_wconf 73' lang='grc' dir='ltr'>καὶ</span> <span class='ocrx_word' id='word_1_690' title='bbox 1649 5360 1765 5413; x_wconf 75' lang='grc' dir='ltr'>σπονδῶν</span> <span class='ocrx_word' id='word_1_691' title='bbox 1782 5360 1903 5433; x_wconf 54' lang='lat' dir='ltr'>duone,</span> <span class='ocrx_word' id='word_1_692' title='bbox 1913 5360 1938 5421; x_wconf 71' lang='grc' dir='ltr'>ἢν</span> 
     </span>
     <span class='ocr_line' id='line_1_54' title="bbox 367 5427 1939 5512; baseline 0.007 -27"><span class='ocrx_word' id='word_1_693' title='bbox 367 5427 435 5486; x_wconf 72' lang='lat' dir='ltr'>obed</span> <span class='ocrx_word' id='word_1_694' title='bbox 446 5433 478 5504; x_wconf 68' lang='lat' dir='ltr'>pt.</span> <span class='ocrx_word' id='word_1_695' title='bbox 491 5433 607 5505; x_wconf 75' lang='grc' dir='ltr'>βλαάερδν</span> <span class='ocrx_word' id='word_1_696' title='bbox 622 5432 740 5504; x_wconf 71' lang='grc' dir='ltr'>βλάπτεις</span> <span class='ocrx_word' id='word_1_697' title='bbox 755 5430 878 5506; x_wconf 53' lang='lat' dir='ltr'>etopus</span> <span class='ocrx_word' id='word_1_698' title='bbox 899 5436 914 5487; x_wconf 81' lang='lat' dir='ltr'>d</span> <span class='ocrx_word' id='word_1_699' title='bbox 929 5434 956 5489; x_wconf 73' lang='lat' dir='ltr'>dt</span> <span class='ocrx_word' id='word_1_700' title='bbox 969 5435 1001 5508; x_wconf 76' lang='grc' dir='ltr'>μὴ</span> <span class='ocrx_word' id='word_1_701' title='bbox 1018 5436 1130 5507; x_wconf 79' lang='grc' dir='ltr'>βλάπτει,</span> <span class='ocrx_word' id='word_1_702' title='bbox 1183 5437 1197 5493; x_wconf 83' lang='lat' dir='ltr'>d</span> <span class='ocrx_word' id='word_1_703' title='bbox 1210 5436 1337 5511; x_wconf 76' lang='grc' dir='ltr'>Πάνδαρος</span> <span class='ocrx_word' id='word_1_704' title='bbox 1347 5438 1470 5512; x_wconf 72' lang='grc' dir='ltr'>συνέχεον,</span> <span class='ocrx_word' id='word_1_705' title='bbox 1488 5437 1528 5492; x_wconf 69' lang='grc' dir='ltr'>ἐάν</span> <span class='ocrx_word' id='word_1_706' title='bbox 1540 5458 1576 5501; x_wconf 79' lang='grc' dir='ltr'>τις</span> <span class='ocrx_word' id='word_1_707' title='bbox 1591 5443 1623 5512; x_wconf 74' lang='grc' dir='ltr'>φῇ</span> <span class='ocrx_word' id='word_1_708' title='bbox 1639 5440 1672 5493; x_wconf 76' lang='grc' dir='ltr'>δι’</span> <span class='ocrx_word' id='word_1_709' title='bbox 1691 5438 1793 5510; x_wconf 71' lang='grc' dir='ltr'>Ἀθηνᾶς</span> <span class='ocrx_word' id='word_1_710' title='bbox 1808 5460 1835 5496; x_wconf 79' lang='grc' dir='ltr'>τε</span> <span class='ocrx_word' id='word_1_711' title='bbox 1847 5444 1883 5495; x_wconf 76' lang='lat' dir='ltr'>ul</span> <span class='ocrx_word' id='word_1_712' title='bbox 1893 5440 1939 5501; x_wconf 63' lang='lat' dir='ltr'>bit</span> 
     </span>
    </p>
   </div>
   <div class='ocr_carea' id='block_1_4' title="bbox 0 0 2024 6196">
    <p class='ocr_par' dir='ltr' id='par_1_5' title="bbox 0 0 2024 6196">
     <span class='ocr_line' id='line_1_55' title="bbox 0 0 2024 6196; baseline 0 0"><span class='ocrx_word' id='word_1_713' title='bbox 0 0 2024 6196; x_wconf 95' lang='lat' dir='ltr'> </span> 
     </span>
    </p>
   </div>
  </div>
 </body>
</html>
