4134 6182
309 291 349 351 32
728 286 767 345 ΙΝ
789 285 887 346 OPUS
907 282 1238 344 THEOLOGICORUM
1260 283 1493 345 DOGMATUM.

307 439 425 518 aliquid
441 436 606 517 potestnisi
618 435 703 516 prius
717 434 874 515 cognitum
883 434 921 494 sit
930 478 951 509 ,.
963 435 1086 507 »Quare
1138 433 1226 496 nullo
1240 452 1359 510 eorum,
1375 453 1445 514 que
1458 434 1557 515 posita
1570 439 1652 509 sunt,
1668 451 1774 494 everso
1786 452 1912 496 consen·

308 530 590 613 philosophandum
617 529 676 590 erit
700 528 750 588 vel
769 546 807 588 eo
824 528 902 608 ipso,
919 533 953 587 ut
965 527 1086 605 judice·
1138 531 1228 587 tanea
1251 527 1316 587 istis
1339 527 1444 607 aliqua
1466 528 1630 602 concludit,
1651 527 1913 607 quemadmodum

308 644 379 688 mus
399 645 462 687 non
476 644 540 686 esse
561 622 854 703 philosophandum.
871 622 921 682 Sic
945 621 992 681 illi
1014 621 1084 700 qui·
1139 622 1272 700 antiquis
1296 621 1435 683 Patribus
1458 622 1496 681 de
1519 621 1786 697 consubstantiali,
1812 622 1913 702 deque

308 722 367 783 bus
395 719 605 801 argumentari
628 719 660 778 in
688 716 845 795 theologia
873 716 1023 795 displicet,
1047 734 1088 776 ne
1139 714 1206 774 aliis
1232 714 1337 774 multis
1361 714 1434 775 fidei
1459 714 1677 793 questionibus
1690 714 1915 795 disputantibus

308 816 368 876 hoo
390 815 515 894 quidem
534 812 599 872 sine
618 811 884 891 argumentatione
903 809 1088 889 persuadere
1139 807 1291 881 usuvenit,
1306 806 1516 868 nihilosecius
1535 807 1692 868 latendum
1707 809 1766 868 erit
1787 809 1913 869 conclu·

206 940 210 947 ·
308 913 446 988 possunt.

349 1045 513 1123 Propterea
528 1042 628 1124 pergit
637 1042 779 1103 Calecas:
796 1063 811 1098 ο
823 1041 854 1100 Si
863 1039 1087 1119 processionem

309 1137 438 1216 Spiritus
456 1138 551 1198 sancti
565 1138 680 1197 aPatre
696 1135 834 1213 Filioque
848 1134 932 1193 nefas
942 1138 987 1192 est
998 1151 1088 1212 argu-

309 1230 495 1291 mentatione
506 1230 667 1303 conficere,
682 1246 722 1288 ne
735 1227 873 1304 ejusdcm
885 1225 1010 1304 quidem
1019 1243 1088 1304 pro

308 1323 476 1384 cessionem
494 1323 623 1402 Spiritus
639 1320 705 1380 solo
722 1338 760 1379 ex
774 1320 862 1379 Patre
882 1317 986 1378 licebit
1000 1316 1088 1378 colli·

308 1434 392 1494 gere,
401 1416 486 1495 quod
496 1420 601 1474 tamen
611 1412 707 1474 Graeci
722 1411 781 1491 ipsi
796 1409 902 1471 sedulo
915 1415 1039 1471 etacute
1051 1428 1086 1469 ac

306 1509 458 1590 subtiliter
465 1514 614 1588 quantum
622 1510 760 1585 possunt,
774 1503 1051 1564 instituimtfaccre.
1062 1524 1079 1559 n

307 1603 396 1676 Quod
419 1603 523 1683 ipsum
545 1606 576 1662 ct
604 1605 709 1660 cenna
732 1598 891 1658 haereticos
918 1615 1082 1675 osoresqne

307 1702 431 1756 caeteros
466 1694 655 1756 scholastica
692 1692 855 1771 theologiae
898 1690 991 1766 valet,
1028 1690 1083 1769 qui

307 1790 420 1869 quibus
443 1790 476 1849 in
490 1787 685 1869 opinionibus
708 1787 746 1846 ab
766 1786 834 1846 aliis
852 1785 1008 1860 dissident,
1031 1802 1083 1844 eas

307 1901 400 1963 quam
415 1887 533 1962 queunt
545 1880 750 1961 argutissime,
763 1877 1019 1957 solertissimeque
1027 1877 1082 1937 de·

307 1977 445 2051 tendunt,
460 1994 516 2036 nec
527 1974 585 2035 ulli
609 1978 738 2054 parcunt
765 1970 939 2033 subtilitatis
964 1987 1080 2051 generi,

306 2088 368 2148 quo
384 2075 415 2129 et
428 2086 516 2129 suam
528 2066 693 2128 defendant
711 2071 741 2125 et
754 2065 938 2125 contrariam
953 2062 1083 2123 labefac-

305 2168 379 2222 tent.

347 2296 398 2356 lV.
416 2294 470 2356 llis
491 2294 619 2374 pulchre
637 2289 720 2352 istud
742 2308 777 2350 ac
799 2288 966 2369 prudenter
988 2286 1083 2366 subji-

305 2388 346 2450 cit
365 2408 372 2448 ε
403 2410 417 2444 ο
437 2389 506 2449 Νοιι
524 2387 665 2446 universe
683 2383 892 2463 argumentari
916 2398 981 2441 esse
1014 2398 1082 2440 ma-

305 2483 383 2560 lum,
399 2483 452 2543 sed
466 2479 679 2542 tantummodo
693 2478 732 2537 ad
747 2478 778 2537 id
793 2477 877 2556 qnod
890 2475 1082 2556 propositum

305 2582 361 2652 est,
391 2594 454 2636 non
480 2573 623 2653 congruis
646 2571 691 2630 nti
716 2569 889 2650 principiis,
917 2574 1082 2648 aepulare

303 2668 398 2729 fidem
409 2666 600 2729 anamalibus
610 2663 812 2726 demonstrari
818 2661 983 2741 principiis.
994 2661 1082 2734 Quod

304 2762 331 2822 si
345 2761 414 2841 quis
427 2761 508 2821 adid
519 2759 603 2839 quod
614 2759 647 2818 in
661 2757 828 2836 quaestione
838 2760 894 2831 est,
906 2772 1014 2815 eorum
1028 2754 1082 2815 ali·

304 2873 377 2935 qua,
393 2873 462 2934 quae
477 2854 515 2915 de
530 2854 593 2913 Deo
606 2851 775 2911 identidem
792 2850 935 2926 existrmt,
946 2867 1083 2909 commn-

305 2951 358 3011 nia
371 2949 521 3029 principia
532 2948 604 3009 fidei
618 2953 648 3008 et
661 2951 742 3006 ratas
756 2964 791 3006 ac
806 2944 945 3005 delinitas
957 2946 1082 3005 Petrum

304 3044 467 3105 sententias
488 3040 709 3116 accommodet,
726 3038 839 3119 quibus
854 3038 1022 3099 constiurtis
1046 3056 1081 3097 nc

339 3284 548 3341 aliteraliter.
563 3281 613 3338 lib.
635 3282 679 3343 Vl,
695 3283 793 3338 Situm.
809 3280 854 3331 liat
873 3278 920 3350 γάρ
933 3273 975 3332 oia
990 3274 1016 3331 εὖ
1030 3284 1082 3342 πῶς

306 3369 371 3443 ἔχειν
381 3388 423 3440 μοι
435 3366 545 3437 φαίνεται
556 3365 570 3417 ἀ
581 3365 656 3437 λόγος
670 3362 770 3428 ίκεῖνος,
784 3360 805 3414 εί
822 3362 1009 3432 φιλοσοφητέον·
1024 3363 1083 3417 atet

305 3454 382 3527 γάρτι
396 3442 462 3523 αὐτῷ
470 3448 608 3514 ἀκολουθεῖ,
621 3447 678 3500 ἀλλ’
686 3446 988 3518 είκαὶρηφιλοσοφητέον·
1002 3446 1083 3523 οάγάρ

304 3558 340 3599 τις
353 3537 480 3608 καταγνῴη
492 3533 556 3594 eutr
571 3532 603 3605 μὴ
625 3537 698 3587 τοῦτο
711 3532 829 3604 πρότερον
848 3530 969 3603 ἐγνωκώς·
982 3533 1083 3603 φιλοσο-

305 3622 394 3692 φητέον
412 3621 468 3692 ἀρα.

342 3694 466 3748 bCattc.
488 3689 522 3742 03
542 3691 622 3743 τοίνυν
645 3688 748 3742 καθόλου
763 3687 792 3741 τθ
815 3687 979 3741 ἀποδεικνίναι
992 3689 1082 3742 κακδν·

307 3775 371 3828 ἀλλά
392 3775 420 3829 τδ
447 3773 479 3846 pl,
501 3772 561 3844 πφδς
585 3772 614 3827 τδ
635 3773 792 3846 προκείμενον
813 3770 912 3834 οἰκείαις
926 3775 978 3835 ταῖς
997 3772 1085 3846 ἀρχαῖς

305 3859 421 3933 χρῆσθαι,
434 3860 474 3911 καὶ
487 3858 516 3911 τθ
539 3855 630 3910 οἴεσθαι
643 3856 686 3925 τὴν
700 3855 781 3909 πίστιν
794 3858 903 3926 φυσικαῖς
917 3855 1004 3928 ἀρχαῖς
1022 3856 1083 3909 ἀπο·

307 3944 440 3997 δείκνυσθαι
449 3943 483 4005 ὡς
495 3944 538 4014 θγε
550 3943 678 4014 χρώμενος
692 3939 735 4012 μὲν
749 3939 804 4012 περὶ
818 3940 847 3992 τδ
868 3940 1016 4011 ζητούμενον
1030 3938 1084 3992 ἒκά·

308 4049 380 4084 στοτε
386 4034 435 4084 τῶν
441 4029 496 4099 περὶ
507 4027 569 4081 Θεοῦ
575 4026 754 4099 προῖληρίτων
769 4026 822 4085 ταῖς
828 4027 919 4086 κοιναῖς
930 4030 972 4093 τῆς
981 4025 1086 4087 πίστεως

309 4114 397 4188 ἀρχαῖς
409 4114 449 4167 καί
462 4116 515 4174 ταῖς
528 4111 735 4184 ὁμολογουμέναις
745 4108 878 4179 ἀποφάσεσι
891 4113 941 4162 τῶν
954 4108 1041 4181 ἁγίων,
1051 4102 1086 4159 ὧν

343 4326 355 4350 ’
373 4326 436 4387 Qua,
451 4326 569 4389 preeunte
582 4321 673 4386 Caieta,
700 4322 809 4372 Palatius
827 4323 944 4383 observat,
968 4319 1023 4369 nibil
1040 4319 1084 4369 iru-

313 4404 377 4470 pedit
393 4403 514 4467 quominus
527 4401 595 4466 paulo
610 4401 686 4452 secius
700 4402 732 4450 ita
746 4401 879 4452 ederentur.
901 4400 993 4451 Duobus
1010 4400 1087 4462 itaque

311 4484 393 4535 iisdem
404 4481 516 4533 munaus
528 4481 602 4532 modis
623 4480 708 4530 venitm
721 4480 805 4544 aliqua,
820 4483 954 4543 certumque
976 4477 1086 4530 doctrina

313 4567 383 4629 caput
408 4561 521 4613 contineri
547 4559 670 4626 scripturis
698 4563 784 4625 potest,
814 4561 912 4621 ἀμέσως
936 4559 1087 4620 immediate,

315 4648 426 4708 ἐμμέσως
453 4643 569 4706 mediate,
598 4655 672 4706 neque
703 4642 757 4691 citra
784 4640 956 4692 deductionem.
986 4639 1086 4703 Uterque

313 4737 382 4789 porro
396 4722 478 4773 nodus
502 4723 617 4785 titurium
632 4725 706 4785 patet,
717 4734 769 4771 cum
787 4734 814 4771 ea
829 4733 879 4784 qua
903 4718 1025 4784 Scripturis
1038 4720 1085 4768 im·

313 4804 420 4854 mecine
436 4802 544 4852 contenta
558 4800 663 4864 dicimus,
679 4800 701 4849 in
719 4799 802 4865 duplici
815 4798 942 4849 dillerentia
954 4801 1084 4859 venentur,

311 4887 381 4947 atqua
409 4882 437 4932 iis
461 4881 519 4932 adeo
535 4880 571 4930 vel
597 4880 673 4944 tezo:
697 4882 844 4943 totidemque
857 4880 937 4930 nnus
957 4877 1087 4943 expriman-

314 4967 360 5023 tur,
374 4963 411 5012 vel
424 4962 524 5024 δυάμιι
543 4962 631 5009 unum
646 4971 675 5008 ac
688 4960 779 5009 virtute
794 4958 819 5007 in
833 4957 861 5007 iis
876 4957 963 5007 melosa
984 4959 1008 5008 et
1033 4970 1086 5008 cum

313 5041 342 5091 iis
355 5041 502 5107 complicata,
515 5038 665 5105 explicatione
682 5037 808 5101 indigeant,
831 5041 982 5101 accurateque
995 5037 1086 5088 illorum

314 5120 409 5185 analysi,
423 5121 505 5184 qubus
519 5122 664 5172 coalescunt.
681 5119 794 5168 Ceterum
809 5117 858 5168 sire
873 5117 957 5181 priore,
984 5117 1036 5169 sire
1049 5117 1085 5167 al·

314 5204 365 5251 tero
379 5199 448 5251 modo
460 5200 582 5264 Scriptoris
598 5198 767 5261 contineantur,
790 5196 818 5247 ad
844 5197 940 5248 verbum
963 5196 1003 5248 nei
1016 5211 1085 5262 spec-

313 5282 372 5343 tant,
386 5280 483 5330 uerbum
494 5279 533 5328 liei
548 5278 657 5342 eliciunt,
672 5277 735 5328 etad
749 5276 802 5328 fidei
816 5277 931 5342 objectum
955 5279 1086 5327 matutam·

312 5373 358 5424 quc
373 5358 452 5410 reterri
465 5357 560 5409 debent.
585 5359 639 5416 Qua
651 5361 729 5411 autem
744 5357 834 5409 nonnisi
850 5358 963 5422 ἐμμίσος,
979 5359 1085 5412 mediate

1138 900 1255 960 sionem
1278 899 1364 960 illam
1383 902 1619 981 esseScriptnrae
1635 902 1827 978 sectandam,
1845 923 1914 983 quau

1138 993 1265 1070 quidem
1279 1011 1317 1053 ex
1330 993 1391 1053 illis
1412 994 1524 1073 pendet
1542 994 1698 1075 principiis
1712 1014 1748 1056 ac
1764 997 1863 1057 causis
1876 997 1914 1057 iis

1138 1086 1289 1164 congruit,
1305 1086 1345 1147 ab
1367 1087 1479 1166 quibus
1501 1088 1609 1164 oritur,
1624 1094 1691 1149 tum
1709 1090 1819 1151 eadem
1840 1109 1914 1151 con-

1137 1178 1233 1239 clusio
1251 1179 1426 1259 theologicu
1445 1181 1564 1241 dicelrrr
1589 1200 1624 1241 ac
1648 1181 1834 1242 revelatione
1861 1201 1917 1243 oo·

1137 1272 1234 1349 gnita,
1270 1272 1534 1352 quemadmodum
1562 1275 1755 1353 geometricae
1789 1276 1915 1337 conclu-

1138 1364 1237 1425 siones
1263 1372 1423 1441 vocantur,
1454 1385 1523 1446 quae
1544 1385 1582 1427 ex
1598 1369 1774 1448 geometriae
1799 1368 1916 1449 prinei·

1136 1456 1195 1534 piis
1207 1458 1372 1521 ducuntur.
1384 1460 1473 1533 Quod
1481 1459 1541 1520 nisi
1551 1461 1595 1520 ita
1608 1461 1656 1535 sit,
1668 1462 1831 1540 permulta,
1846 1480 1917 1540 quoe

1134 1549 1196 1610 tide
1207 1557 1290 1611 certa
1299 1559 1380 1627 sunt,
1393 1571 1451 1613 nec
1463 1570 1603 1633 expresse
1613 1553 1646 1614 in
1657 1555 1822 1635 Seriptmis
1833 1572 1920 1615 com-

1135 1642 1283 1722 prehensa
1300 1644 1444 1707 tollemus
1458 1634 1481 1708 ⁶.
1495 1669 1508 1702 ι

1176 1737 1277 1817 Atque
1299 1738 1358 1799 hoc
1374 1738 1496 1800 duobus
1518 1740 1586 1801 lieri
1614 1741 1713 1801 modis
1741 1740 1874 1803 affirmat
1891 1742 1914 1803 '.

1134 1831 1191 1891 Vel
1202 1832 1285 1892 enim
1295 1850 1333 1893 ex
1345 1832 1466 1894 duabus
1477 1834 1745 1913 propositionibus,
1760 1854 1829 1915 quae
1843 1841 1917 1897 sunt

1060 1970 1067 1982 .
1134 1923 1167 1983 in
1179 1925 1345 2005 Scriptura,
1358 1927 1517 2007 quippiam
1534 1927 1702 2008 colligitur,
1722 1929 1806 2008 quod
1822 1929 1916 2009 longe

1135 2021 1419 2097 praestantissimum
1449 2021 1497 2097 sit,
1528 2021 1621 2100 idque
1654 2021 1689 2082 in
1722 2024 1915 2102 processione

1134 2114 1230 2173 sancti
1250 2115 1379 2194 Spiritus
1404 2114 1444 2175 ab
1465 2120 1596 2194 utroque
1617 2121 1777 2196 suppetere
1796 2117 1850 2177 ait.
1876 2117 1917 2178 t't

1136 2224 1208 2266 cum
1220 2214 1474 2288 argumentamur
1485 2209 1528 2269 sic
1542 2229 1549 2268 ι
1565 2208 1660 2270 Filius
1672 2210 1741 2270 ideo
1754 2211 1828 2289 quin
1840 2211 1918 2272 acei-

1134 2319 1207 2380 pere
1228 2307 1260 2362 et
1269 2304 1406 2364 audirea
1420 2302 1507 2364 Patre
1522 2302 1646 2382 legitur,
1657 2302 1697 2364 ab
1714 2322 1751 2364 eo
1765 2303 1915 2384 procedit.

1134 2393 1227 2471 Atqui
1251 2395 1380 2473 Spiritus
1401 2400 1522 2455 sanctus
1546 2395 1579 2455 in
1597 2395 1706 2456 iisdem
1720 2396 1884 2477 Scripturis
1900 2415 1920 2456 a

1135 2486 1213 2547 Filio
1228 2488 1364 2568 accipere
1382 2488 1493 2549 dicitur·
1511 2493 1542 2549 et
1554 2489 1671 2550 audire.
1690 2490 1788 2569 lgitm·
1804 2509 1914 2570 proce-

1134 2578 1179 2639 dit
1197 2599 1216 2640 a
1235 2581 1322 2641 Filio.
1348 2582 1599 2643 «verumtanem
1631 2583 1657 2644 si
1681 2583 1750 2663 quis
1778 2584 1920 2665 syllogis

1134 2693 1222 2735 mum
1238 2694 1373 2753 omnem,
1387 2677 1476 2755 cujus
1494 2676 1715 2757 propositiones
1734 2677 1833 2740 ambae
1850 2698 1915 2740 non

1134 2774 1205 2829 sunt
1215 2767 1247 2828 in
1265 2769 1358 2830 sacris
1375 2769 1494 2830 litteus
1515 2787 1675 2850 expressae,
1697 2770 1809 2831 falsum
1829 2777 1919 2851 putat

1133 2861 1289 2941 colligere,
1302 2864 1329 2923 is
1348 2863 1503 2944 opinione,
1516 2863 1617 2942 inquit
1633 2863 1728 2940 idem,
1745 2863 1840 2925 falsus
1855 2871 1913 2942 est,

1133 2974 1169 3017 ae
1183 2957 1322 3018 doctores
1334 2975 1441 3018 omnes
1452 2956 1595 3018 Ecclesia
1605 2957 1793 3019 calumniose
1801 2959 1914 3038 arguit,

1134 3049 1188 3129 qui
1198 3049 1693 3130 sapeistiusmodimgumerrtisad
1703 3049 1917 3112 stabiliendam

1132 3278 1306 3348 incoruptione,
1326 3276 1422 3338 οάδενδς
1441 3280 1490 3330 τῶν
1517 3277 1633 3349 κειμένων
1655 3275 1837 3348 ἀναιρουμένου,
1854 3277 1917 3348 eip-

1133 3382 1201 3434 φωνα
1220 3362 1386 3435 συμπεραίνει·
1409 3362 1443 3423 ὡς
1462 3362 1515 3424 τοῖς
1538 3361 1652 3422 παλαιοῖς
1673 3361 1776 3432 πατράσι
1797 3362 1852 3432 περὶ
1872 3365 1918 3415 coi

1136 3447 1252 3519 dpoooloo
1273 3446 1434 3518 διαλεχθεῖσιν
1454 3442 1560 3517 ἐγένετο,
1581 3444 1621 3497 καὶ
1644 3444 1745 3497 πολλῶν
1763 3445 1916 3514 ζητηθέντων

1135 3532 1190 3603 περὶ
1203 3531 1247 3598 τὴν
1263 3531 1344 3584 πίστιν
1356 3528 1460 3602 ἐτέρων·
1480 3528 1549 3583 οδδάν
1568 3524 1642 3596 ἧττον
1662 3527 1759 3599 κάκεῖνο
1775 3529 1805 3584 rb
1822 3531 1917 3604 συμπέ·

1138 3635 1219 3687 ρασμα
1227 3619 1269 3683 τῆς
1283 3618 1375 3687 γραφῆς
1385 3613 1515 3684 ἀπόφασιν,
1524 3618 1573 3668 τῶν
1581 3612 1669 3668 ἐκεῖθεν
1677 3613 1917 3687 θρχῶνέηρτημένον,

1135 3701 1175 3753 καὶ
1189 3703 1242 3762 ταῖς
1256 3699 1344 3763 αἰτίαις
1359 3697 1461 3765 οἰκεῖον,
1472 3698 1513 3770 ἀφ’
1526 3694 1562 3752 ὧν
1574 3702 1704 3770 προῆκται,
1713 3698 1919 3771 διορολογητίον,

1135 3785 1175 3837 καί
1186 3783 1331 3856 θεολογικδν
1345 3782 1441 3854 κάκεῖνο
1454 3783 1568 3851 κλητέον,
1582 3783 1622 3835 καί
1641 3786 1691 3835 τῶν
1705 3780 1732 3834 ἐκ
1750 3787 1793 3849 τῆς
1810 3781 1916 3838 {tuom-

1136 3870 1230 3941 λθίιειος
1242 3863 1313 3921 εἶναι·
1328 3869 1411 3940 ὥσπερ
1419 3866 1580 3940 γεωρετρικά,
1589 3866 1620 3919 τά
1631 3869 1684 3927 ταῖς
1698 3864 1785 3937 ἀρχαῖς
1798 3871 1841 3933 τῆς
1852 3886 1917 3939 γεω·

1138 3954 1235 4026 μετρίας
1262 3951 1367 4025 ἑπόμενα
1388 3954 1588 4024 σορπεριίσρατα·
1615 3949 1637 4004 εί
1655 3948 1682 4003 δὲ
1700 3950 1745 4023 pt„
1768 3952 1850 4005 πόλλα
1866 3959 1917 4007 τῶν

1138 4036 1341 4109 ὁμολογουμένων
1367 4040 1397 4107 τῇ
1417 4035 1508 4100 πίστει,
1527 4036 1543 4086 θ
1561 4033 1692 4107 διαρρήδην
1719 4034 1746 4087 οδ
1770 4035 1916 4108 γέγραπται,

1137 4120 1269 4193 ἀναιρήσει.

1138 4323 1260 4389 scripturis
1276 4325 1441 4389 conprehensa
1452 4323 1613 4389 prohibentur,
1626 4325 1765 4388 inunita
1787 4327 1915 4390 postulant,

1137 4404 1203 4469 cnjus
1216 4403 1323 4468 presidio
1341 4408 1416 4467 cruta,
1444 4403 1468 4454 in
1483 4404 1583 4455 medium
1607 4404 1729 4471 lucemque
1758 4405 1915 4472 proterantur.

1137 4485 1167 4532 st
1180 4495 1236 4535 rere
1250 4483 1349 4534 existere
1364 4482 1481 4546 syntbeds
1496 4483 1585 4548 nequit,
1601 4483 1645 4536 uisi
1662 4499 1715 4536 cnm
1728 4484 1888 4550 propositione
1900 4500 1914 4535 e

1136 4562 1260 4628 scripturis
1276 4566 1372 4628 accepta
1396 4562 1467 4613 altera
1483 4576 1512 4613 ex
1537 4565 1636 4614 humano
1663 4563 1736 4626 ίοοίο,
1762 4564 1818 4615 licet
1838 4567 1915 4627 certo,

1136 4643 1265 4709 copuletur.
1280 4643 1312 4692 lia
1325 4641 1393 4706 igitur
1407 4645 1513 4695 mediate
1525 4643 1648 4708 scripturis
1658 4648 1766 4695 connata
1779 4648 1915 4709 censentur,

1137 4736 1188 4786 quar
1212 4737 1227 4773 e
1248 4722 1334 4786 nicta
1359 4724 1384 4771 ut
1401 4721 1472 4783 aium,
1492 4725 1636 4787 suliacinse
1650 4722 1750 4788 legitima
1776 4724 1916 4777 deductore

1137 4802 1263 4864 dimanant,
1279 4814 1375 4866 quoqne
1391 4802 1424 4853 oct
1443 4802 1590 4864 theotonicos
1606 4807 1729 4868 propterea
1744 4804 1915 4855 οοιιοίκείοιιω

1135 4884 1283 4932 revocantur.
1301 4882 1332 4932 lle
1348 4881 1429 4946 quibus
1444 4894 1497 4932 cunr
1512 4883 1590 4946 pluras
1603 4884 1667 4947 plura
1689 4883 1832 4948 scripserint,
1857 4883 1916 4934 satis

1137 4961 1206 5013 tuerit
1214 4959 1346 5012 nominatim
1357 4960 1500 5012 consuluisse
1509 4961 1632 5012 titianum
1642 4965 1667 5013 et
1675 4962 1769 5013 Petram
1781 4960 1810 5013 de
1819 4963 1914 5015 eren·

1135 5041 1208 5091 burch
1231 5040 1351 5101 (Metina.
1371 5042 1477 5102 transt.
1494 5044 1557 5106 part.
1577 5039 1606 5105 ll,
1621 5055 1646 5091 c.
1670 5055 1695 5091 ιν
1710 5044 1734 5093 et
1753 5044 1848 5105 seqq),
1867 5054 1913 5092 nec

1137 5133 1183 5171 non
1194 5120 1307 5172 ladrum
1320 5120 1432 5171 Birnheclr
1448 5120 1557 5183 (octena.
1574 5120 1681 5171 milredi
1695 5121 1828 5181 luentia.
1843 5132 1869 5169 c.
1887 5132 1913 5170 νι

1137 5202 1260 5265 οιεεηη.),
1269 5199 1307 5265 qni
1313 5200 1445 5251 eorumdem
1456 5198 1567 5251 indicina
1574 5202 1654 5251 contra
1663 5198 1817 5249 θεΙῑίιειειοοι
1828 5197 1912 5250 Bube-

1135 5283 1190 5335 lium
1210 5283 1323 5349 suscepit.
1349 5284 1378 5334 E.
1405 5283 1436 5333 ll.
