<?xml version="1.0" encoding="UTF-8"?>
<!DOCTYPE html PUBLIC "-//W3C//DTD XHTML 1.0 Transitional//EN"
    "http://www.w3.org/TR/xhtml1/DTD/xhtml1-transitional.dtd">
<html xmlns="http://www.w3.org/1999/xhtml" xml:lang="en" lang="en">
 <head>
  <title>
</title>
<meta http-equiv="Content-Type" content="text/html;charset=utf-8" />
  <meta name='ocr-system' content='tesseract 3.04.00' />
  <meta name='ocr-capabilities' content='ocr_page ocr_carea ocr_par ocr_line ocrx_word'/>
</head>
<body>
  <div class='ocr_page' id='page_1' title='image "./dogmatatheologi01goog_0471.png"; bbox 0 0 3956 6168; ppageno 0'>
   <div class='ocr_carea' id='block_1_1' title="bbox 339 290 1411 359">
    <p class='ocr_par' dir='ltr' id='par_1_1' title="bbox 339 290 1411 359">
     <span class='ocr_line' id='line_1_1' title="bbox 339 290 1411 359; baseline -0.007 0"><span class='ocrx_word' id='word_1_1' title='bbox 339 299 398 359; x_wconf 67' lang='lat'><strong>⁴32</strong></span> <span class='ocrx_word' id='word_1_2' title='bbox 843 290 1168 355; x_wconf 72' lang='lat' dir='ltr'><strong>annotoolconttu</strong></span> <span class='ocrx_word' id='word_1_3' title='bbox 1195 291 1411 353; x_wconf 77' lang='lat' dir='ltr'><strong>DOGMATUM</strong></span> 
     </span>
    </p>
   </div>
   <div class='ocr_carea' id='block_1_2' title="bbox 152 456 1972 3951">
    <p class='ocr_par' dir='ltr' id='par_1_2' title="bbox 152 456 1972 3951">
     <span class='ocr_line' id='line_1_2' title="bbox 338 456 1925 538; baseline -0.003 -16"><span class='ocrx_word' id='word_1_4' title='bbox 338 460 511 523; x_wconf 86' lang='lat' dir='ltr'><strong>necessario</strong></span> <span class='ocrx_word' id='word_1_5' title='bbox 525 459 654 521; x_wconf 90' lang='lat' dir='ltr'><strong>molitur</strong></span> <span class='ocrx_word' id='word_1_6' title='bbox 668 460 775 520; x_wconf 90' lang='lat' dir='ltr'><strong>omnia</strong></span> <span class='ocrx_word' id='word_1_7' title='bbox 795 461 886 535; x_wconf 88' lang='lat' dir='ltr'><strong>Deus,</strong></span> <span class='ocrx_word' id='word_1_8' title='bbox 903 458 1034 538; x_wconf 89' lang='lat' dir='ltr'><strong>quinam</strong></span> <span class='ocrx_word' id='word_1_9' title='bbox 1047 456 1109 518; x_wconf 91' lang='lat' dir='ltr'><strong>dis-</strong></span> <span class='ocrx_word' id='word_1_10' title='bbox 1162 474 1224 535; x_wconf 88' lang='lat' dir='ltr'><strong>quo</strong></span> <span class='ocrx_word' id='word_1_11' title='bbox 1233 457 1320 518; x_wconf 81' lang='lat' dir='ltr'><strong>velut</strong></span> <span class='ocrx_word' id='word_1_12' title='bbox 1329 458 1535 518; x_wconf 88' lang='lat' dir='ltr'><strong>instrumento</strong></span> <span class='ocrx_word' id='word_1_13' title='bbox 1544 463 1654 519; x_wconf 77' lang='lat' dir='ltr'><strong>cetam</strong></span> <span class='ocrx_word' id='word_1_14' title='bbox 1665 457 1839 518; x_wconf 74' lang='lat' dir='ltr'><strong>moliretur.</strong></span> <span class='ocrx_word' id='word_1_15' title='bbox 1850 458 1925 530; x_wconf 80' lang='lat' dir='ltr'><strong>Quos</strong></span> 
     </span>
     <span class='ocr_line' id='line_1_3' title="bbox 337 549 1925 631; baseline -0.003 -17"><span class='ocrx_word' id='word_1_16' title='bbox 337 551 658 614; x_wconf 79' lang='lat' dir='ltr'><strong>tebitabhomiuelut</strong></span> <span class='ocrx_word' id='word_1_17' title='bbox 667 550 1108 631; x_wconf 76' lang='lat' dir='ltr'><strong>argumentatur‘lheophilus,</strong></span> <span class='ocrx_word' id='word_1_18' title='bbox 1160 566 1225 608; x_wconf 92' lang='lat' dir='ltr'><strong>uon</strong></span> <span class='ocrx_word' id='word_1_19' title='bbox 1240 549 1366 611; x_wconf 81' lang='lat' dir='ltr'>aliunde</span> <span class='ocrx_word' id='word_1_20' title='bbox 1380 567 1475 630; x_wconf 89' lang='lat' dir='ltr'><strong>quam</strong></span> <span class='ocrx_word' id='word_1_21' title='bbox 1489 568 1528 610; x_wconf 85' lang='lat' dir='ltr'><strong>ex</strong></span> <span class='ocrx_word' id='word_1_22' title='bbox 1537 549 1591 609; x_wconf 85' lang='lat' dir='ltr'><strong>Dei</strong></span> <span class='ocrx_word' id='word_1_23' title='bbox 1601 549 1827 628; x_wconf 86' lang='lat' dir='ltr'><strong>omnipotentia</strong></span> <span class='ocrx_word' id='word_1_24' title='bbox 1836 550 1925 609; x_wconf 85' lang='lat' dir='ltr'><strong>nostri</strong></span> 
     </span>
     <span class='ocr_line' id='line_1_4' title="bbox 337 641 1925 724; baseline -0.003 -18"><span class='ocrx_word' id='word_1_25' title='bbox 337 652 368 706; x_wconf 90' lang='lat' dir='ltr'><strong>et</strong></span> <span class='ocrx_word' id='word_1_26' title='bbox 382 649 489 706; x_wconf 89' lang='lat' dir='ltr'><strong>contra</strong></span> <span class='ocrx_word' id='word_1_27' title='bbox 506 646 764 707; x_wconf 76' lang='lat' dir='ltr'>resurrectionem</span> <span class='ocrx_word' id='word_1_28' title='bbox 782 662 949 724; x_wconf 88' lang='lat' dir='ltr'><strong>corporum</strong></span> <span class='ocrx_word' id='word_1_29' title='bbox 962 648 1111 721; x_wconf 77' lang='lat' dir='ltr'><strong>negantes</strong></span> <span class='ocrx_word' id='word_1_30' title='bbox 1160 641 1361 717; x_wconf 71' lang='lat' dir='ltr'><strong>contineant,</strong></span> <span class='ocrx_word' id='word_1_31' title='bbox 1370 642 1461 720; x_wconf 87' lang='lat' dir='ltr'><strong>cujus</strong></span> <span class='ocrx_word' id='word_1_32' title='bbox 1470 641 1510 702; x_wconf 92' lang='lat' dir='ltr'><strong>ob</strong></span> <span class='ocrx_word' id='word_1_33' title='bbox 1520 641 1675 702; x_wconf 89' lang='lat' dir='ltr'><strong>infinitam</strong></span> <span class='ocrx_word' id='word_1_34' title='bbox 1685 642 1749 702; x_wconf 82' lang='lat' dir='ltr'><strong>rim</strong></span> <span class='ocrx_word' id='word_1_35' title='bbox 1762 661 1801 702; x_wconf 91' lang='lat' dir='ltr'><strong>ea</strong></span> <span class='ocrx_word' id='word_1_36' title='bbox 1814 641 1854 702; x_wconf 90' lang='lat' dir='ltr'><strong>sit</strong></span> <span class='ocrx_word' id='word_1_37' title='bbox 1861 660 1925 703; x_wconf 81' lang='lat' dir='ltr'><strong>con</strong></span> 
     </span>
     <span class='ocr_line' id='line_1_5' title="bbox 336 731 1925 818; baseline -0.004 -19"><span class='ocrx_word' id='word_1_38' title='bbox 336 736 574 818; x_wconf 69' lang='lat' dir='ltr'><strong>chrysostomus</strong></span> <span class='ocrx_word' id='word_1_39' title='bbox 582 737 711 797; x_wconf 81' lang='lat' dir='ltr'><strong>homilia</strong></span> <span class='ocrx_word' id='word_1_40' title='bbox 721 737 856 798; x_wconf 88' lang='lat' dir='ltr'><strong>secunda</strong></span> <span class='ocrx_word' id='word_1_41' title='bbox 865 736 1111 815; x_wconf 83' lang='lat' dir='ltr'><strong>inActaApooto</strong></span> <span class='ocrx_word' id='word_1_42' title='bbox 1160 731 1236 792; x_wconf 89' lang='lat' dir='ltr'><strong>ditio</strong></span> <span class='ocrx_word' id='word_1_43' title='bbox 1249 740 1285 794; x_wconf 90' lang='lat' dir='ltr'><strong>ut</strong></span> <span class='ocrx_word' id='word_1_44' title='bbox 1298 735 1473 813; x_wconf 88' lang='lat' dir='ltr'><strong>adjutorem</strong></span> <span class='ocrx_word' id='word_1_45' title='bbox 1482 732 1607 794; x_wconf 88' lang='lat' dir='ltr'><strong>nullum</strong></span> <span class='ocrx_word' id='word_1_46' title='bbox 1615 734 1762 814; x_wconf 89' lang='lat' dir='ltr'><strong>requirat.</strong></span> <span class='ocrx_word' id='word_1_47' title='bbox 1777 734 1857 794; x_wconf 85' lang='lat' dir='ltr'>Vide</span> <span class='ocrx_word' id='word_1_48' title='bbox 1868 752 1925 813; x_wconf 80' lang='lat' dir='ltr'><strong>pre</strong></span> 
     </span>
     <span class='ocr_line' id='line_1_6' title="bbox 337 826 1924 909; baseline -0.001 -20"><span class='ocrx_word' id='word_1_49' title='bbox 337 828 466 891; x_wconf 68' lang='lat' dir='ltr'><strong>torum«.</strong></span> <span class='ocrx_word' id='word_1_50' title='bbox 482 829 616 908; x_wconf 78' lang='lat' dir='ltr'><strong>«Eligite</strong></span> <span class='ocrx_word' id='word_1_51' title='bbox 627 848 700 909; x_wconf 81' lang='lat' dir='ltr'><strong>ergo</strong></span> <span class='ocrx_word' id='word_1_52' title='bbox 715 848 800 890; x_wconf 90' lang='lat' dir='ltr'><strong>nuno</strong></span> <span class='ocrx_word' id='word_1_53' title='bbox 810 829 886 907; x_wconf 87' lang='lat' dir='ltr'><strong>quid</strong></span> <span class='ocrx_word' id='word_1_54' title='bbox 896 828 983 907; x_wconf 87' lang='lat' dir='ltr'><strong>sequi</strong></span> <span class='ocrx_word' id='word_1_55' title='bbox 993 827 1107 903; x_wconf 83' lang='lat' dir='ltr'><strong>velitis,</strong></span> <span class='ocrx_word' id='word_1_56' title='bbox 1159 826 1277 886; x_wconf 79' lang='lat' dir='ltr'><strong>ceteris</strong></span> <span class='ocrx_word' id='word_1_57' title='bbox 1291 826 1495 888; x_wconf 77' lang='lat' dir='ltr'><strong>Athanasium</strong></span> <span class='ocrx_word' id='word_1_58' title='bbox 1508 827 1587 889; x_wconf 90' lang='lat' dir='ltr'><strong>libro</strong></span> <span class='ocrx_word' id='word_1_59' title='bbox 1601 827 1693 887; x_wconf 87' lang='lat' dir='ltr'><strong>tertio</strong></span> <span class='ocrx_word' id='word_1_60' title='bbox 1713 834 1820 887; x_wconf 84' lang='lat' dir='ltr'><strong>contra</strong></span> <span class='ocrx_word' id='word_1_61' title='bbox 1841 826 1924 887; x_wconf 81' lang='lat' dir='ltr'><strong>Ario·</strong></span> 
     </span>
     <span class='ocr_line' id='line_1_7' title="bbox 334 916 1923 1001; baseline -0.003 -19"><span class='ocrx_word' id='word_1_62' title='bbox 334 921 380 982; x_wconf 87' lang='lat' dir='ltr'><strong>ait</strong></span> <span class='ocrx_word' id='word_1_63' title='bbox 402 926 512 982; x_wconf 88' lang='lat' dir='ltr'><strong>eontra</strong></span> <span class='ocrx_word' id='word_1_64' title='bbox 545 922 732 982; x_wconf 86' lang='lat' dir='ltr'><strong>Manichaeos</strong></span> <span class='ocrx_word' id='word_1_65' title='bbox 759 918 985 1001; x_wconf 78' lang='lat' dir='ltr'><strong>Augustinus¹,</strong></span> <span class='ocrx_word' id='word_1_66' title='bbox 1011 920 1108 980; x_wconf 86' lang='lat' dir='ltr'><strong>Deum</strong></span> <span class='ocrx_word' id='word_1_67' title='bbox 1158 916 1237 991; x_wconf 73' lang='lat' dir='ltr'><strong>noel,</strong></span> <span class='ocrx_word' id='word_1_68' title='bbox 1262 918 1312 978; x_wconf 85' lang='lat' dir='ltr'><strong>vel</strong></span> <span class='ocrx_word' id='word_1_69' title='bbox 1334 919 1481 993; x_wconf 90' lang='lat' dir='ltr'><strong>secundo,</strong></span> <span class='ocrx_word' id='word_1_70' title='bbox 1507 927 1542 980; x_wconf 91' lang='lat' dir='ltr'><strong>ut</strong></span> <span class='ocrx_word' id='word_1_71' title='bbox 1560 940 1580 981; x_wconf 91' lang='lat' dir='ltr'><strong>a</strong></span> <span class='ocrx_word' id='word_1_72' title='bbox 1599 919 1712 981; x_wconf 86' lang='lat' dir='ltr'><strong>Graecis</strong></span> <span class='ocrx_word' id='word_1_73' title='bbox 1732 924 1923 992; x_wconf 88' lang='lat' dir='ltr'><strong>numeratur,</strong></span> 
     </span>
     <span class='ocr_line' id='line_1_8' title="bbox 335 1009 1924 1094; baseline -0.001 -20"><span class='ocrx_word' id='word_1_74' title='bbox 335 1013 439 1075; x_wconf 89' lang='lat' dir='ltr'><strong>minus</strong></span> <span class='ocrx_word' id='word_1_75' title='bbox 452 1019 611 1094; x_wconf 87' lang='lat' dir='ltr'><strong>potentem</strong></span> <span class='ocrx_word' id='word_1_76' title='bbox 625 1021 656 1075; x_wconf 92' lang='lat' dir='ltr'><strong>et</strong></span> <span class='ocrx_word' id='word_1_77' title='bbox 669 1014 842 1090; x_wconf 85' lang='lat' dir='ltr'><strong>infirmum,</strong></span> <span class='ocrx_word' id='word_1_78' title='bbox 859 1013 913 1093; x_wconf 92' lang='lat' dir='ltr'><strong>qui</strong></span> <span class='ocrx_word' id='word_1_79' title='bbox 930 1012 1110 1074; x_wconf 75' lang='lat' dir='ltr'><strong>necessitate</strong></span> <span class='ocrx_word' id='word_1_80' title='bbox 1158 1009 1244 1070; x_wconf 86' lang='lat' dir='ltr'><strong>velut</strong></span> <span class='ocrx_word' id='word_1_81' title='bbox 1269 1010 1310 1071; x_wconf 90' lang='lat' dir='ltr'><strong>ab</strong></span> <span class='ocrx_word' id='word_1_82' title='bbox 1340 1011 1541 1090; x_wconf 81' lang='lat' dir='ltr'><strong>Euthymio⁸.</strong></span> <span class='ocrx_word' id='word_1_83' title='bbox 1562 1014 1629 1086; x_wconf 78' lang='lat' dir='ltr'><strong>Quo</strong></span> <span class='ocrx_word' id='word_1_84' title='bbox 1658 1011 1692 1071; x_wconf 93' lang='lat' dir='ltr'><strong>in</strong></span> <span class='ocrx_word' id='word_1_85' title='bbox 1714 1011 1797 1071; x_wconf 88' lang='lat' dir='ltr'><strong>libro</strong></span> <span class='ocrx_word' id='word_1_86' title='bbox 1819 1009 1924 1073; x_wconf 84' lang='lat' dir='ltr'><strong>frustra</strong></span> 
     </span>
     <span class='ocr_line' id='line_1_9' title="bbox 334 1103 1924 1185; baseline -0.001 -18"><span class='ocrx_word' id='word_1_87' title='bbox 334 1106 431 1185; x_wconf 87' lang='lat' dir='ltr'><strong>partis</strong></span> <span class='ocrx_word' id='word_1_88' title='bbox 449 1124 514 1167; x_wconf 77' lang='lat' dir='ltr'><strong>sue</strong></span> <span class='ocrx_word' id='word_1_89' title='bbox 534 1107 569 1167; x_wconf 93' lang='lat' dir='ltr'><strong>in</strong></span> <span class='ocrx_word' id='word_1_90' title='bbox 584 1106 709 1167; x_wconf 90' lang='lat' dir='ltr'><strong>miseria</strong></span> <span class='ocrx_word' id='word_1_91' title='bbox 732 1104 1110 1179; x_wconf 83' lang='lat' dir='ltr'><strong>constitutae,amate1ia</strong></span> <span class='ocrx_word' id='word_1_92' title='bbox 1159 1103 1321 1163; x_wconf 80' lang='lat' dir='ltr'><strong>creationis</strong></span> <span class='ocrx_word' id='word_1_93' title='bbox 1343 1103 1561 1165; x_wconf 87' lang='lat' dir='ltr'><strong>administrum</strong></span> <span class='ocrx_word' id='word_1_94' title='bbox 1588 1104 1679 1163; x_wconf 90' lang='lat' dir='ltr'><strong>illum</strong></span> <span class='ocrx_word' id='word_1_95' title='bbox 1706 1103 1812 1163; x_wconf 88' lang='lat' dir='ltr'><strong>nescio</strong></span> <span class='ocrx_word' id='word_1_96' title='bbox 1839 1122 1924 1181; x_wconf 70' lang='lat' dir='ltr'><strong>(quem</strong></span> 
     </span>
     <span class='ocr_line' id='line_1_10' title="bbox 334 1195 1923 1278; baseline 0 -20"><span class='ocrx_word' id='word_1_97' title='bbox 334 1216 430 1278; x_wconf 91' lang='lat' dir='ltr'><strong>quam</strong></span> <span class='ocrx_word' id='word_1_98' title='bbox 453 1199 519 1277; x_wconf 92' lang='lat' dir='ltr'><strong>ipse</strong></span> <span class='ocrx_word' id='word_1_99' title='bbox 544 1216 609 1259; x_wconf 90' lang='lat' dir='ltr'><strong>non</strong></span> <span class='ocrx_word' id='word_1_100' title='bbox 625 1198 738 1259; x_wconf 85' lang='lat' dir='ltr'><strong>lecerat</strong></span> <span class='ocrx_word' id='word_1_101' title='bbox 760 1204 795 1258; x_wconf 88' lang='lat' dir='ltr'><strong>ut</strong></span> <span class='ocrx_word' id='word_1_102' title='bbox 819 1198 974 1259; x_wconf 91' lang='lat' dir='ltr'><strong>mundum</strong></span> <span class='ocrx_word' id='word_1_103' title='bbox 995 1198 1109 1257; x_wconf 89' lang='lat' dir='ltr'><strong>faceret</strong></span> <span class='ocrx_word' id='word_1_104' title='bbox 1158 1195 1286 1274; x_wconf 80' lang='lat' dir='ltr'><strong>adjungi</strong></span> <span class='ocrx_word' id='word_1_105' title='bbox 1301 1197 1364 1256; x_wconf 90' lang='lat' dir='ltr'><strong>Deo</strong></span> <span class='ocrx_word' id='word_1_106' title='bbox 1382 1197 1551 1270; x_wconf 81' lang='lat' dir='ltr'><strong>contendit,</strong></span> <span class='ocrx_word' id='word_1_107' title='bbox 1573 1201 1723 1275; x_wconf 69' lang='lat' dir='ltr'><strong>unquam</strong></span> <span class='ocrx_word' id='word_1_108' title='bbox 1736 1213 1805 1256; x_wconf 88' lang='lat' dir='ltr'><strong>nou</strong></span> <span class='ocrx_word' id='word_1_109' title='bbox 1822 1195 1878 1274; x_wconf 89' lang='lat' dir='ltr'><strong>ipsi</strong></span> <span class='ocrx_word' id='word_1_110' title='bbox 1890 1197 1923 1258; x_wconf 87' lang='lat' dir='ltr'><strong>ad</strong></span> 
     </span>
     <span class='ocr_line' id='line_1_11' title="bbox 334 1287 1921 1370; baseline -0.002 -20"><span class='ocrx_word' id='word_1_111' title='bbox 334 1290 458 1369; x_wconf 85' lang='lat' dir='ltr'><strong>adjutus</strong></span> <span class='ocrx_word' id='word_1_112' title='bbox 471 1296 528 1366; x_wconf 88' lang='lat' dir='ltr'><strong>est,</strong></span> <span class='ocrx_word' id='word_1_113' title='bbox 539 1292 690 1352; x_wconf 80' lang='lat' dir='ltr'><strong>anlleum</strong></span> <span class='ocrx_word' id='word_1_114' title='bbox 704 1290 1109 1370; x_wconf 76' lang='lat' dir='ltr'><strong>omnipotentemqrinulla</strong></span> <span class='ocrx_word' id='word_1_115' title='bbox 1158 1305 1275 1366; x_wconf 78' lang='lat' dir='ltr'><strong>eaquae</strong></span> <span class='ocrx_word' id='word_1_116' title='bbox 1288 1288 1362 1347; x_wconf 81' lang='lat' dir='ltr'><strong>velit</strong></span> <span class='ocrx_word' id='word_1_117' title='bbox 1375 1287 1537 1348; x_wconf 88' lang='lat' dir='ltr'><strong>efficienda</strong></span> <span class='ocrx_word' id='word_1_118' title='bbox 1551 1288 1696 1348; x_wconf 84' lang='lat' dir='ltr'><strong>voluntas</strong></span> <span class='ocrx_word' id='word_1_119' title='bbox 1713 1288 1789 1347; x_wconf 83' lang='lat' dir='ltr'><strong>saus</strong></span> <span class='ocrx_word' id='word_1_120' title='bbox 1803 1288 1867 1347; x_wconf 88' lang='lat' dir='ltr'><strong>sola</strong></span> <span class='ocrx_word' id='word_1_121' title='bbox 1878 1290 1921 1348; x_wconf 81' lang='lat' dir='ltr'><strong>sit</strong></span> 
     </span>
     <span class='ocr_line' id='line_1_12' title="bbox 334 1379 1919 1464; baseline -0.001 -22"><span class='ocrx_word' id='word_1_122' title='bbox 334 1382 516 1443; x_wconf 87' lang='lat' dir='ltr'><strong>necessitate</strong></span> <span class='ocrx_word' id='word_1_123' title='bbox 538 1383 591 1444; x_wconf 92' lang='lat' dir='ltr'><strong>sed</strong></span> <span class='ocrx_word' id='word_1_124' title='bbox 610 1383 737 1464; x_wconf 87' lang='lat' dir='ltr'><strong>propria</strong></span> <span class='ocrx_word' id='word_1_125' title='bbox 755 1382 914 1443; x_wconf 86' lang='lat' dir='ltr'><strong>voluntate</strong></span> <span class='ocrx_word' id='word_1_126' title='bbox 936 1387 966 1441; x_wconf 90' lang='lat' dir='ltr'><strong>et</strong></span> <span class='ocrx_word' id='word_1_127' title='bbox 986 1400 1109 1442; x_wconf 89' lang='lat' dir='ltr'><strong>summa</strong></span> <span class='ocrx_word' id='word_1_128' title='bbox 1158 1379 1218 1440; x_wconf 89' lang='lat' dir='ltr'><strong>Sed</strong></span> <span class='ocrx_word' id='word_1_129' title='bbox 1232 1380 1270 1441; x_wconf 89' lang='lat' dir='ltr'><strong>de</strong></span> <span class='ocrx_word' id='word_1_130' title='bbox 1290 1381 1350 1440; x_wconf 86' lang='lat' dir='ltr'><strong>hae</strong></span> <span class='ocrx_word' id='word_1_131' title='bbox 1363 1397 1397 1440; x_wconf 93' lang='lat' dir='ltr'><strong>re</strong></span> <span class='ocrx_word' id='word_1_132' title='bbox 1415 1380 1536 1460; x_wconf 89' lang='lat' dir='ltr'><strong>plenius</strong></span> <span class='ocrx_word' id='word_1_133' title='bbox 1556 1381 1617 1441; x_wconf 91' lang='lat' dir='ltr'><strong>alio</strong></span> <span class='ocrx_word' id='word_1_134' title='bbox 1638 1381 1672 1441; x_wconf 92' lang='lat' dir='ltr'><strong>in</strong></span> <span class='ocrx_word' id='word_1_135' title='bbox 1690 1379 1759 1441; x_wconf 87' lang='lat' dir='ltr'><strong>loeo</strong></span> <span class='ocrx_word' id='word_1_136' title='bbox 1780 1380 1919 1441; x_wconf 80' lang='lat' dir='ltr'><strong>dicemus</strong></span> 
     </span>
     <span class='ocr_line' id='line_1_13' title="bbox 333 1471 1920 1553; baseline -0.003 -18"><span class='ocrx_word' id='word_1_137' title='bbox 333 1479 482 1553; x_wconf 80' lang='lat' dir='ltr'><strong>potestate</strong></span> <span class='ocrx_word' id='word_1_138' title='bbox 507 1474 597 1551; x_wconf 80' lang='lat' dir='ltr'><strong>dixit,</strong></span> <span class='ocrx_word' id='word_1_139' title='bbox 625 1480 656 1534; x_wconf 91' lang='lat' dir='ltr'><strong>et</strong></span> <span class='ocrx_word' id='word_1_140' title='bbox 678 1474 862 1550; x_wconf 86' lang='lat' dir='ltr'><strong>factasunt,</strong></span> <span class='ocrx_word' id='word_1_141' title='bbox 890 1473 1060 1547; x_wconf 83' lang='lat' dir='ltr'><strong>mandavit,</strong></span> <span class='ocrx_word' id='word_1_142' title='bbox 1077 1480 1108 1534; x_wconf 92' lang='lat' dir='ltr'><strong>et</strong></span> <span class='ocrx_word' id='word_1_143' title='bbox 1197 1471 1337 1533; x_wconf 87' lang='lat' dir='ltr'><strong>Tertium</strong></span> <span class='ocrx_word' id='word_1_144' title='bbox 1355 1473 1589 1552; x_wconf 83' lang='lat' dir='ltr'><strong>omnipotentiae</strong></span> <span class='ocrx_word' id='word_1_145' title='bbox 1612 1472 1770 1551; x_wconf 85' lang='lat' dir='ltr'><strong>specimen</strong></span> <span class='ocrx_word' id='word_1_146' title='bbox 1786 1474 1920 1551; x_wconf 77' lang='lat' dir='ltr'><strong>estquod</strong></span> 
     </span>
     <span class='ocr_line' id='line_1_14' title="bbox 332 1564 1918 1645; baseline -0.001 -18"><span class='ocrx_word' id='word_1_147' title='bbox 332 1570 435 1627; x_wconf 88' lang='lat' dir='ltr'><strong>ereata</strong></span> <span class='ocrx_word' id='word_1_148' title='bbox 448 1570 532 1641; x_wconf 90' lang='lat' dir='ltr'><strong>sunt,</strong></span> <span class='ocrx_word' id='word_1_149' title='bbox 549 1566 603 1645; x_wconf 90' lang='lat' dir='ltr'><strong>qui</strong></span> <span class='ocrx_word' id='word_1_150' title='bbox 616 1572 705 1627; x_wconf 84' lang='lat' dir='ltr'><strong>vocat</strong></span> <span class='ocrx_word' id='word_1_151' title='bbox 720 1585 757 1628; x_wconf 87' lang='lat' dir='ltr'><strong>ea</strong></span> <span class='ocrx_word' id='word_1_152' title='bbox 771 1585 843 1645; x_wconf 77' lang='lat' dir='ltr'><strong>quae</strong></span> <span class='ocrx_word' id='word_1_153' title='bbox 860 1584 926 1627; x_wconf 92' lang='lat' dir='ltr'><strong>non</strong></span> <span class='ocrx_word' id='word_1_154' title='bbox 946 1571 1021 1626; x_wconf 89' lang='lat' dir='ltr'><strong>sunt</strong></span> <span class='ocrx_word' id='word_1_155' title='bbox 1036 1572 1105 1626; x_wconf 89' lang='lat' dir='ltr'><strong>tan-</strong></span> <span class='ocrx_word' id='word_1_156' title='bbox 1156 1565 1280 1625; x_wconf 90' lang='lat' dir='ltr'><strong>easdem</strong></span> <span class='ocrx_word' id='word_1_157' title='bbox 1293 1565 1433 1625; x_wconf 90' lang='lat' dir='ltr'><strong>conditas</strong></span> <span class='ocrx_word' id='word_1_158' title='bbox 1446 1584 1465 1625; x_wconf 92' lang='lat' dir='ltr'><strong>a</strong></span> <span class='ocrx_word' id='word_1_159' title='bbox 1478 1583 1511 1626; x_wconf 90' lang='lat' dir='ltr'><strong>se</strong></span> <span class='ocrx_word' id='word_1_160' title='bbox 1520 1565 1559 1625; x_wconf 92' lang='lat' dir='ltr'><strong>de</strong></span> <span class='ocrx_word' id='word_1_161' title='bbox 1570 1564 1668 1625; x_wconf 87' lang='lat' dir='ltr'><strong>nihilo</strong></span> <span class='ocrx_word' id='word_1_162' title='bbox 1677 1582 1726 1624; x_wconf 88' lang='lat' dir='ltr'><strong>res</strong></span> <span class='ocrx_word' id='word_1_163' title='bbox 1736 1582 1849 1625; x_wconf 88' lang='lat' dir='ltr'><strong>omnes</strong></span> <span class='ocrx_word' id='word_1_164' title='bbox 1856 1584 1918 1626; x_wconf 90' lang='lat' dir='ltr'><strong>oon·</strong></span> 
     </span>
     <span class='ocr_line' id='line_1_15' title="bbox 332 1655 1919 1739; baseline 0.002 -24"><span class='ocrx_word' id='word_1_165' title='bbox 332 1676 427 1737; x_wconf 67' lang='lat' dir='ltr'><strong>aquam</strong></span> <span class='ocrx_word' id='word_1_166' title='bbox 437 1663 635 1738; x_wconf 80' lang='lat' dir='ltr'><strong>eaquaesunt.</strong></span> <span class='ocrx_word' id='word_1_167' title='bbox 647 1682 662 1716; x_wconf 84' lang='lat' dir='ltr'><strong>u</strong></span> <span class='ocrx_word' id='word_1_168' title='bbox 674 1658 725 1720; x_wconf 91' lang='lat' dir='ltr'><strong>Sic</strong></span> <span class='ocrx_word' id='word_1_169' title='bbox 735 1660 769 1719; x_wconf 89' lang='lat' dir='ltr'><strong>in</strong></span> <span class='ocrx_word' id='word_1_170' title='bbox 778 1658 857 1720; x_wconf 92' lang='lat' dir='ltr'><strong>libro</strong></span> <span class='ocrx_word' id='word_1_171' title='bbox 867 1657 902 1719; x_wconf 84' lang='lat' dir='ltr'><strong>de</strong></span> <span class='ocrx_word' id='word_1_172' title='bbox 911 1657 1108 1739; x_wconf 72' lang='lat' dir='ltr'><strong>Felteeteym·</strong></span> <span class='ocrx_word' id='word_1_173' title='bbox 1155 1655 1234 1717; x_wconf 89' lang='lat' dir='ltr'><strong>tinet</strong></span> <span class='ocrx_word' id='word_1_174' title='bbox 1247 1664 1278 1718; x_wconf 87' lang='lat' dir='ltr'><strong>et</strong></span> <span class='ocrx_word' id='word_1_175' title='bbox 1299 1664 1469 1732; x_wconf 88' lang='lat' dir='ltr'><strong>eonservat,</strong></span> <span class='ocrx_word' id='word_1_176' title='bbox 1485 1659 1562 1719; x_wconf 90' lang='lat' dir='ltr'><strong>adeo</strong></span> <span class='ocrx_word' id='word_1_177' title='bbox 1576 1662 1612 1717; x_wconf 90' lang='lat' dir='ltr'><strong>ut</strong></span> <span class='ocrx_word' id='word_1_178' title='bbox 1624 1656 1650 1717; x_wconf 88' lang='lat' dir='ltr'><strong>si</strong></span> <span class='ocrx_word' id='word_1_179' title='bbox 1664 1674 1715 1717; x_wconf 88' lang='lat' dir='ltr'><strong>eas</strong></span> <span class='ocrx_word' id='word_1_180' title='bbox 1734 1656 1842 1717; x_wconf 83' lang='lat' dir='ltr'><strong>lovere</strong></span> <span class='ocrx_word' id='word_1_181' title='bbox 1854 1657 1919 1718; x_wconf 72' lang='lat' dir='ltr'><strong>dea?-</strong></span> 
     </span>
     <span class='ocr_line' id='line_1_16' title="bbox 333 1747 1915 1831; baseline -0.001 -21"><span class='ocrx_word' id='word_1_182' title='bbox 333 1747 669 1831; x_wconf 87' lang='lat' dir='ltr'><strong>bolo,capitesecundo‚</strong></span> <span class='ocrx_word' id='word_1_183' title='bbox 683 1751 1107 1830; x_wconf 88' lang='lat' dir='ltr'><strong>illosomnesquimateriam</strong></span> <span class='ocrx_word' id='word_1_184' title='bbox 1155 1756 1255 1826; x_wconf 90' lang='lat' dir='ltr'><strong>neret,</strong></span> <span class='ocrx_word' id='word_1_185' title='bbox 1263 1767 1303 1810; x_wconf 92' lang='lat' dir='ltr'><strong>ne</strong></span> <span class='ocrx_word' id='word_1_186' title='bbox 1312 1757 1473 1812; x_wconf 89' lang='lat' dir='ltr'><strong>momento</strong></span> <span class='ocrx_word' id='word_1_187' title='bbox 1481 1750 1605 1830; x_wconf 89' lang='lat' dir='ltr'><strong>quidem</strong></span> <span class='ocrx_word' id='word_1_188' title='bbox 1616 1755 1741 1829; x_wconf 89' lang='lat' dir='ltr'><strong>possent</strong></span> <span class='ocrx_word' id='word_1_189' title='bbox 1749 1750 1915 1811; x_wconf 77' lang='lat' dir='ltr'><strong>eons&#39;stere.</strong></span> 
     </span>
     <span class='ocr_line' id='line_1_17' title="bbox 331 1841 1916 1923; baseline 0 -20"><span class='ocrx_word' id='word_1_190' title='bbox 331 1843 500 1921; x_wconf 88' lang='lat' dir='ltr'><strong>quamdam</strong></span> <span class='ocrx_word' id='word_1_191' title='bbox 513 1862 578 1905; x_wconf 89' lang='lat' dir='ltr'><strong>esse</strong></span> <span class='ocrx_word' id='word_1_192' title='bbox 597 1844 743 1905; x_wconf 87' lang='lat' dir='ltr'><strong>dixerunt</strong></span> <span class='ocrx_word' id='word_1_193' title='bbox 769 1861 888 1923; x_wconf 81' lang='lat' dir='ltr'><strong>aquam</strong></span> <span class='ocrx_word' id='word_1_194' title='bbox 907 1845 988 1904; x_wconf 86' lang='lat' dir='ltr'><strong>Deus</strong></span> <span class='ocrx_word' id='word_1_195' title='bbox 1007 1844 1108 1904; x_wconf 90' lang='lat' dir='ltr'><strong>omni·</strong></span> <span class='ocrx_word' id='word_1_196' title='bbox 1156 1841 1191 1901; x_wconf 92' lang='lat' dir='ltr'><strong>ln</strong></span> <span class='ocrx_word' id='word_1_197' title='bbox 1216 1860 1279 1921; x_wconf 90' lang='lat' dir='ltr'><strong>quo</strong></span> <span class='ocrx_word' id='word_1_198' title='bbox 1302 1843 1484 1923; x_wconf 87' lang='lat' dir='ltr'><strong>proprietati</strong></span> <span class='ocrx_word' id='word_1_199' title='bbox 1510 1843 1646 1904; x_wconf 88' lang='lat' dir='ltr'><strong>nominis</strong></span> <span class='ocrx_word' id='word_1_200' title='bbox 1675 1854 1718 1904; x_wconf 76' lang='grc' dir='ltr'><strong>τοῦ</strong></span> <span class='ocrx_word' id='word_1_201' title='bbox 1731 1851 1916 1923; x_wconf 53' lang='lat' dir='ltr'><strong>ammaum</strong></span> 
     </span>
     <span class='ocr_line' id='line_1_18' title="bbox 330 1933 1915 2015; baseline 0 -20"><span class='ocrx_word' id='word_1_202' title='bbox 330 1940 441 2013; x_wconf 91' lang='lat' dir='ltr'><strong>potens</strong></span> <span class='ocrx_word' id='word_1_203' title='bbox 463 1955 529 1996; x_wconf 91' lang='lat' dir='ltr'><strong>non</strong></span> <span class='ocrx_word' id='word_1_204' title='bbox 551 1937 712 2013; x_wconf 89' lang='lat' dir='ltr'><strong>creaverit,</strong></span> <span class='ocrx_word' id='word_1_205' title='bbox 737 1937 776 1998; x_wconf 92' lang='lat' dir='ltr'><strong>de</strong></span> <span class='ocrx_word' id='word_1_206' title='bbox 799 1955 862 2015; x_wconf 89' lang='lat' dir='ltr'><strong>qua</strong></span> <span class='ocrx_word' id='word_1_207' title='bbox 883 1942 990 1997; x_wconf 90' lang='lat' dir='ltr'><strong>tamen</strong></span> <span class='ocrx_word' id='word_1_208' title='bbox 1011 1936 1106 1997; x_wconf 87' lang='lat' dir='ltr'><strong>istam</strong></span> <span class='ocrx_word' id='word_1_209' title='bbox 1154 1936 1329 2014; x_wconf 86' lang='lat' dir='ltr'><strong>respondet,</strong></span> <span class='ocrx_word' id='word_1_210' title='bbox 1356 1937 1441 2015; x_wconf 90' lang='lat' dir='ltr'><strong>quod</strong></span> <span class='ocrx_word' id='word_1_211' title='bbox 1465 1934 1665 1996; x_wconf 67' lang='lat' dir='ltr'><strong>montisaenei</strong></span> <span class='ocrx_word' id='word_1_212' title='bbox 1690 1953 1768 1995; x_wconf 77' lang='lat' dir='ltr'><strong>roae</strong></span> <span class='ocrx_word' id='word_1_213' title='bbox 1796 1933 1915 1995; x_wconf 82' lang='lat' dir='ltr'><strong>declarat</strong></span> 
     </span>
     <span class='ocr_line' id='line_1_19' title="bbox 330 2025 1916 2107; baseline 0.001 -22"><span class='ocrx_word' id='word_1_214' title='bbox 330 2027 485 2088; x_wconf 92' lang='lat' dir='ltr'><strong>mundum</strong></span> <span class='ocrx_word' id='word_1_215' title='bbox 493 2027 698 2104; x_wconf 82' lang='lat' dir='ltr'><strong>fabricaverit,</strong></span> <span class='ocrx_word' id='word_1_216' title='bbox 714 2028 758 2089; x_wconf 88' lang='lat' dir='ltr'><strong>ita</strong></span> <span class='ocrx_word' id='word_1_217' title='bbox 772 2029 894 2090; x_wconf 88' lang='lat' dir='ltr'><strong>Patrem</strong></span> <span class='ocrx_word' id='word_1_218' title='bbox 908 2028 1103 2106; x_wconf 89' lang='lat' dir='ltr'><strong>omnipoten-</strong></span> <span class='ocrx_word' id='word_1_219' title='bbox 1154 2026 1375 2106; x_wconf 59' lang='lat' dir='ltr'><strong>Augustinusl,</strong></span> <span class='ocrx_word' id='word_1_220' title='bbox 1392 2034 1423 2089; x_wconf 85' lang='lat' dir='ltr'><strong>et</strong></span> <span class='ocrx_word' id='word_1_221' title='bbox 1433 2029 1461 2089; x_wconf 91' lang='lat' dir='ltr'><strong>ei</strong></span> <span class='ocrx_word' id='word_1_222' title='bbox 1480 2028 1564 2107; x_wconf 89' lang='lat' dir='ltr'><strong>quod</strong></span> <span class='ocrx_word' id='word_1_223' title='bbox 1577 2026 1709 2088; x_wconf 88' lang='lat' dir='ltr'><strong>dicimus</strong></span> <span class='ocrx_word' id='word_1_224' title='bbox 1722 2025 1916 2106; x_wconf 82' lang='lat' dir='ltr'><strong>adstipulatur</strong></span> 
     </span>
     <span class='ocr_line' id='line_1_20' title="bbox 329 2118 1914 2199; baseline 0 -20"><span class='ocrx_word' id='word_1_225' title='bbox 329 2122 393 2180; x_wconf 89' lang='lat' dir='ltr'><strong>tem</strong></span> <span class='ocrx_word' id='word_1_226' title='bbox 415 2138 528 2199; x_wconf 79' lang='lat' dir='ltr'><strong>negare</strong></span> <span class='ocrx_word' id='word_1_227' title='bbox 543 2122 652 2196; x_wconf 89' lang='lat' dir='ltr'><strong>Deum,</strong></span> <span class='ocrx_word' id='word_1_228' title='bbox 677 2120 731 2195; x_wconf 89' lang='lat' dir='ltr'><strong>ait,</strong></span> <span class='ocrx_word' id='word_1_229' title='bbox 747 2125 783 2179; x_wconf 89' lang='lat' dir='ltr'><strong>ut</strong></span> <span class='ocrx_word' id='word_1_230' title='bbox 804 2139 869 2180; x_wconf 91' lang='lat' dir='ltr'><strong>non</strong></span> <span class='ocrx_word' id='word_1_231' title='bbox 890 2137 964 2180; x_wconf 89' lang='lat' dir='ltr'><strong>eum</strong></span> <span class='ocrx_word' id='word_1_232' title='bbox 978 2121 1105 2181; x_wconf 88' lang='lat' dir='ltr'><strong>credant</strong></span> <span class='ocrx_word' id='word_1_233' title='bbox 1122 2153 1124 2157; x_wconf 80' lang='grc'><em>·</em></span> <span class='ocrx_word' id='word_1_234' title='bbox 1153 2119 1202 2179; x_wconf 90' lang='lat' dir='ltr'><strong>his</strong></span> <span class='ocrx_word' id='word_1_235' title='bbox 1223 2120 1325 2181; x_wconf 88' lang='lat' dir='ltr'><strong>verbis</strong></span> <span class='ocrx_word' id='word_1_236' title='bbox 1348 2141 1356 2180; x_wconf 90' lang='lat'>:</span> <span class='ocrx_word' id='word_1_237' title='bbox 1385 2120 1562 2181; x_wconf 76' lang='lat' dir='ltr'><strong>«Crantoris</strong></span> <span class='ocrx_word' id='word_1_238' title='bbox 1580 2137 1717 2199; x_wconf 87' lang='lat' dir='ltr'><strong>namque</strong></span> <span class='ocrx_word' id='word_1_239' title='bbox 1739 2118 1914 2198; x_wconf 78' lang='lat' dir='ltr'><strong>potenhact</strong></span> 
     </span>
     <span class='ocr_line' id='line_1_21' title="bbox 328 2210 1914 2292; baseline 0 -22"><span class='ocrx_word' id='word_1_240' title='bbox 328 2210 485 2272; x_wconf 92' lang='lat' dir='ltr'><strong>mundum</strong></span> <span class='ocrx_word' id='word_1_241' title='bbox 506 2212 643 2291; x_wconf 90' lang='lat' dir='ltr'><strong>potuisse</strong></span> <span class='ocrx_word' id='word_1_242' title='bbox 666 2212 765 2273; x_wconf 85' lang='lat' dir='ltr'><strong>lacere</strong></span> <span class='ocrx_word' id='word_1_243' title='bbox 784 2212 844 2273; x_wconf 89' lang='lat' dir='ltr'><strong>nisi</strong></span> <span class='ocrx_word' id='word_1_244' title='bbox 866 2212 905 2272; x_wconf 89' lang='lat' dir='ltr'><strong>ud</strong></span> <span class='ocrx_word' id='word_1_245' title='bbox 926 2229 1000 2272; x_wconf 91' lang='lat' dir='ltr'><strong>eum</strong></span> <span class='ocrx_word' id='word_1_246' title='bbox 1013 2211 1105 2272; x_wconf 83' lang='lat' dir='ltr'><strong>labri·</strong></span> <span class='ocrx_word' id='word_1_247' title='bbox 1153 2211 1375 2292; x_wconf 90' lang='lat' dir='ltr'><strong>omnipotentis</strong></span> <span class='ocrx_word' id='word_1_248' title='bbox 1388 2217 1481 2292; x_wconf 89' lang='lat' dir='ltr'><strong>atque</strong></span> <span class='ocrx_word' id='word_1_249' title='bbox 1494 2211 1826 2273; x_wconf 73' lang='lat' dir='ltr'><strong>omnitenentisrirtus</strong></span> <span class='ocrx_word' id='word_1_250' title='bbox 1838 2228 1914 2271; x_wconf 79' lang='lat' dir='ltr'><strong>caum</strong></span> 
     </span>
     <span class='ocr_line' id='line_1_22' title="bbox 328 2301 1913 2382; baseline 0 -20"><span class='ocrx_word' id='word_1_251' title='bbox 328 2302 465 2362; x_wconf 91' lang='lat' dir='ltr'><strong>candum</strong></span> <span class='ocrx_word' id='word_1_252' title='bbox 483 2303 543 2363; x_wconf 86' lang='lat' dir='ltr'><strong>aha</strong></span> <span class='ocrx_word' id='word_1_253' title='bbox 561 2310 683 2380; x_wconf 90' lang='lat' dir='ltr'><strong>natura,</strong></span> <span class='ocrx_word' id='word_1_254' title='bbox 699 2303 814 2364; x_wconf 88' lang='lat' dir='ltr'><strong>scilieet</strong></span> <span class='ocrx_word' id='word_1_255' title='bbox 834 2322 904 2382; x_wconf 86' lang='lat' dir='ltr'><strong>qnae</strong></span> <span class='ocrx_word' id='word_1_256' title='bbox 923 2304 990 2382; x_wconf 85' lang='lat' dir='ltr'><strong>jam</strong></span> <span class='ocrx_word' id='word_1_257' title='bbox 1003 2304 1104 2365; x_wconf 86' lang='lat' dir='ltr'><strong>fuerat</strong></span> <span class='ocrx_word' id='word_1_258' title='bbox 1152 2304 1336 2365; x_wconf 88' lang='lat' dir='ltr'><strong>subsistendi</strong></span> <span class='ocrx_word' id='word_1_259' title='bbox 1349 2311 1394 2365; x_wconf 88' lang='lat' dir='ltr'><strong>est</strong></span> <span class='ocrx_word' id='word_1_260' title='bbox 1408 2304 1495 2365; x_wconf 90' lang='lat' dir='ltr'><strong>omni</strong></span> <span class='ocrx_word' id='word_1_261' title='bbox 1510 2308 1671 2377; x_wconf 80' lang='lat' dir='ltr'><strong>creaturae,</strong></span> <span class='ocrx_word' id='word_1_262' title='bbox 1686 2321 1759 2381; x_wconf 79' lang='lat' dir='ltr'><strong>quae</strong></span> <span class='ocrx_word' id='word_1_263' title='bbox 1779 2302 1872 2363; x_wconf 88' lang='lat' dir='ltr'><strong>virtus</strong></span> <span class='ocrx_word' id='word_1_264' title='bbox 1882 2301 1913 2362; x_wconf 88' lang='lat' dir='ltr'><strong>ab</strong></span> 
     </span>
     <span class='ocr_line' id='line_1_23' title="bbox 328 2394 1911 2476; baseline 0.001 -23"><span class='ocrx_word' id='word_1_265' title='bbox 328 2399 360 2453; x_wconf 87' lang='lat' dir='ltr'><strong>et</strong></span> <span class='ocrx_word' id='word_1_266' title='bbox 391 2412 487 2472; x_wconf 89' lang='lat' dir='ltr'><strong>quam</strong></span> <span class='ocrx_word' id='word_1_267' title='bbox 521 2395 587 2474; x_wconf 89' lang='lat' dir='ltr'><strong>ipse</strong></span> <span class='ocrx_word' id='word_1_268' title='bbox 618 2413 682 2456; x_wconf 92' lang='lat' dir='ltr'><strong>non</strong></span> <span class='ocrx_word' id='word_1_269' title='bbox 713 2395 826 2457; x_wconf 84' lang='lat' dir='ltr'><strong>fecerat</strong></span> <span class='ocrx_word' id='word_1_270' title='bbox 857 2400 1009 2473; x_wconf 90' lang='lat' dir='ltr'><strong>uteretur,</strong></span> <span class='ocrx_word' id='word_1_271' title='bbox 1043 2402 1100 2458; x_wconf 87' lang='lat' dir='ltr'><strong>cto.</strong></span> <span class='ocrx_word' id='word_1_272' title='bbox 1152 2396 1196 2456; x_wconf 87' lang='lat' dir='ltr'><strong>eis</strong></span> <span class='ocrx_word' id='word_1_273' title='bbox 1210 2394 1848 2476; x_wconf 77' lang='lat' dir='ltr'><strong>quaeoreatasuutregendissialiquando</strong></span> <span class='ocrx_word' id='word_1_274' title='bbox 1861 2412 1911 2455; x_wconf 75' lang='lat' dir='ltr'><strong>ora</strong></span> 
     </span>
     <span class='ocr_line' id='line_1_24' title="bbox 328 2484 1909 2566; baseline 0.002 -22"><span class='ocrx_word' id='word_1_275' title='bbox 328 2484 369 2545; x_wconf 78' lang='lat' dir='ltr'><strong>At</strong></span> <span class='ocrx_word' id='word_1_276' title='bbox 403 2485 429 2545; x_wconf 92' lang='lat' dir='ltr'><strong>si</strong></span> <span class='ocrx_word' id='word_1_277' title='bbox 467 2486 713 2565; x_wconf 89' lang='lat' dir='ltr'><strong>omnipotentem</strong></span> <span class='ocrx_word' id='word_1_278' title='bbox 751 2488 850 2548; x_wconf 87' lang='lat' dir='ltr'><strong>Deum</strong></span> <span class='ocrx_word' id='word_1_279' title='bbox 886 2487 1102 2549; x_wconf 83' lang='lat' dir='ltr'><strong>fabricatorem</strong></span> <span class='ocrx_word' id='word_1_280' title='bbox 1152 2495 1243 2564; x_wconf 89' lang='lat' dir='ltr'><strong>soret,</strong></span> <span class='ocrx_word' id='word_1_281' title='bbox 1259 2488 1352 2549; x_wconf 91' lang='lat' dir='ltr'><strong>simul</strong></span> <span class='ocrx_word' id='word_1_282' title='bbox 1372 2493 1403 2550; x_wconf 92' lang='lat' dir='ltr'><strong>et</strong></span> <span class='ocrx_word' id='word_1_283' title='bbox 1420 2488 1547 2549; x_wconf 92' lang='lat' dir='ltr'><strong>illorum</strong></span> <span class='ocrx_word' id='word_1_284' title='bbox 1566 2493 1697 2549; x_wconf 85' lang='lat' dir='ltr'><strong>cessaret</strong></span> <span class='ocrx_word' id='word_1_285' title='bbox 1715 2488 1842 2566; x_wconf 87' lang='lat' dir='ltr'><strong>species,</strong></span> <span class='ocrx_word' id='word_1_286' title='bbox 1855 2505 1909 2547; x_wconf 89' lang='lat' dir='ltr'><strong>om·</strong></span> 
     </span>
     <span class='ocr_line' id='line_1_25' title="bbox 327 2576 1910 2660; baseline 0.001 -24"><span class='ocrx_word' id='word_1_287' title='bbox 327 2576 438 2637; x_wconf 90' lang='lat' dir='ltr'><strong>mundi</strong></span> <span class='ocrx_word' id='word_1_288' title='bbox 470 2596 535 2638; x_wconf 87' lang='lat' dir='ltr'><strong>esse</strong></span> <span class='ocrx_word' id='word_1_289' title='bbox 571 2579 758 2655; x_wconf 88' lang='lat' dir='ltr'><strong>concedunt,</strong></span> <span class='ocrx_word' id='word_1_290' title='bbox 790 2578 946 2640; x_wconf 73' lang='lat' dir='ltr'><strong>fateantur</strong></span> <span class='ocrx_word' id='word_1_291' title='bbox 978 2598 1102 2643; x_wconf 89' lang='lat' dir='ltr'><strong>necesse</strong></span> <span class='ocrx_word' id='word_1_292' title='bbox 1152 2581 1261 2660; x_wconf 88' lang='lat' dir='ltr'><strong>uisque</strong></span> <span class='ocrx_word' id='word_1_293' title='bbox 1292 2586 1405 2641; x_wconf 87' lang='lat' dir='ltr'><strong>natura</strong></span> <span class='ocrx_word' id='word_1_294' title='bbox 1433 2580 1643 2641; x_wconf 72' lang='lat' dir='ltr'><strong>concideret.»</strong></span> <span class='ocrx_word' id='word_1_295' title='bbox 1680 2580 1772 2653; x_wconf 80' lang='lat' dir='ltr'><strong>Quod</strong></span> <span class='ocrx_word' id='word_1_296' title='bbox 1801 2578 1910 2639; x_wconf 71' lang='grc' dir='ltr'>ιιδοιὶοο</span> 
     </span>
     <span class='ocr_line' id='line_1_26' title="bbox 327 2669 1909 2752; baseline 0.003 -23"><span class='ocrx_word' id='word_1_297' title='bbox 327 2672 374 2729; x_wconf 88' lang='lat' dir='ltr'><strong>est</strong></span> <span class='ocrx_word' id='word_1_298' title='bbox 401 2687 440 2729; x_wconf 85' lang='lat' dir='ltr'><strong>ex</strong></span> <span class='ocrx_word' id='word_1_299' title='bbox 466 2669 564 2730; x_wconf 89' lang='lat' dir='ltr'><strong>nihilo</strong></span> <span class='ocrx_word' id='word_1_300' title='bbox 593 2688 666 2732; x_wconf 91' lang='lat' dir='ltr'><strong>eum</strong></span> <span class='ocrx_word' id='word_1_301' title='bbox 690 2670 796 2732; x_wconf 84' lang='lat' dir='ltr'><strong>fecisse</strong></span> <span class='ocrx_word' id='word_1_302' title='bbox 821 2690 891 2751; x_wconf 90' lang='lat' dir='ltr'><strong>quae</strong></span> <span class='ocrx_word' id='word_1_303' title='bbox 921 2672 1002 2732; x_wconf 87' lang='lat' dir='ltr'><strong>feeit.</strong></span> <span class='ocrx_word' id='word_1_304' title='bbox 1032 2674 1102 2736; x_wconf 92' lang='lat' dir='ltr'><strong>Non</strong></span> <span class='ocrx_word' id='word_1_305' title='bbox 1151 2671 1303 2751; x_wconf 85' lang='lat' dir='ltr'><strong>explicare</strong></span> <span class='ocrx_word' id='word_1_306' title='bbox 1317 2674 1428 2752; x_wconf 80' lang='lat' dir='ltr'><strong>pergit,</strong></span> <span class='ocrx_word' id='word_1_307' title='bbox 1445 2691 1544 2752; x_wconf 90' lang='lat' dir='ltr'><strong>eoque</strong></span> <span class='ocrx_word' id='word_1_308' title='bbox 1559 2672 1638 2732; x_wconf 91' lang='lat' dir='ltr'><strong>illud</strong></span> <span class='ocrx_word' id='word_1_309' title='bbox 1653 2689 1692 2732; x_wconf 82' lang='lat' dir='ltr'><strong>ex</strong></span> <span class='ocrx_word' id='word_1_310' title='bbox 1705 2670 1909 2751; x_wconf 77' lang='lat' dir='ltr'><strong>octavooaplte</strong></span> 
     </span>
     <span class='ocr_line' id='line_1_27' title="bbox 327 2758 1909 2845; baseline 0.003 -25"><span class='ocrx_word' id='word_1_311' title='bbox 327 2758 411 2820; x_wconf 89' lang='lat' dir='ltr'><strong>enim</strong></span> <span class='ocrx_word' id='word_1_312' title='bbox 434 2761 552 2840; x_wconf 88' lang='lat' dir='ltr'><strong>aliquid</strong></span> <span class='ocrx_word' id='word_1_313' title='bbox 577 2780 642 2824; x_wconf 89' lang='lat' dir='ltr'><strong>esse</strong></span> <span class='ocrx_word' id='word_1_314' title='bbox 664 2768 766 2842; x_wconf 87' lang='lat' dir='ltr'><strong>potest</strong></span> <span class='ocrx_word' id='word_1_315' title='bbox 786 2762 874 2841; x_wconf 89' lang='lat' dir='ltr'><strong>eujus</strong></span> <span class='ocrx_word' id='word_1_316' title='bbox 897 2769 1016 2825; x_wconf 88' lang='lat' dir='ltr'><strong>creator</strong></span> <span class='ocrx_word' id='word_1_317' title='bbox 1037 2784 1101 2826; x_wconf 90' lang='lat' dir='ltr'><strong>non</strong></span> <span class='ocrx_word' id='word_1_318' title='bbox 1150 2762 1314 2845; x_wconf 80' lang='lat' dir='ltr'><strong>Sapientia</strong></span> <span class='ocrx_word' id='word_1_319' title='bbox 1333 2770 1494 2844; x_wconf 89' lang='lat' dir='ltr'><strong>sumptum</strong></span> <span class='ocrx_word' id='word_1_320' title='bbox 1509 2764 1739 2826; x_wconf 89' lang='lat' dir='ltr'><strong>accommodat:</strong></span> <span class='ocrx_word' id='word_1_321' title='bbox 1757 2764 1909 2842; x_wconf 78' lang='lat' dir='ltr'><strong>«Pertingit</strong></span> 
     </span>
     <span class='ocr_line' id='line_1_28' title="bbox 325 2855 1972 2936; baseline 0.002 -24"><span class='ocrx_word' id='word_1_322' title='bbox 325 2856 415 2928; x_wconf 85' lang='lat' dir='ltr'><strong>esset,</strong></span> <span class='ocrx_word' id='word_1_323' title='bbox 441 2870 514 2913; x_wconf 86' lang='lat' dir='ltr'><strong>oum</strong></span> <span class='ocrx_word' id='word_1_324' title='bbox 535 2860 614 2915; x_wconf 88' lang='lat' dir='ltr'><strong>esset</strong></span> <span class='ocrx_word' id='word_1_325' title='bbox 631 2855 865 2933; x_wconf 85' lang='lat' dir='ltr'><strong>omnipotens.»</strong></span> <span class='ocrx_word' id='word_1_326' title='bbox 892 2855 929 2915; x_wconf 91' lang='lat' dir='ltr'><strong>Et</strong></span> <span class='ocrx_word' id='word_1_327' title='bbox 951 2856 1101 2918; x_wconf 87' lang='lat' dir='ltr'><strong>Eusebius</strong></span> <span class='ocrx_word' id='word_1_328' title='bbox 1150 2855 1254 2917; x_wconf 88' lang='lat' dir='ltr'><strong>efine</strong></span> <span class='ocrx_word' id='word_1_329' title='bbox 1277 2875 1375 2936; x_wconf 90' lang='lat' dir='ltr'><strong>usque</strong></span> <span class='ocrx_word' id='word_1_330' title='bbox 1404 2857 1444 2917; x_wconf 89' lang='lat' dir='ltr'><strong>ad</strong></span> <span class='ocrx_word' id='word_1_331' title='bbox 1472 2858 1568 2918; x_wconf 87' lang='lat' dir='ltr'><strong>linem</strong></span> <span class='ocrx_word' id='word_1_332' title='bbox 1590 2856 1711 2918; x_wconf 85' lang='lat' dir='ltr'><strong>fortiter</strong></span> <span class='ocrx_word' id='word_1_333' title='bbox 1734 2862 1768 2917; x_wconf 87' lang='lat' dir='ltr'><strong>et</strong></span> <span class='ocrx_word' id='word_1_334' title='bbox 1792 2856 1907 2936; x_wconf 82' lang='lat' dir='ltr'><strong>disponit</strong></span> <span class='ocrx_word' id='word_1_335' title='bbox 1970 2868 1972 2925; x_wconf 69' lang='grc' dir='ltr'>ι</span> 
     </span>
     <span class='ocr_line' id='line_1_29' title="bbox 325 2943 1972 3027; baseline 0.003 -23"><span class='ocrx_word' id='word_1_336' title='bbox 325 2943 380 3022; x_wconf 88' lang='lat' dir='ltr'><strong>qui</strong></span> <span class='ocrx_word' id='word_1_337' title='bbox 395 2944 572 3006; x_wconf 88' lang='lat' dir='ltr'><strong>Emissenus</strong></span> <span class='ocrx_word' id='word_1_338' title='bbox 592 2946 687 3026; x_wconf 80' lang='lat' dir='ltr'><strong>vulgo</strong></span> <span class='ocrx_word' id='word_1_339' title='bbox 708 2947 832 3023; x_wconf 87' lang='lat' dir='ltr'><strong>dicitur,</strong></span> <span class='ocrx_word' id='word_1_340' title='bbox 857 2947 985 3007; x_wconf 90' lang='lat' dir='ltr'><strong>homilia</strong></span> <span class='ocrx_word' id='word_1_341' title='bbox 1000 2950 1100 3027; x_wconf 90' lang='lat' dir='ltr'><strong>prima</strong></span> <span class='ocrx_word' id='word_1_342' title='bbox 1150 2949 1257 3009; x_wconf 90' lang='lat' dir='ltr'><strong>omnia</strong></span> <span class='ocrx_word' id='word_1_343' title='bbox 1273 2950 1444 3011; x_wconf 73' lang='lat' dir='ltr'><strong>suuntur.»</strong></span> <span class='ocrx_word' id='word_1_344' title='bbox 1471 2951 1549 3010; x_wconf 83' lang='lat' dir='ltr'><strong>Item</strong></span> <span class='ocrx_word' id='word_1_345' title='bbox 1574 2948 1652 3008; x_wconf 90' lang='lat' dir='ltr'><strong>illud</strong></span> <span class='ocrx_word' id='word_1_346' title='bbox 1669 2950 1814 3010; x_wconf 78' lang='lat' dir='ltr'><strong>Actorum</strong></span> <span class='ocrx_word' id='word_1_347' title='bbox 1831 2963 1905 3021; x_wconf 74' lang='lat' dir='ltr'><strong>mvn,</strong></span> <span class='ocrx_word' id='word_1_348' title='bbox 1970 2954 1972 3017; x_wconf 74' lang='grc' dir='ltr'>ζ</span> 
     </span>
     <span class='ocr_line' id='line_1_30' title="bbox 324 3020 1972 3119; baseline 0.004 -23"><span class='ocrx_word' id='word_1_349' title='bbox 324 3032 360 3096; x_wconf 80' lang='lat' dir='ltr'><strong>de</strong></span> <span class='ocrx_word' id='word_1_350' title='bbox 373 3034 516 3118; x_wconf 75' lang='lat' dir='ltr'><strong>Symbola</strong></span> <span class='ocrx_word' id='word_1_351' title='bbox 530 3058 540 3099; x_wconf 91' lang='lat'><strong>.·</strong></span> <span class='ocrx_word' id='word_1_352' title='bbox 558 3040 693 3101; x_wconf 81' lang='lat' dir='ltr'><strong>«Merito</strong></span> <span class='ocrx_word' id='word_1_353' title='bbox 707 3039 811 3118; x_wconf 86' lang='lat' dir='ltr'><strong>itaque</strong></span> <span class='ocrx_word' id='word_1_354' title='bbox 821 3040 1027 3119; x_wconf 84' lang='lat' dir='ltr'><strong>omnipotens,</strong></span> <span class='ocrx_word' id='word_1_355' title='bbox 1044 3042 1097 3119; x_wconf 88' lang='lat' dir='ltr'><strong>ait,</strong></span> <span class='ocrx_word' id='word_1_356' title='bbox 1149 3041 1188 3101; x_wconf 71' lang='lat'><strong>28</strong></span> <span class='ocrx_word' id='word_1_357' title='bbox 1204 3061 1211 3101; x_wconf 88' lang='lat'>:</span> <span class='ocrx_word' id='word_1_358' title='bbox 1227 3041 1266 3102; x_wconf 86' lang='lat' dir='ltr'><strong>Ia</strong></span> <span class='ocrx_word' id='word_1_359' title='bbox 1280 3041 1331 3102; x_wconf 84' lang='lat' dir='ltr'><strong>illo</strong></span> <span class='ocrx_word' id='word_1_360' title='bbox 1351 3042 1485 3117; x_wconf 80' lang='lat' dir='ltr'><strong>uiuimus,</strong></span> <span class='ocrx_word' id='word_1_361' title='bbox 1503 3059 1652 3102; x_wconf 81' lang='lat' dir='ltr'><strong>movemur</strong></span> <span class='ocrx_word' id='word_1_362' title='bbox 1664 3049 1692 3101; x_wconf 87' lang='lat' dir='ltr'><strong>et</strong></span> <span class='ocrx_word' id='word_1_363' title='bbox 1704 3060 1814 3102; x_wconf 83' lang='lat' dir='ltr'><strong>samus.</strong></span> <span class='ocrx_word' id='word_1_364' title='bbox 1971 3020 1972 3075; x_wconf 59' lang='lat' dir='ltr'><strong>l</strong></span> 
     </span>
     <span class='ocr_line' id='line_1_31' title="bbox 325 3122 1971 3214; baseline 0.003 -26"><span class='ocrx_word' id='word_1_365' title='bbox 325 3128 461 3189; x_wconf 79' lang='lat' dir='ltr'><strong>oraiitur</strong></span> <span class='ocrx_word' id='word_1_366' title='bbox 475 3131 616 3209; x_wconf 91' lang='lat' dir='ltr'><strong>quicum</strong></span> <span class='ocrx_word' id='word_1_367' title='bbox 633 3131 731 3193; x_wconf 91' lang='lat' dir='ltr'><strong>solem</strong></span> <span class='ocrx_word' id='word_1_368' title='bbox 748 3132 787 3192; x_wconf 92' lang='lat' dir='ltr'><strong>de</strong></span> <span class='ocrx_word' id='word_1_369' title='bbox 805 3131 887 3207; x_wconf 87' lang='lat' dir='ltr'><strong>luce,</strong></span> <span class='ocrx_word' id='word_1_370' title='bbox 902 3132 1099 3211; x_wconf 85' lang='lat' dir='ltr'><strong>splendorem</strong></span> <span class='ocrx_word' id='word_1_371' title='bbox 1189 3133 1241 3193; x_wconf 90' lang='lat' dir='ltr'><strong>Xl.</strong></span> <span class='ocrx_word' id='word_1_372' title='bbox 1264 3134 1369 3195; x_wconf 80' lang='lat' dir='ltr'><strong>Altera</strong></span> <span class='ocrx_word' id='word_1_373' title='bbox 1384 3134 1440 3195; x_wconf 89' lang='lat' dir='ltr'><strong>dos</strong></span> <span class='ocrx_word' id='word_1_374' title='bbox 1452 3134 1686 3213; x_wconf 73' lang='lat' dir='ltr'><strong>omnipotentie</strong></span> <span class='ocrx_word' id='word_1_375' title='bbox 1700 3139 1748 3195; x_wconf 87' lang='lat' dir='ltr'><strong>est</strong></span> <span class='ocrx_word' id='word_1_376' title='bbox 1761 3134 1841 3214; x_wconf 92' lang='lat' dir='ltr'><strong>quod</strong></span> <span class='ocrx_word' id='word_1_377' title='bbox 1852 3133 1905 3193; x_wconf 89' lang='lat' dir='ltr'><strong>sine</strong></span> <span class='ocrx_word' id='word_1_378' title='bbox 1920 3122 1971 3214; x_wconf 72' lang='lat' dir='ltr'><strong>aul</strong></span> 
     </span>
     <span class='ocr_line' id='line_1_32' title="bbox 324 3216 1970 3324; baseline 0.005 -45"><span class='ocrx_word' id='word_1_379' title='bbox 324 3218 363 3280; x_wconf 90' lang='lat' dir='ltr'><strong>de</strong></span> <span class='ocrx_word' id='word_1_380' title='bbox 377 3220 540 3298; x_wconf 86' lang='lat' dir='ltr'><strong>splendore</strong></span> <span class='ocrx_word' id='word_1_381' title='bbox 549 3224 722 3302; x_wconf 70' lang='lat' dir='ltr'><strong>protulerit,</strong></span> <span class='ocrx_word' id='word_1_382' title='bbox 734 3225 777 3284; x_wconf 89' lang='lat' dir='ltr'><strong>sio</strong></span> <span class='ocrx_word' id='word_1_383' title='bbox 787 3224 939 3285; x_wconf 88' lang='lat' dir='ltr'><strong>eaomnia</strong></span> <span class='ocrx_word' id='word_1_384' title='bbox 949 3243 988 3285; x_wconf 84' lang='lat' dir='ltr'><strong>ex</strong></span> <span class='ocrx_word' id='word_1_385' title='bbox 1001 3226 1098 3289; x_wconf 89' lang='lat' dir='ltr'><strong>nihilo</strong></span> <span class='ocrx_word' id='word_1_386' title='bbox 1149 3223 1213 3285; x_wconf 89' lang='lat' dir='ltr'><strong>ullo</strong></span> <span class='ocrx_word' id='word_1_387' title='bbox 1228 3225 1405 3288; x_wconf 90' lang='lat' dir='ltr'><strong>discrimine</strong></span> <span class='ocrx_word' id='word_1_388' title='bbox 1420 3226 1548 3307; x_wconf 88' lang='lat' dir='ltr'><strong>perinde</strong></span> <span class='ocrx_word' id='word_1_389' title='bbox 1562 3244 1611 3287; x_wconf 85' lang='lat' dir='ltr'><strong>res</strong></span> <span class='ocrx_word' id='word_1_390' title='bbox 1624 3244 1734 3306; x_wconf 72' lang='lat' dir='ltr'><strong>parvm</strong></span> <span class='ocrx_word' id='word_1_391' title='bbox 1752 3233 1784 3287; x_wconf 87' lang='lat' dir='ltr'><strong>et</strong></span> <span class='ocrx_word' id='word_1_392' title='bbox 1796 3243 1904 3304; x_wconf 77' lang='lat' dir='ltr'><strong>magnas</strong></span> <span class='ocrx_word' id='word_1_393' title='bbox 1920 3216 1970 3324; x_wconf 48' lang='grc' dir='ltr'><strong>ἓξ</strong></span> 
     </span>
     <span class='ocr_line' id='line_1_33' title="bbox 324 3309 1969 3398; baseline 0.005 -28"><span class='ocrx_word' id='word_1_394' title='bbox 324 3309 357 3370; x_wconf 92' lang='lat' dir='ltr'><strong>in</strong></span> <span class='ocrx_word' id='word_1_395' title='bbox 377 3314 522 3393; x_wconf 85' lang='lat' dir='ltr'><strong>praecepti</strong></span> <span class='ocrx_word' id='word_1_396' title='bbox 541 3315 694 3377; x_wconf 84' lang='lat' dir='ltr'><strong>celeritate</strong></span> <span class='ocrx_word' id='word_1_397' title='bbox 717 3316 854 3395; x_wconf 87' lang='lat' dir='ltr'><strong>perfecit.</strong></span> <span class='ocrx_word' id='word_1_398' title='bbox 880 3317 998 3378; x_wconf 84' lang='lat' dir='ltr'><strong>Cuncta</strong></span> <span class='ocrx_word' id='word_1_399' title='bbox 1014 3319 1099 3380; x_wconf 90' lang='lat' dir='ltr'><strong>enim</strong></span> <span class='ocrx_word' id='word_1_400' title='bbox 1148 3334 1204 3395; x_wconf 90' lang='lat' dir='ltr'><strong>per</strong></span> <span class='ocrx_word' id='word_1_401' title='bbox 1217 3335 1283 3378; x_wconf 90' lang='lat' dir='ltr'><strong>sese</strong></span> <span class='ocrx_word' id='word_1_402' title='bbox 1297 3318 1469 3379; x_wconf 89' lang='lat' dir='ltr'><strong>condiderit</strong></span> <span class='ocrx_word' id='word_1_403' title='bbox 1482 3319 1593 3398; x_wconf 80' lang='lat' dir='ltr'><strong>aspari</strong></span> <span class='ocrx_word' id='word_1_404' title='bbox 1604 3324 1753 3398; x_wconf 70' lang='lat' dir='ltr'><strong>abasque</strong></span> <span class='ocrx_word' id='word_1_405' title='bbox 1767 3318 1901 3387; x_wconf 70' lang='lat' dir='ltr'><strong>heilihte,</strong></span> <span class='ocrx_word' id='word_1_406' title='bbox 1920 3316 1969 3393; x_wconf 63' lang='lat' dir='ltr'><strong>eat</strong></span> 
     </span>
     <span class='ocr_line' id='line_1_34' title="bbox 324 3408 1968 3501; baseline 0.004 -37"><span class='ocrx_word' id='word_1_407' title='bbox 324 3420 395 3481; x_wconf 77' lang='lat' dir='ltr'><strong>que</strong></span> <span class='ocrx_word' id='word_1_408' title='bbox 410 3409 482 3465; x_wconf 89' lang='lat' dir='ltr'><strong>ante</strong></span> <span class='ocrx_word' id='word_1_409' title='bbox 495 3423 560 3466; x_wconf 93' lang='lat' dir='ltr'><strong>non</strong></span> <span class='ocrx_word' id='word_1_410' title='bbox 579 3413 666 3467; x_wconf 88' lang='lat' dir='ltr'><strong>erant</strong></span> <span class='ocrx_word' id='word_1_411' title='bbox 684 3413 833 3488; x_wconf 86' lang='lat' dir='ltr'><strong>tanquam</strong></span> <span class='ocrx_word' id='word_1_412' title='bbox 850 3408 953 3469; x_wconf 89' lang='lat' dir='ltr'><strong>subito</strong></span> <span class='ocrx_word' id='word_1_413' title='bbox 972 3411 1098 3473; x_wconf 89' lang='lat' dir='ltr'><strong>aliunde</strong></span> <span class='ocrx_word' id='word_1_414' title='bbox 1147 3426 1213 3469; x_wconf 91' lang='lat' dir='ltr'><strong>non</strong></span> <span class='ocrx_word' id='word_1_415' title='bbox 1226 3417 1262 3471; x_wconf 92' lang='lat' dir='ltr'><strong>ut</strong></span> <span class='ocrx_word' id='word_1_416' title='bbox 1275 3410 1326 3471; x_wconf 92' lang='lat' dir='ltr'><strong>ille</strong></span> <span class='ocrx_word' id='word_1_417' title='bbox 1342 3409 1518 3471; x_wconf 81' lang='lat' dir='ltr'><strong>Platonicus</strong></span> <span class='ocrx_word' id='word_1_418' title='bbox 1531 3410 1564 3471; x_wconf 90' lang='lat' dir='ltr'><strong>in</strong></span> <span class='ocrx_word' id='word_1_419' title='bbox 1582 3410 1692 3472; x_wconf 75' lang='lat' dir='ltr'><strong>Tcinceo</strong></span> <span class='ocrx_word' id='word_1_420' title='bbox 1708 3411 1791 3471; x_wconf 87' lang='lat' dir='ltr'><strong>Deus</strong></span> <span class='ocrx_word' id='word_1_421' title='bbox 1803 3410 1902 3488; x_wconf 85' lang='lat' dir='ltr'><strong>majora</strong></span> <span class='ocrx_word' id='word_1_422' title='bbox 1967 3454 1968 3501; x_wconf 50' lang='lat' dir='ltr'><strong>q</strong></span> 
     </span>
     <span class='ocr_line' id='line_1_35' title="bbox 324 3495 1967 3582; baseline 0.005 -27"><span class='ocrx_word' id='word_1_423' title='bbox 324 3495 486 3573; x_wconf 88' lang='lat' dir='ltr'><strong>producta,</strong></span> <span class='ocrx_word' id='word_1_424' title='bbox 509 3502 581 3559; x_wconf 86' lang='lat' dir='ltr'><strong>ante</strong></span> <span class='ocrx_word' id='word_1_425' title='bbox 603 3504 716 3560; x_wconf 88' lang='lat' dir='ltr'><strong>nutum</strong></span> <span class='ocrx_word' id='word_1_426' title='bbox 739 3501 806 3579; x_wconf 88' lang='lat' dir='ltr'><strong>ejus</strong></span> <span class='ocrx_word' id='word_1_427' title='bbox 828 3502 974 3562; x_wconf 79' lang='lat' dir='ltr'><strong>velociter</strong></span> <span class='ocrx_word' id='word_1_428' title='bbox 996 3503 1099 3566; x_wconf 87' lang='lat' dir='ltr'><strong>astite-</strong></span> <span class='ocrx_word' id='word_1_429' title='bbox 1147 3501 1385 3579; x_wconf 88' lang='lat' dir='ltr'><strong>persemolitus</strong></span> <span class='ocrx_word' id='word_1_430' title='bbox 1394 3501 1602 3563; x_wconf 87' lang='lat' dir='ltr'><strong>universitatis</strong></span> <span class='ocrx_word' id='word_1_431' title='bbox 1610 3520 1717 3582; x_wconf 89' lang='lat' dir='ltr'><strong>opera,</strong></span> <span class='ocrx_word' id='word_1_432' title='bbox 1728 3521 1804 3563; x_wconf 89' lang='lat' dir='ltr'><strong>cum</strong></span> <span class='ocrx_word' id='word_1_433' title='bbox 1813 3502 1901 3563; x_wconf 77' lang='lat' dir='ltr'><strong>aden</strong></span> <span class='ocrx_word' id='word_1_434' title='bbox 1966 3554 1967 3565; x_wconf 71' lang='grc'>,</span> 
     </span>
     <span class='ocr_line' id='line_1_36' title="bbox 324 3572 1967 3673; baseline 0.007 -28"><span class='ocrx_word' id='word_1_435' title='bbox 324 3590 409 3662; x_wconf 90' lang='lat' dir='ltr'><strong>runt,</strong></span> <span class='ocrx_word' id='word_1_436' title='bbox 437 3587 525 3648; x_wconf 91' lang='lat' dir='ltr'><strong>nulla</strong></span> <span class='ocrx_word' id='word_1_437' title='bbox 551 3596 719 3670; x_wconf 88' lang='lat' dir='ltr'><strong>apparente</strong></span> <span class='ocrx_word' id='word_1_438' title='bbox 749 3593 890 3653; x_wconf 88' lang='lat' dir='ltr'><strong>materia.</strong></span> <span class='ocrx_word' id='word_1_439' title='bbox 915 3593 1007 3673; x_wconf 79' lang='lat' dir='ltr'><strong>Origo</strong></span> <span class='ocrx_word' id='word_1_440' title='bbox 1038 3595 1098 3673; x_wconf 80' lang='lat' dir='ltr'><strong>fuit</strong></span> <span class='ocrx_word' id='word_1_441' title='bbox 1147 3593 1347 3673; x_wconf 87' lang='lat' dir='ltr'><strong>perpolienda</strong></span> <span class='ocrx_word' id='word_1_442' title='bbox 1366 3600 1435 3655; x_wconf 87' lang='lat' dir='ltr'><strong>tum</strong></span> <span class='ocrx_word' id='word_1_443' title='bbox 1455 3594 1578 3655; x_wconf 93' lang='lat' dir='ltr'><strong>minora</strong></span> <span class='ocrx_word' id='word_1_444' title='bbox 1604 3594 1785 3656; x_wconf 77' lang='lat' dir='ltr'><strong>fabricanda</strong></span> <span class='ocrx_word' id='word_1_445' title='bbox 1803 3594 1901 3673; x_wconf 78' lang='lat' dir='ltr'><strong>reliqua</strong></span> <span class='ocrx_word' id='word_1_446' title='bbox 1966 3572 1967 3607; x_wconf 53' lang='lat'>¹</span> 
     </span>
     <span class='ocr_line' id='line_1_37' title="bbox 324 3679 1900 3763; baseline 0.004 -25"><span class='ocrx_word' id='word_1_447' title='bbox 324 3696 431 3739; x_wconf 88' lang='lat' dir='ltr'><strong>rerum</strong></span> <span class='ocrx_word' id='word_1_448' title='bbox 445 3679 554 3742; x_wconf 83' lang='lat' dir='ltr'><strong>efficax</strong></span> <span class='ocrx_word' id='word_1_449' title='bbox 567 3682 713 3744; x_wconf 90' lang='lat' dir='ltr'><strong>creatoris</strong></span> <span class='ocrx_word' id='word_1_450' title='bbox 726 3683 905 3763; x_wconf 93' lang='lat' dir='ltr'><strong>imperium.</strong></span> <span class='ocrx_word' id='word_1_451' title='bbox 917 3707 933 3744; x_wconf 85' lang='grc' dir='ltr'>ν</span> <span class='ocrx_word' id='word_1_452' title='bbox 1146 3684 1345 3747; x_wconf 88' lang='lat' dir='ltr'><strong>inferioribus</strong></span> <span class='ocrx_word' id='word_1_453' title='bbox 1358 3686 1517 3747; x_wconf 82' lang='lat' dir='ltr'><strong>mandavit</strong></span> <span class='ocrx_word' id='word_1_454' title='bbox 1526 3687 1595 3747; x_wconf 88' lang='lat' dir='ltr'><strong>diis.</strong></span> <span class='ocrx_word' id='word_1_455' title='bbox 1610 3687 1782 3748; x_wconf 67' lang='lat' dir='ltr'><strong>Esseerm</strong></span> <span class='ocrx_word' id='word_1_456' title='bbox 1794 3687 1847 3747; x_wconf 90' lang='lat' dir='ltr'><strong>hoc</strong></span> <span class='ocrx_word' id='word_1_457' title='bbox 1856 3686 1900 3745; x_wconf 88' lang='lat' dir='ltr'><strong>im-</strong></span> 
     </span>
     <span class='ocr_line' id='line_1_38' title="bbox 152 3760 1965 3859; baseline 0.003 -28"><span class='ocrx_word' id='word_1_458' title='bbox 152 3812 210 3858; x_wconf 70' lang='lat' dir='ltr'><strong>ocu·</strong></span> <span class='ocrx_word' id='word_1_459' title='bbox 227 3813 300 3857; x_wconf 74' lang='lat' dir='ltr'><strong>omna·</strong></span> <span class='ocrx_word' id='word_1_460' title='bbox 365 3770 402 3831; x_wconf 88' lang='lat' dir='ltr'><strong>X.</strong></span> <span class='ocrx_word' id='word_1_461' title='bbox 426 3772 607 3835; x_wconf 84' lang='lat' dir='ltr'><strong>Proximum</strong></span> <span class='ocrx_word' id='word_1_462' title='bbox 626 3775 698 3835; x_wconf 89' lang='lat' dir='ltr'><strong>huic</strong></span> <span class='ocrx_word' id='word_1_463' title='bbox 713 3781 744 3837; x_wconf 91' lang='lat' dir='ltr'><strong>et</strong></span> <span class='ocrx_word' id='word_1_464' title='bbox 763 3776 857 3838; x_wconf 88' lang='lat' dir='ltr'><strong>affine</strong></span> <span class='ocrx_word' id='word_1_465' title='bbox 871 3777 1026 3857; x_wconf 87' lang='lat' dir='ltr'><strong>specimen</strong></span> <span class='ocrx_word' id='word_1_466' title='bbox 1051 3786 1097 3842; x_wconf 88' lang='lat' dir='ltr'><strong>est</strong></span> <span class='ocrx_word' id='word_1_467' title='bbox 1145 3795 1262 3840; x_wconf 86' lang='lat' dir='ltr'><strong>mensae</strong></span> <span class='ocrx_word' id='word_1_468' title='bbox 1294 3783 1325 3839; x_wconf 88' lang='lat' dir='ltr'><strong>et</strong></span> <span class='ocrx_word' id='word_1_469' title='bbox 1359 3777 1550 3840; x_wconf 79' lang='lat' dir='ltr'><strong>inexhaustae</strong></span> <span class='ocrx_word' id='word_1_470' title='bbox 1582 3779 1744 3858; x_wconf 86' lang='lat' dir='ltr'><strong>eujusdam</strong></span> <span class='ocrx_word' id='word_1_471' title='bbox 1774 3777 1899 3859; x_wconf 78' lang='lat' dir='ltr'><strong>poteube</strong></span> <span class='ocrx_word' id='word_1_472' title='bbox 1964 3760 1965 3819; x_wconf 75' lang='lat' dir='ltr'><strong>l</strong></span> 
     </span>
     <span class='ocr_line' id='line_1_39' title="bbox 203 3863 1964 3951; baseline 0.005 -29"><span class='ocrx_word' id='word_1_473' title='bbox 203 3879 228 3910; x_wconf 66' lang='grc' dir='ltr'><strong>νε</strong></span> <span class='ocrx_word' id='word_1_474' title='bbox 245 3867 299 3923; x_wconf 81' lang='lat' dir='ltr'><strong>qun</strong></span> <span class='ocrx_word' id='word_1_475' title='bbox 324 3863 568 3943; x_wconf 80' lang='lat' dir='ltr'><strong>omnipotentiae,</strong></span> <span class='ocrx_word' id='word_1_476' title='bbox 584 3868 741 3947; x_wconf 90' lang='lat' dir='ltr'><strong>quodnon</strong></span> <span class='ocrx_word' id='word_1_477' title='bbox 754 3869 857 3931; x_wconf 91' lang='lat' dir='ltr'><strong>solum</strong></span> <span class='ocrx_word' id='word_1_478' title='bbox 870 3871 1001 3932; x_wconf 87' lang='lat' dir='ltr'><strong>materia</strong></span> <span class='ocrx_word' id='word_1_479' title='bbox 1009 3872 1097 3934; x_wconf 88' lang='lat' dir='ltr'><strong>nulla</strong></span> <span class='ocrx_word' id='word_1_480' title='bbox 1145 3870 1281 3931; x_wconf 85' lang='lat' dir='ltr'><strong>fatentur</strong></span> <span class='ocrx_word' id='word_1_481' title='bbox 1291 3888 1410 3947; x_wconf 90' lang='lat' dir='ltr'><strong>omnes,</strong></span> <span class='ocrx_word' id='word_1_482' title='bbox 1422 3889 1522 3932; x_wconf 90' lang='lat' dir='ltr'><strong>unum</strong></span> <span class='ocrx_word' id='word_1_483' title='bbox 1533 3872 1683 3948; x_wconf 88' lang='lat' dir='ltr'><strong>creandis,</strong></span> <span class='ocrx_word' id='word_1_484' title='bbox 1694 3869 1896 3951; x_wconf 80' lang='lat' dir='ltr'><strong>gubernandis</strong></span> <span class='ocrx_word' id='word_1_485' title='bbox 1963 3866 1964 3925; x_wconf 86' lang='lat' dir='ltr'><strong>l</strong></span> 
     </span>
    </p>
   </div>
   <div class='ocr_carea' id='block_1_3' title="bbox 150 3871 1963 4043">
    <p class='ocr_par' dir='ltr' id='par_1_3' title="bbox 150 3871 1963 4043">
     <span class='ocr_line' id='line_1_40' title="bbox 181 3871 202 3910; baseline 0.048 -1"><span class='ocrx_word' id='word_1_486' title='bbox 181 3871 202 3910; x_wconf 73' lang='lat' dir='ltr'><strong>lo</strong></span> 
     </span>
     <span class='ocr_line' id='line_1_41' title="bbox 150 3877 1963 4043; baseline 0.008 -27"><span class='ocrx_word' id='word_1_487' title='bbox 150 3877 300 4018; x_wconf 49' lang='lat' dir='ltr'><strong>fiam&amp;</strong></span> <span class='ocrx_word' id='word_1_488' title='bbox 323 3955 917 4039; x_wconf 82' lang='lat' dir='ltr'><strong>adprocreandumopushabuitlleus,</strong></span> <span class='ocrx_word' id='word_1_489' title='bbox 934 3963 1096 4026; x_wconf 89' lang='lat' dir='ltr'><strong>sedetiam</strong></span> <span class='ocrx_word' id='word_1_490' title='bbox 1145 3964 1424 4043; x_wconf 79' lang='lat' dir='ltr'><strong>conservandisque</strong></span> <span class='ocrx_word' id='word_1_491' title='bbox 1443 3963 1659 4025; x_wconf 88' lang='lat' dir='ltr'><strong>minutissimis</strong></span> <span class='ocrx_word' id='word_1_492' title='bbox 1672 3959 1898 4043; x_wconf 80' lang='lat' dir='ltr'><strong>quibusquesnl</strong></span> <span class='ocrx_word' id='word_1_493' title='bbox 1962 3966 1963 4031; x_wconf 89' lang='lat' dir='ltr'><strong>l</strong></span> 
     </span>
    </p>
   </div>
   <div class='ocr_carea' id='block_1_4' title="bbox 150 4028 1897 4506">
    <p class='ocr_par' dir='ltr' id='par_1_4' title="bbox 150 4028 1897 4506">
     <span class='ocr_line' id='line_1_42' title="bbox 150 4028 1897 4143; baseline 0.005 -36"><span class='ocrx_word' id='word_1_494' title='bbox 150 4028 298 4143; x_wconf 50' lang='grc' dir='ltr'><strong>,ᾗῇᾙὲζο</strong></span> <span class='ocrx_word' id='word_1_495' title='bbox 321 4044 529 4111; x_wconf 86' lang='lat' dir='ltr'><strong>instrumento</strong></span> <span class='ocrx_word' id='word_1_496' title='bbox 552 4050 651 4128; x_wconf 91' lang='lat' dir='ltr'><strong>nullo,</strong></span> <span class='ocrx_word' id='word_1_497' title='bbox 675 4057 711 4112; x_wconf 92' lang='lat' dir='ltr'><strong>ut</strong></span> <span class='ocrx_word' id='word_1_498' title='bbox 736 4052 872 4114; x_wconf 81' lang='lat' dir='ltr'><strong>lrenaeus</strong></span> <span class='ocrx_word' id='word_1_499' title='bbox 898 4053 933 4114; x_wconf 89' lang='lat' dir='ltr'><strong>in</strong></span> <span class='ocrx_word' id='word_1_500' title='bbox 959 4058 1095 4119; x_wconf 89' lang='lat' dir='ltr'><strong>secundo</strong></span> <span class='ocrx_word' id='word_1_501' title='bbox 1144 4056 1236 4118; x_wconf 86' lang='lat' dir='ltr'><strong>licere</strong></span> <span class='ocrx_word' id='word_1_502' title='bbox 1250 4062 1280 4117; x_wconf 92' lang='lat' dir='ltr'><strong>et</strong></span> <span class='ocrx_word' id='word_1_503' title='bbox 1293 4056 1332 4116; x_wconf 89' lang='lat' dir='ltr'><strong>ad</strong></span> <span class='ocrx_word' id='word_1_504' title='bbox 1342 4056 1537 4136; x_wconf 79' lang='lat' dir='ltr'><strong>singularum</strong></span> <span class='ocrx_word' id='word_1_505' title='bbox 1547 4052 1897 4137; x_wconf 72' lang='lat' dir='ltr'><strong>procurationemadm&#39;r</strong></span> 
     </span>
     <span class='ocr_line' id='line_1_43' title="bbox 151 4131 1894 4228; baseline 0.006 -30"><span class='ocrx_word' id='word_1_506' title='bbox 151 4138 174 4175; x_wconf 81' lang='lat'><strong>⁸⁰</strong></span> <span class='ocrx_word' id='word_1_507' title='bbox 190 4131 295 4188; x_wconf 58' lang='lat' dir='ltr'><strong>¹⁰⁶¹⁸⁰¹l</strong></span> <span class='ocrx_word' id='word_1_508' title='bbox 321 4137 412 4217; x_wconf 89' lang='lat' dir='ltr'><strong>lihro,</strong></span> <span class='ocrx_word' id='word_1_509' title='bbox 432 4142 531 4220; x_wconf 88' lang='lat' dir='ltr'><strong>eapite</strong></span> <span class='ocrx_word' id='word_1_510' title='bbox 544 4143 680 4204; x_wconf 86' lang='lat' dir='ltr'><strong>secundo</strong></span> <span class='ocrx_word' id='word_1_511' title='bbox 694 4144 792 4222; x_wconf 87' lang='lat' dir='ltr'><strong>doeet,</strong></span> <span class='ocrx_word' id='word_1_512' title='bbox 804 4151 835 4206; x_wconf 86' lang='lat' dir='ltr'><strong>et</strong></span> <span class='ocrx_word' id='word_1_513' title='bbox 848 4145 994 4207; x_wconf 78' lang='lat' dir='ltr'><strong>adversus</strong></span> <span class='ocrx_word' id='word_1_514' title='bbox 1007 4148 1093 4210; x_wconf 78' lang='lat' dir='ltr'><strong>Aria-</strong></span> <span class='ocrx_word' id='word_1_515' title='bbox 1143 4149 1420 4228; x_wconf 86' lang='lat' dir='ltr'><strong>nistrationemque</strong></span> <span class='ocrx_word' id='word_1_516' title='bbox 1442 4150 1643 4224; x_wconf 78' lang='lat' dir='ltr'><strong>descendere3</strong></span> <span class='ocrx_word' id='word_1_517' title='bbox 1674 4149 1729 4210; x_wconf 90' lang='lat' dir='ltr'><strong>sed</strong></span> <span class='ocrx_word' id='word_1_518' title='bbox 1753 4150 1791 4209; x_wconf 91' lang='lat' dir='ltr'><strong>de</strong></span> <span class='ocrx_word' id='word_1_519' title='bbox 1812 4144 1894 4228; x_wconf 74' lang='lat' dir='ltr'><strong>prori-</strong></span> 
     </span>
     <span class='ocr_line' id='line_1_44' title="bbox 320 4234 1896 4321; baseline 0.008 -32"><span class='ocrx_word' id='word_1_520' title='bbox 320 4247 377 4289; x_wconf 90' lang='lat' dir='ltr'><strong>nos</strong></span> <span class='ocrx_word' id='word_1_521' title='bbox 388 4249 470 4311; x_wconf 80' lang='lat' dir='ltr'><strong>saepe</strong></span> <span class='ocrx_word' id='word_1_522' title='bbox 484 4238 603 4295; x_wconf 80' lang='lat' dir='ltr'><strong>veteres</strong></span> <span class='ocrx_word' id='word_1_523' title='bbox 615 4241 778 4314; x_wconf 87' lang='lat' dir='ltr'><strong>usurpant.</strong></span> <span class='ocrx_word' id='word_1_524' title='bbox 794 4238 874 4297; x_wconf 87' lang='lat' dir='ltr'><strong>Nam</strong></span> <span class='ocrx_word' id='word_1_525' title='bbox 886 4237 1025 4301; x_wconf 86' lang='lat' dir='ltr'><strong>haeretiei</strong></span> <span class='ocrx_word' id='word_1_526' title='bbox 1035 4242 1091 4320; x_wconf 93' lang='lat' dir='ltr'><strong>illi,</strong></span> <span class='ocrx_word' id='word_1_527' title='bbox 1143 4241 1258 4319; x_wconf 86' lang='lat' dir='ltr'><strong>dantia,</strong></span> <span class='ocrx_word' id='word_1_528' title='bbox 1280 4241 1568 4321; x_wconf 78' lang='lat' dir='ltr'><strong>gubernationeque</strong></span> <span class='ocrx_word' id='word_1_529' title='bbox 1585 4248 1703 4321; x_wconf 84' lang='lat' dir='ltr'><strong>postea.</strong></span> <span class='ocrx_word' id='word_1_530' title='bbox 1725 4242 1812 4302; x_wconf 91' lang='lat' dir='ltr'><strong>Nunc</strong></span> <span class='ocrx_word' id='word_1_531' title='bbox 1829 4234 1896 4319; x_wconf 79' lang='lat' dir='ltr'><strong>quod</strong></span> 
     </span>
     <span class='ocr_line' id='line_1_45' title="bbox 321 4322 1895 4413; baseline 0.008 -32"><span class='ocrx_word' id='word_1_532' title='bbox 321 4324 356 4381; x_wconf 88' lang='lat' dir='ltr'><strong>ut</strong></span> <span class='ocrx_word' id='word_1_533' title='bbox 367 4322 440 4383; x_wconf 91' lang='lat' dir='ltr'><strong>alibi</strong></span> <span class='ocrx_word' id='word_1_534' title='bbox 454 4324 761 4405; x_wconf 83' lang='lat' dir='ltr'><strong>demonstrabimus¹,</strong></span> <span class='ocrx_word' id='word_1_535' title='bbox 774 4329 873 4390; x_wconf 89' lang='lat' dir='ltr'><strong>Deum</strong></span> <span class='ocrx_word' id='word_1_536' title='bbox 881 4334 1001 4408; x_wconf 89' lang='lat' dir='ltr'><strong>patrem</strong></span> <span class='ocrx_word' id='word_1_537' title='bbox 1010 4351 1092 4394; x_wconf 88' lang='lat' dir='ltr'><strong>asse-</strong></span> <span class='ocrx_word' id='word_1_538' title='bbox 1142 4333 1182 4393; x_wconf 90' lang='lat' dir='ltr'><strong>ad</strong></span> <span class='ocrx_word' id='word_1_539' title='bbox 1196 4333 1454 4413; x_wconf 89' lang='lat' dir='ltr'><strong>omnipotentiam</strong></span> <span class='ocrx_word' id='word_1_540' title='bbox 1465 4334 1586 4410; x_wconf 88' lang='lat' dir='ltr'><strong>attinet,</strong></span> <span class='ocrx_word' id='word_1_541' title='bbox 1598 4333 1729 4412; x_wconf 76' lang='lat' dir='ltr'><strong>insigms</strong></span> <span class='ocrx_word' id='word_1_542' title='bbox 1740 4331 1830 4395; x_wconf 87' lang='lat' dir='ltr'><strong>estad</strong></span> <span class='ocrx_word' id='word_1_543' title='bbox 1841 4345 1895 4409; x_wconf 77' lang='lat' dir='ltr'><strong>po</strong></span> 
     </span>
     <span class='ocr_line' id='line_1_46' title="bbox 319 4412 1893 4506; baseline 0.008 -33"><span class='ocrx_word' id='word_1_544' title='bbox 319 4412 515 4476; x_wconf 91' lang='lat' dir='ltr'><strong>rebantcum</strong></span> <span class='ocrx_word' id='word_1_545' title='bbox 530 4434 580 4478; x_wconf 88' lang='lat' dir='ltr'><strong>res</strong></span> <span class='ocrx_word' id='word_1_546' title='bbox 593 4435 702 4478; x_wconf 91' lang='lat' dir='ltr'><strong>omnes</strong></span> <span class='ocrx_word' id='word_1_547' title='bbox 716 4426 833 4480; x_wconf 89' lang='lat' dir='ltr'><strong>creatas</strong></span> <span class='ocrx_word' id='word_1_548' title='bbox 851 4420 972 4484; x_wconf 87' lang='lat' dir='ltr'><strong>efficere</strong></span> <span class='ocrx_word' id='word_1_549' title='bbox 987 4424 1090 4502; x_wconf 83' lang='lat' dir='ltr'><strong>vellet,</strong></span> <span class='ocrx_word' id='word_1_550' title='bbox 1142 4426 1278 4505; x_wconf 88' lang='lat' dir='ltr'><strong>positum</strong></span> <span class='ocrx_word' id='word_1_551' title='bbox 1305 4432 1449 4487; x_wconf 91' lang='lat' dir='ltr'><strong>nostrum</strong></span> <span class='ocrx_word' id='word_1_552' title='bbox 1481 4425 1648 4506; x_wconf 77' lang='lat' dir='ltr'><strong>Augustini</strong></span> <span class='ocrx_word' id='word_1_553' title='bbox 1674 4426 1762 4487; x_wconf 88' lang='lat' dir='ltr'><strong>locus</strong></span> <span class='ocrx_word' id='word_1_554' title='bbox 1792 4427 1824 4485; x_wconf 90' lang='lat' dir='ltr'><strong>iu</strong></span> <span class='ocrx_word' id='word_1_555' title='bbox 1847 4437 1893 4481; x_wconf 75' lang='lat' dir='ltr'><strong>ser</strong></span> 
     </span>
    </p>
   </div>
   <div class='ocr_carea' id='block_1_5' title="bbox 319 4504 1893 4600">
    <p class='ocr_par' dir='ltr' id='par_1_5' title="bbox 319 4504 1893 4600">
     <span class='ocr_line' id='line_1_47' title="bbox 319 4504 1893 4600; baseline 0.015 -37"><span class='ocrx_word' id='word_1_556' title='bbox 319 4504 407 4583; x_wconf 88' lang='lat' dir='ltr'><strong>prius</strong></span> <span class='ocrx_word' id='word_1_557' title='bbox 428 4506 568 4569; x_wconf 88' lang='lat' dir='ltr'><strong>Verbum</strong></span> <span class='ocrx_word' id='word_1_558' title='bbox 587 4527 681 4571; x_wconf 89' lang='lat' dir='ltr'><strong>suum</strong></span> <span class='ocrx_word' id='word_1_559' title='bbox 704 4509 880 4592; x_wconf 88' lang='lat' dir='ltr'><strong>Filiumque</strong></span> <span class='ocrx_word' id='word_1_560' title='bbox 902 4533 1089 4595; x_wconf 87' lang='lat' dir='ltr'><strong>procreasse,</strong></span> <span class='ocrx_word' id='word_1_561' title='bbox 1141 4535 1236 4580; x_wconf 90' lang='lat' dir='ltr'><strong>mone</strong></span> <span class='ocrx_word' id='word_1_562' title='bbox 1253 4535 1319 4579; x_wconf 81' lang='lat' dir='ltr'><strong>unx</strong></span> <span class='ocrx_word' id='word_1_563' title='bbox 1335 4517 1370 4579; x_wconf 84' lang='lat' dir='ltr'><strong>de</strong></span> <span class='ocrx_word' id='word_1_564' title='bbox 1387 4517 1537 4600; x_wconf 83' lang='lat' dir='ltr'><strong>Tempore,</strong></span> <span class='ocrx_word' id='word_1_565' title='bbox 1560 4537 1627 4598; x_wconf 72' lang='lat' dir='ltr'><strong>cap.</strong></span> <span class='ocrx_word' id='word_1_566' title='bbox 1651 4535 1672 4579; x_wconf 89' lang='lat'><strong>1.</strong></span> <span class='ocrx_word' id='word_1_567' title='bbox 1689 4517 1893 4596; x_wconf 70' lang='lat' dir='ltr'><strong>«Omnipotens</strong></span> 
     </span>
    </p>
   </div>
   <div class='ocr_carea' id='block_1_6' title="bbox 316 4719 1889 5297">
    <p class='ocr_par' dir='ltr' id='par_1_6' title="bbox 318 4719 1889 4805">
     <span class='ocr_line' id='line_1_48' title="bbox 318 4719 1889 4805; baseline 0.006 -32"><span class='ocrx_word' id='word_1_568' title='bbox 318 4720 409 4783; x_wconf 78' lang='grc' dir='ltr'>ποιεῖν,</span> <span class='ocrx_word' id='word_1_569' title='bbox 417 4719 458 4772; x_wconf 78' lang='grc' dir='ltr'><strong>καὶ</strong></span> <span class='ocrx_word' id='word_1_570' title='bbox 472 4723 628 4790; x_wconf 71' lang='grc' dir='ltr'><strong>πεποιηκέναι</strong></span> <span class='ocrx_word' id='word_1_571' title='bbox 643 4722 675 4777; x_wconf 77' lang='grc' dir='ltr'><strong>τὰ</strong></span> <span class='ocrx_word' id='word_1_572' title='bbox 689 4724 749 4778; x_wconf 81' lang='grc' dir='ltr'>ὄντα</span> <span class='ocrx_word' id='word_1_573' title='bbox 761 4725 802 4777; x_wconf 79' lang='grc' dir='ltr'><strong>καὶ</strong></span> <span class='ocrx_word' id='word_1_574' title='bbox 817 4726 865 4780; x_wconf 77' lang='grc' dir='ltr'><strong>ὅσα</strong></span> <span class='ocrx_word' id='word_1_575' title='bbox 878 4726 1001 4797; x_wconf 69' lang='grc' dir='ltr'>βούλεται,</span> <span class='ocrx_word' id='word_1_576' title='bbox 1013 4731 1091 4795; x_wconf 75' lang='grc' dir='ltr'><strong>καθὼς</strong></span> <span class='ocrx_word' id='word_1_577' title='bbox 1142 4733 1216 4804; x_wconf 69' lang='grc' dir='ltr'>μένου</span> <span class='ocrx_word' id='word_1_578' title='bbox 1231 4736 1275 4785; x_wconf 78' lang='grc' dir='ltr'><strong>τοῦ</strong></span> <span class='ocrx_word' id='word_1_579' title='bbox 1287 4733 1442 4805; x_wconf 74' lang='grc' dir='ltr'>βουλήματος</span> <span class='ocrx_word' id='word_1_580' title='bbox 1454 4730 1529 4786; x_wconf 74' lang='grc' dir='ltr'>αὐτοῦ</span> <span class='ocrx_word' id='word_1_581' title='bbox 1544 4736 1665 4799; x_wconf 73' lang='grc' dir='ltr'><strong>συστῆσαι</strong></span> <span class='ocrx_word' id='word_1_582' title='bbox 1677 4732 1732 4803; x_wconf 78' lang='grc' dir='ltr'>περὶ</span> <span class='ocrx_word' id='word_1_583' title='bbox 1741 4726 1775 4784; x_wconf 81' lang='grc' dir='ltr'><strong>ὧν</strong></span> <span class='ocrx_word' id='word_1_584' title='bbox 1788 4728 1826 4782; x_wconf 70' lang='grc' dir='ltr'><strong>ἐὰν</strong></span> <span class='ocrx_word' id='word_1_585' title='bbox 1837 4724 1889 4794; x_wconf 62' lang='lat' dir='ltr'><strong>altr?</strong></span> 
     </span>
    </p>

    <p class='ocr_par' dir='ltr' id='par_1_7' title="bbox 318 4802 1887 4971">
     <span class='ocr_line' id='line_1_49' title="bbox 318 4802 1887 4889; baseline 0.009 -34"><span class='ocrx_word' id='word_1_586' title='bbox 318 4802 441 4874; x_wconf 73' lang='grc' dir='ltr'>βούλεται.</span> <span class='ocrx_word' id='word_1_587' title='bbox 1139 4817 1209 4888; x_wconf 80' lang='grc' dir='ltr'>δοκῇ,</span> <span class='ocrx_word' id='word_1_588' title='bbox 1225 4815 1266 4868; x_wconf 76' lang='grc' dir='ltr'><strong>καὶ</strong></span> <span class='ocrx_word' id='word_1_589' title='bbox 1281 4814 1328 4886; x_wconf 80' lang='grc' dir='ltr'><strong>μὴν</strong></span> <span class='ocrx_word' id='word_1_590' title='bbox 1350 4815 1374 4868; x_wconf 74' lang='grc' dir='ltr'><strong>οἱ</strong></span> <span class='ocrx_word' id='word_1_591' title='bbox 1395 4816 1487 4889; x_wconf 78' lang='grc' dir='ltr'>γραφαὶ</span> <span class='ocrx_word' id='word_1_592' title='bbox 1500 4816 1608 4887; x_wconf 79' lang='grc' dir='ltr'><strong>λέγουσι·</strong></span> <span class='ocrx_word' id='word_1_593' title='bbox 1631 4816 1713 4869; x_wconf 72' lang='grc' dir='ltr'>πάντα</span> <span class='ocrx_word' id='word_1_594' title='bbox 1724 4817 1768 4868; x_wconf 80' lang='grc' dir='ltr'><strong>ὅσα</strong></span> <span class='ocrx_word' id='word_1_595' title='bbox 1780 4812 1887 4880; x_wconf 58' lang='lat' dir='ltr'><strong>distertii</strong></span> 
     </span>
     <span class='ocr_line' id='line_1_50' title="bbox 352 4885 1887 4971; baseline 0.007 -29"><span class='ocrx_word' id='word_1_596' title='bbox 352 4901 374 4942; x_wconf 77' lang='lat' dir='ltr'><strong>a</strong></span> <span class='ocrx_word' id='word_1_597' title='bbox 392 4886 493 4942; x_wconf 71' lang='lat' dir='ltr'><strong>Canta.</strong></span> <span class='ocrx_word' id='word_1_598' title='bbox 519 4886 549 4943; x_wconf 84' lang='lat' dir='ltr'><strong>ln</strong></span> <span class='ocrx_word' id='word_1_599' title='bbox 573 4885 670 4945; x_wconf 65' lang='lat' dir='ltr'><strong>Ertaia.</strong></span> <span class='ocrx_word' id='word_1_600' title='bbox 690 4889 740 4943; x_wconf 68' lang='lat' dir='ltr'><strong>ota</strong></span> <span class='ocrx_word' id='word_1_601' title='bbox 753 4888 894 4964; x_wconf 70' lang='grc' dir='ltr'>αἰσχύνεσθε</span> <span class='ocrx_word' id='word_1_602' title='bbox 914 4890 939 4955; x_wconf 70' lang='grc' dir='ltr'><strong>ἐξ</strong></span> <span class='ocrx_word' id='word_1_603' title='bbox 953 4893 997 4947; x_wconf 76' lang='grc' dir='ltr'><strong>οὖν</strong></span> <span class='ocrx_word' id='word_1_604' title='bbox 1010 4896 1089 4950; x_wconf 81' lang='grc' dir='ltr'>ὄντων</span> <span class='ocrx_word' id='word_1_605' title='bbox 1138 4895 1248 4967; x_wconf 73' lang='grc' dir='ltr'><strong>ἐποίησε·</strong></span> <span class='ocrx_word' id='word_1_606' title='bbox 1264 4896 1315 4964; x_wconf 74' lang='grc' dir='ltr'><strong>καὶ,</strong></span> <span class='ocrx_word' id='word_1_607' title='bbox 1330 4902 1366 4968; x_wconf 82' lang='grc' dir='ltr'><strong>τῷ</strong></span> <span class='ocrx_word' id='word_1_608' title='bbox 1381 4899 1518 4971; x_wconf 78' lang='grc' dir='ltr'>βουλήματι</span> <span class='ocrx_word' id='word_1_609' title='bbox 1528 4898 1603 4953; x_wconf 63' lang='grc' dir='ltr'>αὑτοῦ</span> <span class='ocrx_word' id='word_1_610' title='bbox 1618 4918 1661 4962; x_wconf 82' lang='grc' dir='ltr'><strong>τος</strong></span> <span class='ocrx_word' id='word_1_611' title='bbox 1675 4897 1825 4966; x_wconf 60' lang='lat' dir='ltr'><strong>&amp;etloum</strong></span> <span class='ocrx_word' id='word_1_612' title='bbox 1837 4890 1887 4945; x_wconf 58' lang='lat'><strong>⁸353</strong></span> 
     </span>
    </p>

    <p class='ocr_par' dir='ltr' id='par_1_8' title="bbox 317 4967 1885 5053">
     <span class='ocr_line' id='line_1_51' title="bbox 317 4967 1885 5053; baseline 0.011 -32"><span class='ocrx_word' id='word_1_613' title='bbox 317 4967 386 5023; x_wconf 67' lang='grc' dir='ltr'>οὐδὲν</span> <span class='ocrx_word' id='word_1_614' title='bbox 400 4970 507 5033; x_wconf 81' lang='grc' dir='ltr'>διδόντες</span> <span class='ocrx_word' id='word_1_615' title='bbox 519 4972 598 5023; x_wconf 80' lang='grc' dir='ltr'>ποιεῖν</span> <span class='ocrx_word' id='word_1_616' title='bbox 612 4970 655 5024; x_wconf 87' lang='grc' dir='ltr'><strong>τδν</strong></span> <span class='ocrx_word' id='word_1_617' title='bbox 665 4972 736 5040; x_wconf 82' lang='grc' dir='ltr'>θεόν;</span> <span class='ocrx_word' id='word_1_618' title='bbox 753 4972 774 5027; x_wconf 83' lang='grc' dir='ltr'><strong>εἰ</strong></span> <span class='ocrx_word' id='word_1_619' title='bbox 788 4974 815 5029; x_wconf 66' lang='grc' dir='ltr'><strong>δὲ</strong></span> <span class='ocrx_word' id='word_1_620' title='bbox 837 4973 861 5037; x_wconf 72' lang='grc' dir='ltr'><strong>ἐξ</strong></span> <span class='ocrx_word' id='word_1_621' title='bbox 875 4975 953 5030; x_wconf 81' lang='grc' dir='ltr'>ὄντων</span> <span class='ocrx_word' id='word_1_622' title='bbox 974 4982 1049 5045; x_wconf 75' lang='grc' dir='ltr'>ποιεῖ,</span> <span class='ocrx_word' id='word_1_623' title='bbox 1064 4980 1089 5033; x_wconf 79' lang='lat' dir='ltr'><strong>tl</strong></span> <span class='ocrx_word' id='word_1_624' title='bbox 1137 4981 1178 5033; x_wconf 74' lang='grc' dir='ltr'><strong>καὶ</strong></span> <span class='ocrx_word' id='word_1_625' title='bbox 1191 4982 1222 5035; x_wconf 88' lang='grc' dir='ltr'><strong>τδ</strong></span> <span class='ocrx_word' id='word_1_626' title='bbox 1237 4981 1349 5052; x_wconf 77' lang='grc' dir='ltr'>βούλημα</span> <span class='ocrx_word' id='word_1_627' title='bbox 1365 4982 1439 5052; x_wconf 80' lang='grc' dir='ltr'>μόνον</span> <span class='ocrx_word' id='word_1_628' title='bbox 1466 4981 1548 5035; x_wconf 74' lang='grc' dir='ltr'>ἱκανόν</span> <span class='ocrx_word' id='word_1_629' title='bbox 1565 4980 1630 5036; x_wconf 79' lang='grc' dir='ltr'>ἐστιν</span> <span class='ocrx_word' id='word_1_630' title='bbox 1641 4981 1717 5037; x_wconf 66' lang='lat' dir='ltr'><strong>abaci</strong></span> <span class='ocrx_word' id='word_1_631' title='bbox 1730 4980 1786 5053; x_wconf 72' lang='grc' dir='ltr'><strong>ιφδς</strong></span> <span class='ocrx_word' id='word_1_632' title='bbox 1798 4977 1836 5044; x_wconf 66' lang='lat' dir='ltr'><strong>tlt</strong></span> <span class='ocrx_word' id='word_1_633' title='bbox 1847 4976 1885 5026; x_wconf 47' lang='grc' dir='ltr'><strong>ὦ*</strong></span> 
     </span>
    </p>

    <p class='ocr_par' dir='ltr' id='par_1_9' title="bbox 316 5051 1884 5219">
     <span class='ocr_line' id='line_1_52' title="bbox 316 5051 1884 5136; baseline 0.013 -32"><span class='ocrx_word' id='word_1_634' title='bbox 316 5052 424 5123; x_wconf 78' lang='grc' dir='ltr'>διαφέροι</span> <span class='ocrx_word' id='word_1_635' title='bbox 437 5058 487 5106; x_wconf 81' lang='grc' dir='ltr'><strong>τῶν</strong></span> <span class='ocrx_word' id='word_1_636' title='bbox 502 5051 654 5125; x_wconf 74' lang='grc' dir='ltr'>ἂνθρώιιων;</span> <span class='ocrx_word' id='word_1_637' title='bbox 1136 5063 1235 5117; x_wconf 78' lang='grc' dir='ltr'>πάντων</span> <span class='ocrx_word' id='word_1_638' title='bbox 1255 5063 1430 5136; x_wconf 74' lang='grc' dir='ltr'>δημιουργίαν,</span> <span class='ocrx_word' id='word_1_639' title='bbox 1457 5063 1557 5136; x_wconf 72' lang='grc' dir='ltr'>περιττὴ</span> <span class='ocrx_word' id='word_1_640' title='bbox 1575 5065 1651 5119; x_wconf 77' lang='grc' dir='ltr'>πόλιν</span> <span class='ocrx_word' id='word_1_641' title='bbox 1678 5066 1730 5121; x_wconf 73' lang='grc' dir='ltr'><strong>καθ’</strong></span> <span class='ocrx_word' id='word_1_642' title='bbox 1754 5064 1812 5135; x_wconf 56' lang='lat' dir='ltr'><strong>lp&amp;</strong></span> <span class='ocrx_word' id='word_1_643' title='bbox 1826 5058 1884 5123; x_wconf 60' lang='lat' dir='ltr'>W</span> 
     </span>
     <span class='ocr_line' id='line_1_53' title="bbox 352 5134 1330 5219; baseline 0.012 -31"><span class='ocrx_word' id='word_1_644' title='bbox 352 5135 369 5189; x_wconf 84' lang='lat' dir='ltr'><strong>b</strong></span> <span class='ocrx_word' id='word_1_645' title='bbox 389 5138 491 5190; x_wconf 74' lang='lat' dir='ltr'><strong>Aratu.</strong></span> <span class='ocrx_word' id='word_1_646' title='bbox 506 5134 553 5190; x_wconf 84' lang='lat' dir='ltr'><strong>lib.</strong></span> <span class='ocrx_word' id='word_1_647' title='bbox 568 5136 615 5192; x_wconf 86' lang='grc' dir='ltr'><strong>ΙΙΙ.</strong></span> <span class='ocrx_word' id='word_1_648' title='bbox 636 5142 711 5192; x_wconf 74' lang='lat' dir='ltr'><strong>cont.</strong></span> <span class='ocrx_word' id='word_1_649' title='bbox 731 5141 839 5195; x_wconf 78' lang='lat' dir='ltr'><strong>Arion.</strong></span> <span class='ocrx_word' id='word_1_650' title='bbox 850 5138 954 5205; x_wconf 61' lang='grc' dir='ltr'>’Ἄλλως</span> <span class='ocrx_word' id='word_1_651' title='bbox 968 5162 995 5197; x_wconf 83' lang='grc' dir='ltr'><strong>τε</strong></span> <span class='ocrx_word' id='word_1_652' title='bbox 1009 5142 1049 5197; x_wconf 80' lang='grc' dir='ltr'><strong>διὰ</strong></span> <span class='ocrx_word' id='word_1_653' title='bbox 1063 5144 1088 5198; x_wconf 77' lang='lat' dir='ltr'><strong>tl</strong></span> <span class='ocrx_word' id='word_1_654' title='bbox 1138 5146 1240 5217; x_wconf 74' lang='grc' dir='ltr'><strong>μεσίτου</strong></span> <span class='ocrx_word' id='word_1_655' title='bbox 1247 5146 1330 5219; x_wconf 71' lang='lat' dir='ltr'><strong>ypele.</strong></span> 
     </span>
    </p>

    <p class='ocr_par' dir='ltr' id='par_1_10' title="bbox 316 5215 1086 5297">
     <span class='ocr_line' id='line_1_54' title="bbox 316 5215 1086 5297; baseline 0.014 -27"><span class='ocrx_word' id='word_1_656' title='bbox 316 5215 381 5278; x_wconf 72' lang='grc' dir='ltr'>ὅλως</span> <span class='ocrx_word' id='word_1_657' title='bbox 395 5217 472 5270; x_wconf 72' lang='grc' dir='ltr'>θέλων</span> <span class='ocrx_word' id='word_1_658' title='bbox 486 5217 578 5284; x_wconf 76' lang='grc' dir='ltr'><strong>κτίσαι,</strong></span> <span class='ocrx_word' id='word_1_659' title='bbox 599 5221 672 5287; x_wconf 74' lang='grc' dir='ltr'>ζητεῖ</span> <span class='ocrx_word' id='word_1_660' title='bbox 681 5219 723 5273; x_wconf 84' lang='grc' dir='ltr'><strong>τὸν</strong></span> <span class='ocrx_word' id='word_1_661' title='bbox 748 5221 858 5292; x_wconf 70' lang='grc' dir='ltr'><strong>μεσίτην,</strong></span> <span class='ocrx_word' id='word_1_662' title='bbox 878 5225 922 5286; x_wconf 35' lang='grc' dir='ltr'><strong>’ὡς</strong></span> <span class='ocrx_word' id='word_1_663' title='bbox 940 5223 985 5279; x_wconf 82' lang='grc' dir='ltr'><strong>οὔκ</strong></span> <span class='ocrx_word' id='word_1_664' title='bbox 999 5224 1086 5297; x_wconf 73' lang='grc' dir='ltr'>ἀρκου-</span> 
     </span>
    </p>
   </div>
   <div class='ocr_carea' id='block_1_7' title="bbox 316 5407 1868 5528">
    <p class='ocr_par' dir='ltr' id='par_1_11' title="bbox 316 5407 1868 5528">
     <span class='ocr_line' id='line_1_55' title="bbox 316 5407 1868 5528; baseline 0.01 -76"><span class='ocrx_word' id='word_1_665' title='bbox 316 5407 358 5528; x_wconf 47' lang='lat' dir='ltr'><strong>cup</strong></span> <span class='ocrx_word' id='word_1_666' title='bbox 366 5407 463 5515; x_wconf 54' lang='lat' dir='ltr'><strong>lixq&#39;lllde</strong></span> <span class='ocrx_word' id='word_1_667' title='bbox 470 5413 527 5454; x_wconf 76' lang='lat' dir='ltr'><strong>tout.</strong></span> <span class='ocrx_word' id='word_1_668' title='bbox 540 5411 643 5465; x_wconf 64' lang='lat' dir='ltr'><strong>dauht„</strong></span> <span class='ocrx_word' id='word_1_669' title='bbox 659 5423 707 5465; x_wconf 84' lang='lat' dir='ltr'><strong>esp.</strong></span> <span class='ocrx_word' id='word_1_670' title='bbox 723 5423 783 5457; x_wconf 77' lang='lat' dir='ltr'><strong>xxxxi</strong></span> <span class='ocrx_word' id='word_1_671' title='bbox 808 5436 835 5447; x_wconf 92' lang='lat'><em>-</em></span> <span class='ocrx_word' id='word_1_672' title='bbox 845 5415 860 5458; x_wconf 65' lang='grc' dir='ltr'>δ</span> <span class='ocrx_word' id='word_1_673' title='bbox 871 5414 920 5460; x_wconf 81' lang='lat' dir='ltr'><strong>lib.</strong></span> <span class='ocrx_word' id='word_1_674' title='bbox 933 5415 952 5462; x_wconf 92' lang='lat'><strong>1.</strong></span> <span class='ocrx_word' id='word_1_675' title='bbox 962 5417 989 5462; x_wconf 74' lang='lat' dir='ltr'><strong>de</strong></span> <span class='ocrx_word' id='word_1_676' title='bbox 1003 5417 1081 5464; x_wconf 76' lang='lat' dir='ltr'><strong>man.</strong></span> <span class='ocrx_word' id='word_1_677' title='bbox 1091 5430 1139 5475; x_wconf 82' lang='lat' dir='ltr'><strong>cop.</strong></span> <span class='ocrx_word' id='word_1_678' title='bbox 1149 5432 1186 5464; x_wconf 83' lang='lat' dir='ltr'><strong>ru.</strong></span> <span class='ocrx_word' id='word_1_679' title='bbox 1196 5420 1247 5465; x_wconf 79' lang='grc' dir='ltr'><strong>-δ</strong></span> <span class='ocrx_word' id='word_1_680' title='bbox 1257 5422 1349 5478; x_wconf 81' lang='lat' dir='ltr'><strong>Puuopl.</strong></span> <span class='ocrx_word' id='word_1_681' title='bbox 1363 5433 1409 5479; x_wconf 81' lang='lat' dir='ltr'><strong>par.</strong></span> <span class='ocrx_word' id='word_1_682' title='bbox 1426 5422 1443 5465; x_wconf 94' lang='lat' dir='ltr'><strong>l.</strong></span> <span class='ocrx_word' id='word_1_683' title='bbox 1462 5422 1495 5466; x_wconf 87' lang='lat' dir='ltr'><strong>tit.</strong></span> <span class='ocrx_word' id='word_1_684' title='bbox 1506 5422 1534 5466; x_wconf 93' lang='lat' dir='ltr'><strong>ll.</strong></span> <span class='ocrx_word' id='word_1_685' title='bbox 1548 5421 1599 5466; x_wconf 84' lang='lat' dir='ltr'><strong>-l</strong></span> <span class='ocrx_word' id='word_1_686' title='bbox 1612 5422 1660 5467; x_wconf 88' lang='lat' dir='ltr'><strong>lib.</strong></span> <span class='ocrx_word' id='word_1_687' title='bbox 1673 5422 1708 5467; x_wconf 76' lang='lat' dir='ltr'><strong>lt.</strong></span> <span class='ocrx_word' id='word_1_688' title='bbox 1718 5415 1868 5467; x_wconf 53' lang='lat' dir='ltr'><strong>udam</strong></span> 
     </span>
    </p>
   </div>
   <div class='ocr_carea' id='block_1_8' title="bbox 0 0 1982 6168">
    <p class='ocr_par' dir='ltr' id='par_1_12' title="bbox 0 0 1982 6168">
     <span class='ocr_line' id='line_1_56' title="bbox 0 0 1982 6168; baseline 0 6"><span class='ocrx_word' id='word_1_689' title='bbox 0 0 1982 6168; x_wconf 95' lang='lat' dir='ltr'><strong> </strong></span> 
     </span>
    </p>
   </div>
  </div>
 </body>
</html>
