4030 6204
420 330 471 392 DE
490 330 565 393 bro
585 329 728 405 DElQUE
747 329 1093 411 PROPRlE‘l'ATlBUS,
1114 333 1186 395 LlB.
1209 334 1275 411 Vll,
1298 334 1381 396 CAP.
1404 334 1456 395 IV.
1671 333 1730 393 5¹17

129 515 234 578 qulam
257 498 438 560 auctoritate
466 515 591 578 quoque
617 497 699 558 tueri
724 515 756 558 se
769 505 912 558 veterum
960 496 1080 559 Patron
1099 500 1166 579 quis
1179 498 1269 569 novit,
1292 498 1352 560 nbi
1369 496 1476 573 Fidias,
1495 505 1523 558 et
1544 496 1595 558 cui
1605 494 1731 559 volucrit

129 591 273 668 student,
288 591 391 671 quiin
413 590 467 651 illa
478 590 625 671 opinione
638 594 723 667 sunt,
740 607 775 650 ac
794 591 913 651 Graeco-
961 588 1060 651 Filius
1073 589 1233 664 recclure⁸,
1258 592 1302 652 sic
1325 588 1473 653 scribit⁸2
1499 590 1602 664 «Quae
1626 607 1728 666 causa,

129 700 220 757 rum,
244 683 460 744 ladnorumre
482 684 608 743 Petrum
620 700 685 742 nou
698 700 797 761 pauca
809 700 913 762 proca
961 682 1063 744 solum
1085 684 1200 744 Filium
1213 684 1291 745 scire
1316 685 1449 756 Patrem,
1475 688 1530 744 aut
1550 683 1672 742 Patrem
1695 687 1731 742 ut

129 774 384 855 locaproferunt.
401 775 461 836 Sed
481 774 634 854 ejusmodi
647 774 705 834 ista
721 780 806 846 sunt,
824 775 911 836 utad
961 782 1124 853 cognoscat
1155 775 1280 849 Filium,
1312 776 1374 836 nisi
1396 775 1480 855 quod
1507 774 1613 835 nullus
1636 774 1731 835 babet

129 867 352 947 superiorem,
380 884 476 946 quam
501 868 576 940 dixi,
606 865 781 946 pertineant
795 866 909 945 potius,
960 866 1163 928 substantiam
1177 867 1264 947 ejus?
1278 869 1389 929 Omnia
1403 868 1500 943 enim,
1516 886 1587 946 quae
1600 867 1730 928 inclari·

130 976 233 1040 qrram
254 959 336 1020 hanc
362 964 520 1020 recentem
549 958 766 1038 theologorum
785 956 913 1019 fulcicn-
959 959 1080 1030 tudine‚
1095 966 1126 1019 et
1143 961 1177 1021 in
1194 959 1366 1036 divinitate,
1388 960 1422 1021 in
1441 960 1590 1040 potentia,
1614 959 1649 1019 in
1663 959 1731 1039 ipsa

130 1052 422 1113 damseutentiam:
439 1051 587 1130 adquam
605 1050 731 1112 nonnisi
756 1051 864 1123 invita,
880 1053 912 1111 θῖ
960 1049 1091 1128 actione,
1119 1058 1150 1113 et
1176 1058 1367 1131 cognoscunt
1392 1054 1524 1127 Patrem,
1554 1056 1585 1111 et
1611 1051 1728 1112 colunt.

130 1144 346 1224 repugnantia
359 1143 596 1223 detorquentur.
612 1143 736 1204 Etenim
749 1142 813 1204 sive
828 1164 843 1201 u
862 1160 909 1204 sc-
961 1143 1020 1204 Sed
1036 1144 1186 1223 quoniam
1200 1163 1396 1224 cognoscere,
1412 1145 1472 1206 hoc
1487 1148 1532 1204 θεῖ
1544 1145 1622 1204 scire
1634 1143 1731 1224 ipsius

132 1238 277 1299 cundum
303 1236 552 1315 magnitudinem
575 1235 717 1315 cognosci
739 1253 804 1295 non
822 1252 911 1315 posse
960 1235 1026 1312 Dei,
1046 1237 1149 1316 ipsum
1164 1237 1249 1317 quod
1263 1242 1308 1298 est
1328 1237 1357 1298 ei
1370 1255 1446 1313 esse,
1461 1238 1521 1298 hoc
1535 1241 1581 1297 est
1592 1236 1732 1297 substan-

134 1329 252 1401 Deum,
262 1329 420 1389 »irenaeus
430 1327 582 1403 affirmat3
596 1328 802 1400 «sivetotum,
814 1345 911 1405 quan
958 1327 1056 1388 tiame
1069 1329 1135 1409 ejus
1147 1349 1155 1405 ;
1166 1330 1282 1391 idcirco
1309 1329 1414 1390 nullus
1442 1329 1598 1407 cognoscit
1618 1330 1728 1405 Deum,

131 1425 266 1496 tuaest,
291 1420 477 1500 cogitatione
492 1418 577 1499 capi¹
600 1440 616 1476 a
633 1424 727 1498 negat
746 1419 911 1497 Gregorius
959 1419 1020 1480 nisi
1040 1422 1246 1482 substantiam
1268 1423 1410 1484 eamdem
1428 1421 1547 1482 habens
1570 1421 1678 1496 Filius,
1699 1428 1731 1483 ct

38 1522 41 1525 ’
132 1512 386 1586 Nazianzenus²3
402 1512 466 1572 sive
489 1511 530 1572 ob
545 1510 731 1571 infinitatem
744 1508 829 1570 idem
841 1510 910 1571 fieri
958 1511 1077 1573 habens
1090 1513 1129 1573 ab
1143 1513 1221 1593 ipso.
1244 1536 1259 1571 o
1278 1514 1324 1574 lbi
1344 1514 1653 1593 comprehensionem
1677 1513 1731 1574 Dei

132 1623 203 1666 non
217 1623 306 1686 posse
324 1604 431 1666 scribit
444 1603 634 1684 Epiphanius
646 1600 674 1677 ⁸3
688 1603 752 1663 sive
775 1602 910 1681 denique
959 1604 1147 1681 cognitionis
1158 1606 1285 1666 nomine
1305 1605 1483 1666 Victorinus
1497 1604 1652 1683 intelligit,
1669 1623 1731 1683 qua

131 1697 225 1759 uliud
238 1696 462 1776 ejusdemmodi
474 1695 557 1775 apud
566 1696 672 1756 Patres
680 1695 831 1769 occurrit;
845 1714 910 1756 non
959 1697 1137 1775 cognitione
1157 1698 1295 1759 Christus
1310 1698 1353 1758 ait
1367 1698 1406 1758 ab
1421 1697 1486 1757 solo
1502 1698 1590 1758 Patre
1604 1697 1729 1774 Filium,

133 1790 252 1851 adhoc
271 1790 363 1862 rdet,
380 1793 415 1849 ut
429 1789 528 1868 ipsam
548 1787 738 1866 cognitionis
751 1793 907 1861 naturam,
959 1794 991 1848 ct
1017 1789 1056 1849 ab
1082 1789 1161 1850 Filio
1181 1789 1300 1870 percipi
1324 1791 1458 1851 Patrem.
1486 1789 1581 1867 Cujus
1605 1807 1732 1853 causam

133 1882 234 1943 talem
258 1900 324 1943 esse
352 1886 494 1961 oportere
520 1885 668 1951 statuant,
698 1880 746 1940 uti
768 1897 909 1961 compre·
959 1881 1061 1941 reddit
1081 1881 1174 1954 banc,
1189 1882 1273 1961 quod
1287 1881 1371 1942 solus
1392 1881 1488 1942 Fihus
1505 1881 1645 1942 eamdem
1660 1900 1733 1943 cum

133 1973 250 2036 hensio
263 1974 313 2047 sit,
330 1978 442 2054 utputa
454 1972 620 2044 infinitam,
636 1976 667 2033 ct
680 1972 779 2051 ipsam
788 1990 910 2052 quoque
960 1973 1049 2033 Patre
1072 1973 1276 2034 substantiam
1299 1972 1412 2047 babet;
1442 1972 1530 2051 quasi
1553 1991 1617 2033 non
1642 1974 1733 2035 aliter

135 2065 344 2127 substantiam
357 2084 366 2140 ;
380 2064 434 2125 sed
440 2070 477 2125 ut
489 2064 528 2125 ed
537 2063 672 2139 infinita,
686 2063 719 2123 id
733 2068 779 2125 θεῖ
791 2065 909 2137 omnia,
960 2065 1182 2144 comprehendi
1210 2067 1291 2126 Deus
1312 2065 1420 2145 possit,
1447 2063 1580 2143 quamsi
1594 2066 1732 2144 ejusdem

135 2176 211 2238 quta
224 2159 258 2219 in
273 2176 306 2219 re
319 2162 392 2218 sunt
405 2156 538 2236 cognita,
554 2173 619 2217 sese
632 2155 783 2236 porrigat,
799 2159 830 2216 et
842 2157 912 2218 uni·
960 2157 1014 2236 qui
1033 2157 1190 2236 cognoscit
1210 2176 1283 2219 cum
1310 2176 1347 2219 co
1366 2156 1545 2218 substantia
1566 2157 1615 2218 sit.
1644 2158 1733 2231 Quod

136 2270 230 2313 versa
239 2250 397 2330 pervadat.
961 2266 1034 2309 sane
1061 2267 1171 2310 verum
1198 2255 1254 2311 est.
1288 2250 1367 2311 Nam
1392 2266 1486 2311 nemo
1511 2249 1632 2326 omnia,
1662 2268 1732 2329 qua

181 2343 220 2404 X.
236 2342 401 2404 Nonnulla
413 2346 518 2402 tamen
531 2339 636 2402 afferri
650 2341 912 2420 possuntPatrum
962 2342 1043 2402 Deus
1071 2347 1171 2422 potest
1196 2342 1309 2417 facere,
1335 2348 1459 2421 atquae
1489 2341 1522 2401 in
1548 2339 1615 2420 ipso
1638 2342 1734 2402 conti-

50 2419 89 2448 Ν
136 2434 315 2509 sententia,
349 2434 463 2513 quibus
488 2450 606 2494 norum
635 2431 712 2492 illud
738 2432 912 2493 scholamm
962 2440 1088 2511 nentur,
1103 2434 1258 2508 distincte,
1269 2453 1305 2495 ac
1317 2434 1411 2495 simul
1424 2451 1608 2513 cognoscere
1621 2438 1732 2513 potest,

5 2527 45 2559 ⁸¹²
137 2529 258 2608 dogma
279 2526 471 2608 plausibilius
488 2525 606 2587 adstrui
626 2524 760 2586 ridetur.
780 2525 912 2605 Chryso·
962 2525 1023 2586 nisi
1037 2528 1117 2588 Deus
1131 2527 1181 2600 sit,
1198 2533 1234 2587 ut
1247 2525 1634 2604 idemsitillicognoscere,
1649 2526 1734 2605 quod

14 2653 16 2656 ·
70 2651 78 2665 ·
138 2626 264 2683 stomus
272 2618 424 2699 imprimis
432 2615 911 2692 homiliav,udocmusAnomoeoa,
963 2636 1040 2678 esse.
1052 2619 1112 2680 Sed
1126 2637 1164 2679 ex
1178 2637 1215 2679 eo
1228 2635 1293 2679 non
1309 2618 1459 2697 sequitur,
1475 2617 1735 2697 comprehendere

137 2713 178 2774 in
191 2731 255 2792 qua
276 2719 525 2792 περῖάκαταλήπτου,
547 2709 580 2770 id
602 2715 650 2770 cst
669 2707 913 2789 inconpreherui-
964 2711 1075 2788 Deum,
1100 2711 1127 2773 si
1145 2711 1270 2792 proprie
1298 2710 1487 2791 praecisoque
1511 2709 1683 2788 loquimur,
1700 2710 1735 2771 in

141 2803 201 2866 bili
233 2805 378 2885 disputat,
415 2811 561 2883 κατάληψιν,
576 2801 609 2861 id
653 2808 700 2862 est
733 2800 916 2882 comprehcn-
964 2820 1001 2863 eo
1015 2802 1109 2863 situm
1131 2820 1208 2879 esse,
1236 2808 1272 2861 ut
1286 2801 1312 2863 si
1336 2801 1473 2880 cognitio
1491 2800 1576 2861 idem
1602 2818 1638 2861 ac
1657 2801 1735 2863 divi·

139 2898 253 2958 siouen
270 2896 325 2957 Dei
349 2894 444 2956 talem
467 2912 532 2955 csse
554 2894 756 2969 demonstrat,
778 2912 848 2973 quae
876 2894 917 2955 sit
964 2894 1057 2955 nitas.
1073 2894 1160 2968 Quod
1180 2912 1220 2955 ex
1237 2893 1332 2953 simili
1353 2890 1555 2954 Victoriniani
1567 2891 1650 2952 illius
1671 2893 1736 2973 pla·

144 2995 318 3051 «arcuata
330 2987 477 3068 cognitio,
496 2992 528 3047 et
541 2985 716 3064 cujusmodi
733 2991 779 3047 est
792 3004 838 3062 ea,
854 3005 917 3066 qua
964 3004 1066 3065 neque
1085 3003 1234 3064 germano
1257 2983 1442 3064 Cyrilliloco
1463 2982 1598 3062 patefiet,
1621 2985 1676 3063 qui
1689 2991 1736 3047 est

139 3099 179 3143 se
197 3082 278 3142 Deus
303 3080 369 3161 ipsc
391 3077 610 3157 cognoscite.»
636 3078 753 3138 Verum
776 3077 855 3138 nihil
878 3079 917 3140 de
965 3079 999 3139 in
1019 3079 1100 3139 libro
1115 3077 1211 3139 XXXI
1237 3074 1390 3138 Thesauri.
1417 3075 1596 3156 «Simplex,
1618 3076 1732 3156 inquit,

139 3170 628 3253 aaaeqmuoneaognitioniseum
634 3169 918 3231 divinasubstantia
966 3176 997 3232 et
1008 3188 1072 3231 non
1086 3170 1273 3249 compositus
1293 3170 1375 3230 licus
1387 3167 1530 3229 omnium
1544 3166 1735 3230 confamiona

139 3266 318 3327 secundum
332 3268 477 3324 naturam
491 3268 522 3323 et
535 3261 700 3323 essentiam
712 3260 775 3322 illic
792 3261 915 3340 agitur-3
966 3262 1194 3343 praedicabitur.
1223 3262 1323 3335 Quare
1348 3260 1519 3322 absurdum
1546 3265 1592 3321 est
1618 3259 1733 3339 dicere,

139 3357 202 3419 sod
213 3357 273 3418 hoc
292 3372 393 3416 rmum
405 3354 584 3433 requiritur,
600 3358 635 3413 ut
647 3358 753 3414 exacte
763 3354 917 3432 complec-
965 3355 1061 3416 talem
1069 3355 1173 3434 ipsum
1185 3355 1234 3415 sui
1243 3354 1388 3415 notitiam
1399 3352 1526 3429 babere,
1540 3353 1666 3432 qualem
1679 3372 1737 3415 nos

140 3455 232 3512 tatur
254 3448 369 3520 omnia,
395 3452 552 3526 quaesunt
574 3446 609 3506 in
623 3464 657 3507 re
679 3445 814 3524 cognita.
839 3446 917 3507 Nam
966 3448 1127 3537 habemus.
1155 3448 1234 3509 Nam
1247 3447 1274 3508 si
1295 3447 1362 3527 ipse
1386 3445 1471 3508 aliud
1490 3446 1652 3526 quippiam
1677 3452 1735 3521 est,

140 3542 279 3603 subinde
305 3540 426 3620 probat,
444 3538 538 3600 talem
559 3538 594 3599 in
617 3539 705 3598 Patre
726 3536 807 3609 Filii,
831 3543 862 3599 et
884 3539 918 3598 in
967 3538 1159 3602 aliavemob
1173 3539 1239 3620 ipso
1254 3539 1400 3620 cognitio,
1422 3556 1493 3619 quoe
1506 3539 1587 3599 inest
1599 3538 1639 3614 ei,
1655 3555 1738 3599 com·

143 3634 227 3695 Filio
246 3633 345 3694 Patris
372 3631 472 3693 inesse
497 3630 651 3703 notitiam,
676 3647 771 3708 quam
796 3646 916 3703 eorum,
967 3632 1085 3713 positus
1105 3631 1175 3706 erit,
1190 3650 1255 3692 non
1276 3631 1417 3711 simplex.
1434 3632 1537 3705 Quum
1551 3636 1656 3691 autem
1669 3630 1737 3692 sine

142 3743 220 3806 quoe
251 3730 326 3786 sunt
353 3723 388 3784 in
411 3722 579 3795 alterutro,
608 3721 689 3782 nihil
715 3720 916 3801 praeterear:
967 3723 1236 3786 ulladubitationc
1254 3723 1293 3784 sit
1306 3723 1437 3803 simplex
1450 3722 1598 3801 cognitio,
1611 3730 1738 3801 quaed

149 3839 170 3875 a
183 3815 410 3894 Noritinquit,
435 3814 550 3875 Filium
564 3814 665 3889 Pater,
681 3812 920 3874 ettotamillius
968 3816 1003 3877 in
1028 3817 1107 3896 ipso,
1136 3834 1200 3877 non
1214 3814 1312 3876 estab
1337 3833 1375 3877 eo
1388 3815 1520 3876 diversa.
1550 3814 1612 3874 Nos
1633 3819 1738 3876 autem

144 3908 359 3988 cognitionem
387 3906 499 3981 babet;
534 3924 571 3966 ec
602 3904 681 3965 nihil
714 3904 818 3984 ipsum
846 3904 920 3967 latet
968 3908 1058 3969 aliter
1087 3907 1249 3969 habemus.
1278 3907 1357 3966 Nam
1381 3906 1516 3986 proprie,
1547 3923 1584 3966 ac
1610 3906 1739 3966 seorsim

145 4018 272 4075 eorum,
301 4016 371 4078 quoe
394 3996 514 4058 suntin
534 3997 622 4058 Filio.
641 3996 702 4058 Sed
719 3995 853 4076 perfecta
875 4002 921 4057 θεῖ
969 4000 1139 4061 secundum
1158 3997 1361 4059 substantiam
1382 4015 1507 4069 sumus;
1521 3995 1739 4058 insubstantia

144 4094 210 4155 ista
221 4089 380 4153 sciential.
397 4111 412 4148 u
439 4090 538 4163 Quam
560 4088 687 4168 quidem
700 4086 921 4167 perlectionem
969 4106 1043 4149 vcro
1052 4088 1145 4148 sitam
1157 4086 1307 4147 babemus
1321 4085 1544 4165 cognitionem,
1560 4085 1646 4146 velut
1659 4085 1739 4145 colo-

146 4186 195 4247 ita
217 4183 337 4257 definit,
352 4188 388 4243 ut
409 4181 526 4255 omnia,
550 4199 620 4261 quae
639 4181 725 4241 inre
750 4186 834 4257 sunt,
850 4199 920 4260 per-
969 4197 1038 4242 rem
1054 4178 1089 4239 in
1116 4196 1254 4258 corpore.
1280 4178 1350 4238 Non
1363 4195 1437 4257 ergo
1459 4177 1568 4239 eodem
1581 4195 1644 4256 quo
1658 4178 1739 4239 licus

147 4283 255 4359 specta
286 4274 415 4351 babeat;
440 4280 477 4335 ut
503 4292 542 4335 ex
574 4272 776 4354 sequentibus
804 4272 921 4334 ibidem
970 4273 1063 4334 modo
1077 4288 1296 4350 cognoscemus
1309 4269 1437 4349 aliqrdd,
1450 4270 1504 4349 qui
1518 4289 1583 4331 non
1596 4268 1739 4331 similiter

145 4374 281 4433 mustei.
970 4369 1063 4444 atque
1089 4363 1142 4424 ille
1163 4379 1281 4423 sumus.
1305 4362 1423 4423 Verum
1450 4362 1515 4442 ipse
1532 4361 1660 4441 quidem
1672 4366 1739 4422 tan-

189 4461 306 4523 Marius
315 4454 922 4540 quoqueVictorinusinprimoudcersru
970 4474 1066 4535 quam
1086 4454 1171 4515 istud
1192 4454 1296 4534 ipsum
1323 4471 1411 4515 mens
1425 4454 1568 4515 omnium
1594 4470 1740 4535 suprema

147 4553 273 4629 Arium,
297 4550 550 4613 scholasticorum
570 4549 617 4610 illi
643 4549 781 4628 dogmati
810 4549 922 4609 clarius
970 4546 1241 4628 contemplabitur,
1256 4546 1303 4607 uti
1318 4546 1521 4627 Deodignum
1541 4552 1597 4620 est,
1613 4564 1650 4607 ea
1668 4565 1739 4625 quae

146 4644 294 4707 mentiri
314 4644 448 4705 videtur.
464 4644 543 4704 Nam
566 4642 604 4703 de
623 4641 683 4702 illis
702 4658 797 4721 agens
810 4639 922 4701 Christi
970 4643 1098 4712 suntet
1111 4638 1257 4718 seipsum.
1273 4638 1335 4698 Nos
1348 4644 1465 4712 autem,
1489 4638 1545 4718 qui
1559 4656 1738 4700 mensuram

146 4736 274 4801 verbis:
290 4733 385 4799 Nemo
404 4732 625 4804 uoutld'iium,
640 4732 701 4794 uisi
710 4731 819 4801 Putem
832 4749 922 4813 neque
970 4731 1062 4793 nobis
1097 4747 1272 4793 concessam
1291 4730 1439 4792 excedere
1473 4749 1537 4793 non
1562 4748 1737 4812 possumus,

189 5116 211 5157 a
229 5102 331 5158 Curre.
340 5038 398 5153 “od
409 5097 435 5152 bi
450 5095 522 5151 attor
537 5095 641 5169 ὢιριὸῶς
654 5095 777 5166 γινώσκει,
790 5095 831 5147 aad
845 5094 922 5157 obrue
970 5095 1052 5149 πᾶσαν
1073 5092 1149 5147 αὐτοῦ
1163 5093 1206 5162 τὴν
1220 5098 1310 5165 γνῶσιν
1325 5093 1388 5166 ἔχει,
1401 5094 1443 5145 καὶ
1456 5090 1526 5145 οὐδὲν
1541 5090 1614 5146 atita
1628 5092 1741 5148 λανθάνει

151 5182 274 5247 &fabric
285 5181 384 5236 iaurdr.
972 5182 1023 5230 τῶν
1043 5176 1106 5230 κατὰ
1126 5176 1168 5231 τὸν
1187 5175 1250 5231 ultr·
1272 5175 1328 5229 ἀλλ’
1347 5174 1513 5247 ἀπηρτισμένη
1529 5172 1594 5229 ἔστὶν
1608 5175 1624 5244 t,
1640 5173 1740 5246 ιῖδησις.

190 5265 208 5323 b
227 5267 329 5323 Cunus.
344 5263 411 5321 ibid.
430 5258 503 5318 craia
517 5261 621 5336 ἀκριῖῶς
631 5261 675 5317 τὸν
688 5260 742 5315 aito
756 5259 872 5334 tcarlp,
883 5261 924 5315 καῖ
1009 5273 1025 5314 c
1043 5261 1130 5316 Forte
1143 5257 1325 5316 Substantia.

179 5501 192 5544 l
208 5498 257 5543 Lib.
271 5497 307 5549 lt.
318 5509 338 5542 c.
351 5508 420 5541 mn.
432 5520 459 5531 -
470 5496 484 5540 i
495 5496 533 5540 Or.
546 5506 616 5539 mu.
627 5517 654 5527 -
664 5495 679 5538 3
688 5494 746 5538 liar.
759 5505 807 5538 mr.
819 5515 847 5527 -
857 5493 871 5537 t
880 5495 954 5539 luith.
966 5505 996 5546 rr,
1007 5493 1043 5538 tl.
1056 5495 1106 5540 -t
1117 5494 1172 5538 Vlct.
1188 5493 1227 5538 lib.
1240 5492 1257 5543 1.
1266 5493 1309 5537 col.
1322 5491 1369 5537 189.
1381 5493 1444 5537 'lom
1455 5492 1481 5536 ll'
1492 5493 1592 5540 mutu.
1605 5496 1703 5539 Parrum.
