<?xml version="1.0" encoding="UTF-8"?>
<!DOCTYPE html PUBLIC "-//W3C//DTD XHTML 1.0 Transitional//EN"
    "http://www.w3.org/TR/xhtml1/DTD/xhtml1-transitional.dtd">
<html xmlns="http://www.w3.org/1999/xhtml" xml:lang="en" lang="en">
 <head>
  <title>
</title>
<meta http-equiv="Content-Type" content="text/html;charset=utf-8" />
  <meta name='ocr-system' content='tesseract 3.04.00' />
  <meta name='ocr-capabilities' content='ocr_page ocr_carea ocr_par ocr_line ocrx_word'/>
</head>
<body>
  <div class='ocr_page' id='page_1' title='image "./dogmatatheologi01goog/dogmatatheologi01goog_0267.png"; bbox 0 0 3942 6168; ppageno 0'>
   <div class='ocr_carea' id='block_1_1' title="bbox 330 342 1414 409">
    <p class='ocr_par' dir='ltr' id='par_1_1' title="bbox 330 262 1963 435">
     <span class='ocr_line' id='line_1_1' title="bbox 330 342 1414 409; baseline 0.003 -5"><span class='ocrx_word' id='word_1_1' title='bbox 330 344 389 404; x_wconf 74' lang='lat' dir='ltr'><strong>aas</strong></span> <span class='ocrx_word' id='word_1_2' title='bbox 834 342 1159 407; x_wconf 78' lang='lat' dir='ltr'><strong>rasonoeroonun</strong></span> <span class='ocrx_word' id='word_1_3' title='bbox 1185 346 1414 409; x_wconf 70' lang='grc'>1011111111.</span> 
     </span>
    </p>
   </div>
   <div class='ocr_carea' id='block_1_2' title="bbox 330 508 1963 2343">
    <p class='ocr_par' dir='ltr' id='par_1_2' title="bbox 330 490 1963 2343">
     <span class='ocr_line' id='line_1_2' title="bbox 330 508 1906 591; baseline 0.001 -21"><span class='ocrx_word' id='word_1_4' title='bbox 330 516 428 585; x_wconf 83' lang='lat' dir='ltr'><strong>voest,</strong></span> <span class='ocrx_word' id='word_1_5' title='bbox 448 509 551 569; x_wconf 81' lang='lat' dir='ltr'><strong>«vitas</strong></span> <span class='ocrx_word' id='word_1_6' title='bbox 560 508 706 584; x_wconf 85' lang='lat' dir='ltr'><strong>etvitam,</strong></span> <span class='ocrx_word' id='word_1_7' title='bbox 717 508 837 568; x_wconf 89' lang='lat' dir='ltr'><strong>lumina</strong></span> <span class='ocrx_word' id='word_1_8' title='bbox 850 508 1009 586; x_wconf 86' lang='lat' dir='ltr'><strong>etlumen,</strong></span> <span class='ocrx_word' id='word_1_9' title='bbox 1021 509 1103 571; x_wconf 86' lang='lat' dir='ltr'><strong>bona</strong></span> <span class='ocrx_word' id='word_1_10' title='bbox 1150 510 1339 585; x_wconf 78' lang='lat' dir='ltr'><strong>substantias,</strong></span> <span class='ocrx_word' id='word_1_11' title='bbox 1355 510 1409 571; x_wconf 87' lang='lat' dir='ltr'><strong>sed</strong></span> <span class='ocrx_word' id='word_1_12' title='bbox 1423 510 1517 571; x_wconf 89' lang='lat' dir='ltr'><strong>unius</strong></span> <span class='ocrx_word' id='word_1_13' title='bbox 1529 510 1780 591; x_wconf 77' lang='lat' dir='ltr'><strong>divimtatisqnoe</strong></span> <span class='ocrx_word' id='word_1_14' title='bbox 1798 520 1906 571; x_wconf 83' lang='lat' dir='ltr'><strong>nonest</strong></span> 
     </span>
     <span class='ocr_line' id='line_1_3' title="bbox 331 601 1963 681; baseline -0.003 -17"><span class='ocrx_word' id='word_1_15' title='bbox 331 608 362 664; x_wconf 90' lang='lat' dir='ltr'><strong>et</strong></span> <span class='ocrx_word' id='word_1_16' title='bbox 375 603 505 677; x_wconf 89' lang='lat' dir='ltr'><strong>bonum,</strong></span> <span class='ocrx_word' id='word_1_17' title='bbox 520 601 634 681; x_wconf 81' lang='lat' dir='ltr'><strong>glorias</strong></span> <span class='ocrx_word' id='word_1_18' title='bbox 647 606 679 662; x_wconf 88' lang='lat' dir='ltr'><strong>et</strong></span> <span class='ocrx_word' id='word_1_19' title='bbox 693 601 836 680; x_wconf 80' lang='lat' dir='ltr'><strong>gloriam,</strong></span> <span class='ocrx_word' id='word_1_20' title='bbox 851 619 962 663; x_wconf 89' lang='lat' dir='ltr'><strong>verum</strong></span> <span class='ocrx_word' id='word_1_21' title='bbox 978 604 1102 663; x_wconf 86' lang='lat' dir='ltr'><strong>etveri-</strong></span> <span class='ocrx_word' id='word_1_22' title='bbox 1149 601 1362 664; x_wconf 76' lang='lat' dir='ltr'><strong>substantia.»</strong></span> <span class='ocrx_word' id='word_1_23' title='bbox 1962 614 1963 659; x_wconf 62' lang='grc'><strong>1</strong></span> 
     </span>
     <span class='ocr_line' id='line_1_4' title="bbox 330 688 1963 776; baseline 0.006 -21"><span class='ocrx_word' id='word_1_24' title='bbox 330 700 426 755; x_wconf 90' lang='lat' dir='ltr'><strong>tatem</strong></span> <span class='ocrx_word' id='word_1_25' title='bbox 447 700 478 755; x_wconf 91' lang='lat' dir='ltr'><strong>et</strong></span> <span class='ocrx_word' id='word_1_26' title='bbox 498 694 641 774; x_wconf 88' lang='lat' dir='ltr'><strong>spiritum</strong></span> <span class='ocrx_word' id='word_1_27' title='bbox 655 693 802 771; x_wconf 82' lang='lat' dir='ltr'><strong>veritatis,</strong></span> <span class='ocrx_word' id='word_1_28' title='bbox 826 699 931 755; x_wconf 85' lang='lat' dir='ltr'><strong>saneta</strong></span> <span class='ocrx_word' id='word_1_29' title='bbox 949 695 1105 775; x_wconf 84' lang='lat' dir='ltr'><strong>etipsnm-</strong></span> <span class='ocrx_word' id='word_1_30' title='bbox 1192 696 1253 756; x_wconf 89' lang='lat' dir='ltr'><strong>Sed</strong></span> <span class='ocrx_word' id='word_1_31' title='bbox 1267 702 1298 756; x_wconf 91' lang='lat' dir='ltr'><strong>et</strong></span> <span class='ocrx_word' id='word_1_32' title='bbox 1308 701 1400 756; x_wconf 83' lang='lat' dir='ltr'><strong>antea</strong></span> <span class='ocrx_word' id='word_1_33' title='bbox 1409 697 1594 776; x_wconf 84' lang='lat' dir='ltr'><strong>scripserat:</strong></span> <span class='ocrx_word' id='word_1_34' title='bbox 1614 699 1736 759; x_wconf 74' lang='lat' dir='ltr'><strong>«Nunc</strong></span> <span class='ocrx_word' id='word_1_35' title='bbox 1761 716 1833 759; x_wconf 83' lang='lat' dir='ltr'><strong>vero</strong></span> <span class='ocrx_word' id='word_1_36' title='bbox 1847 705 1906 760; x_wconf 82' lang='lat' dir='ltr'><strong>tene</strong></span> <span class='ocrx_word' id='word_1_37' title='bbox 1962 688 1963 765; x_wconf 69' lang='grc' dir='ltr'><strong>Ῠ</strong></span> 
     </span>
     <span class='ocr_line' id='line_1_5' title="bbox 331 786 1906 870; baseline 0.002 -22"><span class='ocrx_word' id='word_1_38' title='bbox 331 792 396 848; x_wconf 90' lang='lat' dir='ltr'><strong>met</strong></span> <span class='ocrx_word' id='word_1_39' title='bbox 409 786 661 848; x_wconf 77' lang='lat' dir='ltr'><strong>sanctitatem“.»</strong></span> <span class='ocrx_word' id='word_1_40' title='bbox 1151 787 1334 849; x_wconf 89' lang='lat' dir='ltr'><strong>inconcussa</strong></span> <span class='ocrx_word' id='word_1_41' title='bbox 1343 788 1415 863; x_wconf 87' lang='lat' dir='ltr'><strong>fide,</strong></span> <span class='ocrx_word' id='word_1_42' title='bbox 1429 790 1552 849; x_wconf 89' lang='lat' dir='ltr'><strong>Patrem</strong></span> <span class='ocrx_word' id='word_1_43' title='bbox 1561 793 1592 848; x_wconf 93' lang='lat' dir='ltr'><strong>et</strong></span> <span class='ocrx_word' id='word_1_44' title='bbox 1606 790 1718 851; x_wconf 86' lang='lat' dir='ltr'><strong>Filium</strong></span> <span class='ocrx_word' id='word_1_45' title='bbox 1729 795 1762 850; x_wconf 86' lang='lat' dir='ltr'><strong>ct</strong></span> <span class='ocrx_word' id='word_1_46' title='bbox 1775 791 1906 870; x_wconf 87' lang='lat' dir='ltr'><strong>Spiritum</strong></span> 
     </span>
     <span class='ocr_line' id='line_1_6' title="bbox 370 878 1963 959; baseline 0.002 -19"><span class='ocrx_word' id='word_1_47' title='bbox 370 880 522 940; x_wconf 79' lang='lat' dir='ltr'><strong>Maximus</strong></span> <span class='ocrx_word' id='word_1_48' title='bbox 531 898 654 959; x_wconf 86' lang='lat' dir='ltr'><strong>quoque</strong></span> <span class='ocrx_word' id='word_1_49' title='bbox 664 879 1101 959; x_wconf 82' lang='lat' dir='ltr'><strong>martyrapudEuthymium:</strong></span> <span class='ocrx_word' id='word_1_50' title='bbox 1151 886 1293 942; x_wconf 87' lang='lat' dir='ltr'><strong>sanatum</strong></span> <span class='ocrx_word' id='word_1_51' title='bbox 1323 898 1388 941; x_wconf 88' lang='lat' dir='ltr'><strong>esse</strong></span> <span class='ocrx_word' id='word_1_52' title='bbox 1418 879 1600 940; x_wconf 77' lang='lat' dir='ltr'><strong>Trinitatem</strong></span> <span class='ocrx_word' id='word_1_53' title='bbox 1630 886 1661 941; x_wconf 93' lang='lat' dir='ltr'><strong>et</strong></span> <span class='ocrx_word' id='word_1_54' title='bbox 1689 887 1796 942; x_wconf 87' lang='lat' dir='ltr'><strong>tamen</strong></span> <span class='ocrx_word' id='word_1_55' title='bbox 1822 900 1907 945; x_wconf 87' lang='lat' dir='ltr'><strong>unum</strong></span> <span class='ocrx_word' id='word_1_56' title='bbox 1962 878 1963 943; x_wconf 79' lang='grc'><strong>1</strong></span> 
     </span>
     <span class='ocr_line' id='line_1_7' title="bbox 335 946 1963 1054; baseline -0.001 -24"><span class='ocrx_word' id='word_1_57' title='bbox 335 994 350 1029; x_wconf 76' lang='grc'><strong>11</strong></span> <span class='ocrx_word' id='word_1_58' title='bbox 368 974 458 1032; x_wconf 89' lang='lat' dir='ltr'><strong>Pater</strong></span> <span class='ocrx_word' id='word_1_59' title='bbox 476 978 507 1032; x_wconf 92' lang='lat' dir='ltr'><strong>et</strong></span> <span class='ocrx_word' id='word_1_60' title='bbox 522 972 617 1032; x_wconf 89' lang='lat' dir='ltr'><strong>Filius</strong></span> <span class='ocrx_word' id='word_1_61' title='bbox 630 977 661 1032; x_wconf 87' lang='lat' dir='ltr'><strong>et</strong></span> <span class='ocrx_word' id='word_1_62' title='bbox 682 972 814 1050; x_wconf 83' lang='lat' dir='ltr'>Spiritus</span> <span class='ocrx_word' id='word_1_63' title='bbox 827 977 949 1032; x_wconf 88' lang='lat' dir='ltr'><strong>sanctus</strong></span> <span class='ocrx_word' id='word_1_64' title='bbox 968 978 1014 1042; x_wconf 81' lang='lat' dir='ltr'><strong>est</strong></span> <span class='ocrx_word' id='word_1_65' title='bbox 1030 973 1105 1033; x_wconf 84' lang='lat' dir='ltr'><strong>divi-</strong></span> <span class='ocrx_word' id='word_1_66' title='bbox 1153 973 1340 1049; x_wconf 87' lang='lat' dir='ltr'><strong>Deum,non</strong></span> <span class='ocrx_word' id='word_1_67' title='bbox 1355 972 1439 1052; x_wconf 90' lang='lat' dir='ltr'><strong>quod</strong></span> <span class='ocrx_word' id='word_1_68' title='bbox 1452 972 1610 1033; x_wconf 86' lang='lat' dir='ltr'><strong>siteorum</strong></span> <span class='ocrx_word' id='word_1_69' title='bbox 1638 973 1814 1034; x_wconf 87' lang='lat' dir='ltr'><strong>eommunis</strong></span> <span class='ocrx_word' id='word_1_70' title='bbox 1834 979 1907 1054; x_wconf 80' lang='lat' dir='ltr'><strong>qnasi</strong></span> <span class='ocrx_word' id='word_1_71' title='bbox 1962 946 1963 1029; x_wconf 81' lang='grc'><strong>1</strong></span> 
     </span>
     <span class='ocr_line' id='line_1_8' title="bbox 331 1044 1963 1144; baseline 0.006 -21"><span class='ocrx_word' id='word_1_72' title='bbox 331 1062 442 1124; x_wconf 58' lang='lat' dir='ltr'><strong>minsa.</strong></span> <span class='ocrx_word' id='word_1_73' title='bbox 459 1085 474 1121; x_wconf 74' lang='lat' dir='ltr'><strong>a</strong></span> <span class='ocrx_word' id='word_1_74' title='bbox 491 1065 637 1143; x_wconf 87' lang='lat' dir='ltr'><strong>idemque</strong></span> <span class='ocrx_word' id='word_1_75' title='bbox 653 1063 803 1143; x_wconf 88' lang='lat' dir='ltr'><strong>Spiritum</strong></span> <span class='ocrx_word' id='word_1_76' title='bbox 817 1069 958 1124; x_wconf 78' lang='lat' dir='ltr'><strong>sanemm</strong></span> <span class='ocrx_word' id='word_1_77' title='bbox 971 1064 1105 1144; x_wconf 90' lang='lat' dir='ltr'><strong>appellat</strong></span> <span class='ocrx_word' id='word_1_78' title='bbox 1152 1070 1263 1143; x_wconf 83' lang='lat' dir='ltr'><strong>quarta</strong></span> <span class='ocrx_word' id='word_1_79' title='bbox 1271 1065 1426 1141; x_wconf 66' lang='lat' dir='ltr'><strong>divinius,</strong></span> <span class='ocrx_word' id='word_1_80' title='bbox 1443 1064 1497 1125; x_wconf 89' lang='lat' dir='ltr'><strong>sed</strong></span> <span class='ocrx_word' id='word_1_81' title='bbox 1511 1065 1596 1144; x_wconf 89' lang='lat' dir='ltr'><strong>quod</strong></span> <span class='ocrx_word' id='word_1_82' title='bbox 1614 1065 1654 1125; x_wconf 89' lang='lat' dir='ltr'><strong>sit</strong></span> <span class='ocrx_word' id='word_1_83' title='bbox 1666 1066 1733 1144; x_wconf 87' lang='lat' dir='ltr'><strong>ipsa</strong></span> <span class='ocrx_word' id='word_1_84' title='bbox 1762 1066 1908 1128; x_wconf 84' lang='lat' dir='ltr'><strong>ineffabilis</strong></span> <span class='ocrx_word' id='word_1_85' title='bbox 1962 1044 1963 1133; x_wconf 81' lang='grc'><strong>1</strong></span> 
     </span>
     <span class='ocr_line' id='line_1_9' title="bbox 335 1156 1908 1237; baseline 0.003 -24"><span class='ocrx_word' id='word_1_86' title='bbox 335 1157 460 1217; x_wconf 76' lang='grc'>«11111111</span> <span class='ocrx_word' id='word_1_87' title='bbox 478 1156 678 1217; x_wconf 72' lang='lat' dir='ltr'><strong>essentialiter</strong></span> <span class='ocrx_word' id='word_1_88' title='bbox 693 1156 908 1216; x_wconf 81' lang='lat' dir='ltr'><strong>subsistentem</strong></span> <span class='ocrx_word' id='word_1_89' title='bbox 918 1166 940 1216; x_wconf 76' lang='lat'><strong>⁶.</strong></span> <span class='ocrx_word' id='word_1_90' title='bbox 957 1177 973 1214; x_wconf 81' lang='lat' dir='ltr'><strong>n</strong></span> <span class='ocrx_word' id='word_1_91' title='bbox 992 1158 1029 1216; x_wconf 89' lang='lat' dir='ltr'><strong>Et</strong></span> <span class='ocrx_word' id='word_1_92' title='bbox 1042 1158 1104 1218; x_wconf 87' lang='lat' dir='ltr'><strong>alio</strong></span> <span class='ocrx_word' id='word_1_93' title='bbox 1152 1163 1183 1217; x_wconf 89' lang='lat' dir='ltr'><strong>et</strong></span> <span class='ocrx_word' id='word_1_94' title='bbox 1196 1157 1408 1237; x_wconf 88' lang='lat' dir='ltr'><strong>inseparabilis</strong></span> <span class='ocrx_word' id='word_1_95' title='bbox 1417 1157 1590 1217; x_wconf 79' lang='lat' dir='ltr'><strong>Trinitas.»</strong></span> <span class='ocrx_word' id='word_1_96' title='bbox 1609 1158 1675 1230; x_wconf 81' lang='lat' dir='ltr'><strong>Qua</strong></span> <span class='ocrx_word' id='word_1_97' title='bbox 1702 1177 1744 1218; x_wconf 81' lang='lat' dir='ltr'><strong>ex</strong></span> <span class='ocrx_word' id='word_1_98' title='bbox 1762 1159 1908 1237; x_wconf 78' lang='lat' dir='ltr'><strong>Augustini</strong></span> 
     </span>
     <span class='ocr_line' id='line_1_10' title="bbox 330 1247 1906 1329; baseline 0.003 -22"><span class='ocrx_word' id='word_1_99' title='bbox 330 1247 364 1307; x_wconf 92' lang='lat' dir='ltr'><strong>in</strong></span> <span class='ocrx_word' id='word_1_100' title='bbox 387 1248 454 1309; x_wconf 90' lang='lat' dir='ltr'><strong>looo</strong></span> <span class='ocrx_word' id='word_1_101' title='bbox 480 1269 487 1308; x_wconf 90' lang='lat'>:</span> <span class='ocrx_word' id='word_1_102' title='bbox 517 1270 532 1306; x_wconf 77' lang='lat' dir='ltr'><strong>c</strong></span> <span class='ocrx_word' id='word_1_103' title='bbox 555 1250 636 1310; x_wconf 83' lang='lat' dir='ltr'><strong>Deus</strong></span> <span class='ocrx_word' id='word_1_104' title='bbox 659 1247 786 1327; x_wconf 77' lang='lat' dir='ltr'><strong>qrddem</strong></span> <span class='ocrx_word' id='word_1_105' title='bbox 807 1253 957 1327; x_wconf 88' lang='lat' dir='ltr'><strong>tanquam</strong></span> <span class='ocrx_word' id='word_1_106' title='bbox 974 1248 1105 1328; x_wconf 87' lang='lat' dir='ltr'><strong>ipsemet</strong></span> <span class='ocrx_word' id='word_1_107' title='bbox 1152 1249 1406 1311; x_wconf 85' lang='lat' dir='ltr'><strong>doctrinacaeteri</strong></span> <span class='ocrx_word' id='word_1_108' title='bbox 1420 1249 1565 1329; x_wconf 76' lang='lat' dir='ltr'><strong>deinceps</strong></span> <span class='ocrx_word' id='word_1_109' title='bbox 1578 1249 1906 1327; x_wconf 87' lang='lat' dir='ltr'><strong>hauserunt,indidcm-</strong></span> 
     </span>
     <span class='ocr_line' id='line_1_11' title="bbox 331 1340 1908 1423; baseline 0.003 -23"><span class='ocrx_word' id='word_1_110' title='bbox 331 1341 492 1403; x_wconf 84' lang='lat' dir='ltr'><strong>existentia</strong></span> <span class='ocrx_word' id='word_1_111' title='bbox 512 1347 543 1402; x_wconf 92' lang='lat' dir='ltr'><strong>et</strong></span> <span class='ocrx_word' id='word_1_112' title='bbox 564 1342 697 1420; x_wconf 87' lang='lat' dir='ltr'><strong>ipsamet</strong></span> <span class='ocrx_word' id='word_1_113' title='bbox 715 1340 837 1400; x_wconf 87' lang='lat' dir='ltr'><strong>bonitas</strong></span> <span class='ocrx_word' id='word_1_114' title='bbox 855 1345 886 1400; x_wconf 90' lang='lat' dir='ltr'><strong>et</strong></span> <span class='ocrx_word' id='word_1_115' title='bbox 903 1341 1034 1420; x_wconf 87' lang='lat' dir='ltr'><strong>ipsamet</strong></span> <span class='ocrx_word' id='word_1_116' title='bbox 1056 1361 1103 1403; x_wconf 88' lang='lat' dir='ltr'><strong>sa·</strong></span> <span class='ocrx_word' id='word_1_117' title='bbox 1152 1347 1291 1421; x_wconf 85' lang='lat' dir='ltr'><strong>quotam</strong></span> <span class='ocrx_word' id='word_1_118' title='bbox 1305 1342 1424 1423; x_wconf 86' lang='lat' dir='ltr'><strong>privata</strong></span> <span class='ocrx_word' id='word_1_119' title='bbox 1437 1360 1494 1402; x_wconf 89' lang='lat' dir='ltr'><strong>sua</strong></span> <span class='ocrx_word' id='word_1_120' title='bbox 1507 1342 1705 1403; x_wconf 78' lang='lat' dir='ltr'><strong>confecerunt</strong></span> <span class='ocrx_word' id='word_1_121' title='bbox 1722 1361 1819 1422; x_wconf 83' lang='lat' dir='ltr'><strong>qnam</strong></span> <span class='ocrx_word' id='word_1_122' title='bbox 1833 1362 1908 1423; x_wconf 78' lang='lat' dir='ltr'><strong>syno</strong></span> 
     </span>
     <span class='ocr_line' id='line_1_12' title="bbox 331 1432 1908 1514; baseline 0.003 -22"><span class='ocrx_word' id='word_1_123' title='bbox 331 1434 457 1513; x_wconf 87' lang='lat' dir='ltr'><strong>pientia,</strong></span> <span class='ocrx_word' id='word_1_124' title='bbox 475 1434 526 1494; x_wconf 80' lang='lat' dir='ltr'><strong>rel</strong></span> <span class='ocrx_word' id='word_1_125' title='bbox 538 1433 642 1513; x_wconf 91' lang='lat' dir='ltr'><strong>potius</strong></span> <span class='ocrx_word' id='word_1_126' title='bbox 655 1432 800 1492; x_wconf 90' lang='lat' dir='ltr'><strong>omnibus</strong></span> <span class='ocrx_word' id='word_1_127' title='bbox 814 1432 879 1492; x_wconf 87' lang='lat' dir='ltr'><strong>istis</strong></span> <span class='ocrx_word' id='word_1_128' title='bbox 897 1435 1103 1511; x_wconf 75' lang='lat' dir='ltr'><strong>praestantior,</strong></span> <span class='ocrx_word' id='word_1_129' title='bbox 1152 1434 1220 1494; x_wconf 70' lang='lat' dir='ltr'><strong>dica</strong></span> <span class='ocrx_word' id='word_1_130' title='bbox 1229 1435 1362 1509; x_wconf 88' lang='lat' dir='ltr'><strong>decreta,</strong></span> <span class='ocrx_word' id='word_1_131' title='bbox 1374 1452 1391 1494; x_wconf 91' lang='lat' dir='ltr'><strong>e</strong></span> <span class='ocrx_word' id='word_1_132' title='bbox 1401 1434 1514 1514; x_wconf 83' lang='lat' dir='ltr'><strong>quibus</strong></span> <span class='ocrx_word' id='word_1_133' title='bbox 1528 1434 1648 1513; x_wconf 77' lang='lat' dir='ltr'><strong>insigne</strong></span> <span class='ocrx_word' id='word_1_134' title='bbox 1662 1441 1709 1495; x_wconf 88' lang='lat' dir='ltr'><strong>est</strong></span> <span class='ocrx_word' id='word_1_135' title='bbox 1721 1436 1908 1497; x_wconf 73' lang='lat' dir='ltr'><strong>lateranense</strong></span> 
     </span>
     <span class='ocr_line' id='line_1_13' title="bbox 332 1523 1963 1625; baseline 0.001 -38"><span class='ocrx_word' id='word_1_136' title='bbox 332 1526 410 1586; x_wconf 89' lang='lat' dir='ltr'><strong>nihil</strong></span> <span class='ocrx_word' id='word_1_137' title='bbox 433 1526 526 1587; x_wconf 85' lang='lat' dir='ltr'><strong>habet</strong></span> <span class='ocrx_word' id='word_1_138' title='bbox 548 1526 676 1586; x_wconf 90' lang='lat' dir='ltr'><strong>omnino</strong></span> <span class='ocrx_word' id='word_1_139' title='bbox 699 1523 925 1585; x_wconf 63' lang='lat' dir='ltr'><strong>contrariuml.</strong></span> <span class='ocrx_word' id='word_1_140' title='bbox 945 1546 960 1582; x_wconf 87' lang='lat'>»</span> <span class='ocrx_word' id='word_1_141' title='bbox 988 1527 1105 1588; x_wconf 89' lang='lat' dir='ltr'><strong>Verum</strong></span> <span class='ocrx_word' id='word_1_142' title='bbox 1153 1527 1332 1587; x_wconf 79' lang='lat' dir='ltr'><strong>Innocentio</strong></span> <span class='ocrx_word' id='word_1_143' title='bbox 1346 1526 1437 1587; x_wconf 88' lang='lat' dir='ltr'><strong>tertio</strong></span> <span class='ocrx_word' id='word_1_144' title='bbox 1452 1544 1575 1587; x_wconf 90' lang='lat' dir='ltr'><strong>summo</strong></span> <span class='ocrx_word' id='word_1_145' title='bbox 1594 1527 1740 1605; x_wconf 87' lang='lat' dir='ltr'><strong>pontifice</strong></span> <span class='ocrx_word' id='word_1_146' title='bbox 1761 1527 1906 1599; x_wconf 80' lang='lat' dir='ltr'><strong>saneitm.</strong></span> <span class='ocrx_word' id='word_1_147' title='bbox 1962 1580 1963 1625; x_wconf 35' lang='lat' dir='ltr'><strong>p</strong></span> 
     </span>
     <span class='ocr_line' id='line_1_14' title="bbox 331 1617 1963 1699; baseline 0.003 -22"><span class='ocrx_word' id='word_1_148' title='bbox 331 1618 462 1679; x_wconf 77' lang='lat' dir='ltr'><strong>infinitae</strong></span> <span class='ocrx_word' id='word_1_149' title='bbox 472 1623 545 1678; x_wconf 90' lang='lat' dir='ltr'><strong>suut</strong></span> <span class='ocrx_word' id='word_1_150' title='bbox 553 1617 778 1697; x_wconf 87' lang='lat' dir='ltr'><strong>ejusdemmodi</strong></span> <span class='ocrx_word' id='word_1_151' title='bbox 788 1618 966 1677; x_wconf 74' lang='lat' dir='ltr'><strong>Grecorum</strong></span> <span class='ocrx_word' id='word_1_152' title='bbox 981 1620 1106 1680; x_wconf 86' lang='lat' dir='ltr'><strong>Petrum</strong></span> <span class='ocrx_word' id='word_1_153' title='bbox 1153 1638 1215 1699; x_wconf 93' lang='lat' dir='ltr'><strong>quo</strong></span> <span class='ocrx_word' id='word_1_154' title='bbox 1243 1624 1350 1679; x_wconf 85' lang='lat' dir='ltr'><strong>eontra</strong></span> <span class='ocrx_word' id='word_1_155' title='bbox 1377 1619 1574 1679; x_wconf 87' lang='lat' dir='ltr'><strong>Joachimum</strong></span> <span class='ocrx_word' id='word_1_156' title='bbox 1601 1619 1747 1681; x_wconf 81' lang='lat' dir='ltr'><strong>abbatem</strong></span> <span class='ocrx_word' id='word_1_157' title='bbox 1777 1638 1816 1680; x_wconf 85' lang='lat' dir='ltr'><strong>ex</strong></span> <span class='ocrx_word' id='word_1_158' title='bbox 1842 1622 1908 1682; x_wconf 86' lang='lat' dir='ltr'><strong>Petri</strong></span> <span class='ocrx_word' id='word_1_159' title='bbox 1962 1632 1963 1691; x_wconf 71' lang='grc'><strong>1</strong></span> 
     </span>
     <span class='ocr_line' id='line_1_15' title="bbox 331 1711 1908 1789; baseline 0.003 -19"><span class='ocrx_word' id='word_1_160' title='bbox 331 1711 503 1785; x_wconf 75' lang='lat' dir='ltr'><strong>sententie,</strong></span> <span class='ocrx_word' id='word_1_161' title='bbox 528 1728 598 1789; x_wconf 85' lang='lat' dir='ltr'><strong>quse</strong></span> <span class='ocrx_word' id='word_1_162' title='bbox 626 1711 725 1771; x_wconf 91' lang='lat' dir='ltr'><strong>Deum</strong></span> <span class='ocrx_word' id='word_1_163' title='bbox 752 1727 959 1789; x_wconf 78' lang='lat' dir='ltr'><strong>personasque</strong></span> <span class='ocrx_word' id='word_1_164' title='bbox 987 1711 1107 1773; x_wconf 77' lang='lat' dir='ltr'><strong>dirines</strong></span> <span class='ocrx_word' id='word_1_165' title='bbox 1153 1711 1319 1772; x_wconf 91' lang='lat' dir='ltr'><strong>Lombardi</strong></span> <span class='ocrx_word' id='word_1_166' title='bbox 1346 1712 1500 1772; x_wconf 89' lang='lat' dir='ltr'><strong>sententia</strong></span> <span class='ocrx_word' id='word_1_167' title='bbox 1526 1712 1673 1773; x_wconf 89' lang='lat' dir='ltr'><strong>definitur</strong></span> <span class='ocrx_word' id='word_1_168' title='bbox 1690 1732 1730 1772; x_wconf 81' lang='lat' dir='ltr'><strong>:c</strong></span> <span class='ocrx_word' id='word_1_169' title='bbox 1759 1713 1843 1786; x_wconf 86' lang='lat' dir='ltr'><strong>Quod</strong></span> <span class='ocrx_word' id='word_1_170' title='bbox 1857 1732 1908 1775; x_wconf 82' lang='lat' dir='ltr'><strong>una</strong></span> 
     </span>
     <span class='ocr_line' id='line_1_16' title="bbox 331 1801 1908 1882; baseline 0.003 -21"><span class='ocrx_word' id='word_1_171' title='bbox 331 1801 523 1862; x_wconf 84' lang='lat' dir='ltr'><strong>divinitatem</strong></span> <span class='ocrx_word' id='word_1_172' title='bbox 546 1819 611 1862; x_wconf 89' lang='lat' dir='ltr'><strong>csse</strong></span> <span class='ocrx_word' id='word_1_173' title='bbox 630 1801 747 1881; x_wconf 87' lang='lat' dir='ltr'><strong>ipsam,</strong></span> <span class='ocrx_word' id='word_1_174' title='bbox 767 1820 803 1861; x_wconf 87' lang='lat' dir='ltr'><strong>ac</strong></span> <span class='ocrx_word' id='word_1_175' title='bbox 821 1806 931 1861; x_wconf 83' lang='lat' dir='ltr'><strong>caetera</strong></span> <span class='ocrx_word' id='word_1_176' title='bbox 948 1821 1018 1882; x_wconf 86' lang='lat' dir='ltr'><strong>quse</strong></span> <span class='ocrx_word' id='word_1_177' title='bbox 1043 1806 1105 1864; x_wconf 81' lang='lat' dir='ltr'><strong>Deo</strong></span> <span class='ocrx_word' id='word_1_178' title='bbox 1153 1804 1297 1882; x_wconf 81' lang='lat' dir='ltr'><strong>quaedam</strong></span> <span class='ocrx_word' id='word_1_179' title='bbox 1306 1821 1356 1863; x_wconf 88' lang='lat' dir='ltr'><strong>res</strong></span> <span class='ocrx_word' id='word_1_180' title='bbox 1368 1808 1414 1864; x_wconf 88' lang='lat' dir='ltr'><strong>est</strong></span> <span class='ocrx_word' id='word_1_181' title='bbox 1427 1803 1747 1882; x_wconf 87' lang='lat' dir='ltr'><strong>incomprehensibilis</strong></span> <span class='ocrx_word' id='word_1_182' title='bbox 1756 1805 1908 1882; x_wconf 80' lang='lat' dir='ltr'><strong>quidemst</strong></span> 
     </span>
     <span class='ocr_line' id='line_1_17' title="bbox 331 1893 1908 1975; baseline 0.004 -23"><span class='ocrx_word' id='word_1_183' title='bbox 331 1893 522 1970; x_wconf 87' lang='lat' dir='ltr'><strong>tribuuntur,</strong></span> <span class='ocrx_word' id='word_1_184' title='bbox 546 1893 704 1953; x_wconf 79' lang='lat' dir='ltr'><strong>obstruatis</strong></span> <span class='ocrx_word' id='word_1_185' title='bbox 723 1893 902 1954; x_wconf 89' lang='lat' dir='ltr'><strong>nominibus</strong></span> <span class='ocrx_word' id='word_1_186' title='bbox 924 1894 1103 1974; x_wconf 74' lang='lat' dir='ltr'><strong>predicant,</strong></span> <span class='ocrx_word' id='word_1_187' title='bbox 1153 1895 1386 1971; x_wconf 70' lang='lat' dir='ltr'><strong>inaestimabilis,</strong></span> <span class='ocrx_word' id='word_1_188' title='bbox 1396 1914 1466 1975; x_wconf 86' lang='lat' dir='ltr'><strong>quae</strong></span> <span class='ocrx_word' id='word_1_189' title='bbox 1477 1895 1625 1956; x_wconf 84' lang='lat' dir='ltr'><strong>veraciter</strong></span> <span class='ocrx_word' id='word_1_190' title='bbox 1638 1902 1685 1956; x_wconf 88' lang='lat' dir='ltr'><strong>est</strong></span> <span class='ocrx_word' id='word_1_191' title='bbox 1695 1898 1786 1957; x_wconf 87' lang='lat' dir='ltr'><strong>Pater</strong></span> <span class='ocrx_word' id='word_1_192' title='bbox 1793 1903 1822 1957; x_wconf 91' lang='lat' dir='ltr'><strong>et</strong></span> <span class='ocrx_word' id='word_1_193' title='bbox 1831 1897 1908 1959; x_wconf 88' lang='lat' dir='ltr'><strong>Filius</strong></span> 
     </span>
     <span class='ocr_line' id='line_1_18' title="bbox 331 1984 1908 2068; baseline 0.001 -21"><span class='ocrx_word' id='word_1_194' title='bbox 331 1987 435 2065; x_wconf 83' lang='lat' dir='ltr'><strong>qualia</strong></span> <span class='ocrx_word' id='word_1_195' title='bbox 453 1988 488 2047; x_wconf 89' lang='lat' dir='ltr'><strong>in</strong></span> <span class='ocrx_word' id='word_1_196' title='bbox 500 1984 710 2065; x_wconf 87' lang='lat' dir='ltr'><strong>superioribus</strong></span> <span class='ocrx_word' id='word_1_197' title='bbox 723 1986 864 2065; x_wconf 87' lang='lat' dir='ltr'><strong>sparsim,</strong></span> <span class='ocrx_word' id='word_1_198' title='bbox 883 1985 938 2046; x_wconf 90' lang='lat' dir='ltr'><strong>ubi</strong></span> <span class='ocrx_word' id='word_1_199' title='bbox 960 1994 1107 2067; x_wconf 90' lang='lat' dir='ltr'><strong>opportu-</strong></span> <span class='ocrx_word' id='word_1_200' title='bbox 1154 1991 1185 2045; x_wconf 89' lang='lat' dir='ltr'><strong>et</strong></span> <span class='ocrx_word' id='word_1_201' title='bbox 1199 1988 1330 2067; x_wconf 86' lang='lat' dir='ltr'><strong>Spiritus</strong></span> <span class='ocrx_word' id='word_1_202' title='bbox 1344 1993 1478 2064; x_wconf 86' lang='lat' dir='ltr'><strong>sanctus,</strong></span> <span class='ocrx_word' id='word_1_203' title='bbox 1492 1993 1554 2047; x_wconf 87' lang='lat' dir='ltr'><strong>tres</strong></span> <span class='ocrx_word' id='word_1_204' title='bbox 1563 1988 1658 2048; x_wconf 91' lang='lat' dir='ltr'><strong>simul</strong></span> <span class='ocrx_word' id='word_1_205' title='bbox 1668 2007 1808 2068; x_wconf 73' lang='lat' dir='ltr'><strong>persone</strong></span> <span class='ocrx_word' id='word_1_206' title='bbox 1817 2009 1849 2049; x_wconf 86' lang='lat' dir='ltr'><strong>ec</strong></span> <span class='ocrx_word' id='word_1_207' title='bbox 1860 1990 1908 2049; x_wconf 90' lang='lat' dir='ltr'><strong>sin-</strong></span> 
     </span>
     <span class='ocr_line' id='line_1_19' title="bbox 332 2078 1908 2160; baseline 0.003 -22"><span class='ocrx_word' id='word_1_208' title='bbox 332 2098 409 2140; x_wconf 93' lang='lat' dir='ltr'><strong>num</strong></span> <span class='ocrx_word' id='word_1_209' title='bbox 431 2080 490 2139; x_wconf 82' lang='lat' dir='ltr'><strong>fuit</strong></span> <span class='ocrx_word' id='word_1_210' title='bbox 510 2078 661 2139; x_wconf 83' lang='lat' dir='ltr'><strong>nonnulle</strong></span> <span class='ocrx_word' id='word_1_211' title='bbox 684 2079 1007 2140; x_wconf 81' lang='lat' dir='ltr'><strong>commemoravimus.</strong></span> <span class='ocrx_word' id='word_1_212' title='bbox 1029 2081 1106 2142; x_wconf 89' lang='lat' dir='ltr'><strong>Vide</strong></span> <span class='ocrx_word' id='word_1_213' title='bbox 1153 2080 1284 2159; x_wconf 77' lang='lat' dir='ltr'><strong>gulatim</strong></span> <span class='ocrx_word' id='word_1_214' title='bbox 1294 2080 1440 2160; x_wconf 80' lang='lat' dir='ltr'><strong>quelibet</strong></span> <span class='ocrx_word' id='word_1_215' title='bbox 1448 2081 1640 2141; x_wconf 88' lang='lat' dir='ltr'><strong>earumdem.</strong></span> <span class='ocrx_word' id='word_1_216' title='bbox 1657 2082 1695 2141; x_wconf 90' lang='lat' dir='ltr'><strong>Et</strong></span> <span class='ocrx_word' id='word_1_217' title='bbox 1712 2081 1783 2141; x_wconf 92' lang='lat' dir='ltr'><strong>ideo</strong></span> <span class='ocrx_word' id='word_1_218' title='bbox 1802 2081 1834 2141; x_wconf 91' lang='lat' dir='ltr'><strong>in</strong></span> <span class='ocrx_word' id='word_1_219' title='bbox 1858 2082 1908 2142; x_wconf 82' lang='lat' dir='ltr'><strong>Deo</strong></span> 
     </span>
     <span class='ocr_line' id='line_1_20' title="bbox 332 2169 1909 2252; baseline 0.001 -21"><span class='ocrx_word' id='word_1_220' title='bbox 332 2172 572 2250; x_wconf 82' lang='lat' dir='ltr'><strong>Cyparissiotum</strong></span> <span class='ocrx_word' id='word_1_221' title='bbox 588 2169 733 2231; x_wconf 84' lang='lat' dir='ltr'><strong>deradex</strong></span> <span class='ocrx_word' id='word_1_222' title='bbox 755 2171 853 2250; x_wconf 87' lang='lat' dir='ltr'><strong>capite</strong></span> <span class='ocrx_word' id='word_1_223' title='bbox 874 2188 906 2231; x_wconf 85' lang='grc'><strong>11</strong></span> <span class='ocrx_word' id='word_1_224' title='bbox 924 2177 956 2232; x_wconf 88' lang='lat' dir='ltr'><strong>et</strong></span> <span class='ocrx_word' id='word_1_225' title='bbox 973 2190 1104 2252; x_wconf 87' lang='lat' dir='ltr'><strong>sequen-</strong></span> <span class='ocrx_word' id='word_1_226' title='bbox 1154 2172 1286 2233; x_wconf 90' lang='lat' dir='ltr'><strong>Trinitas</strong></span> <span class='ocrx_word' id='word_1_227' title='bbox 1300 2171 1547 2233; x_wconf 91' lang='lat' dir='ltr'><strong>estsolummodo</strong></span> <span class='ocrx_word' id='word_1_228' title='bbox 1562 2190 1628 2232; x_wconf 90' lang='lat' dir='ltr'><strong>non</strong></span> <span class='ocrx_word' id='word_1_229' title='bbox 1637 2172 1836 2251; x_wconf 86' lang='lat' dir='ltr'><strong>quaternitas,</strong></span> <span class='ocrx_word' id='word_1_230' title='bbox 1850 2174 1909 2251; x_wconf 72' lang='lat' dir='ltr'><strong>qius</strong></span> 
     </span>
     <span class='ocr_line' id='line_1_21' title="bbox 331 2262 1907 2343; baseline 0.002 -21"><span class='ocrx_word' id='word_1_231' title='bbox 331 2262 424 2324; x_wconf 86' lang='lat' dir='ltr'><strong>tibus.</strong></span> <span class='ocrx_word' id='word_1_232' title='bbox 1154 2264 1300 2343; x_wconf 77' lang='lat' dir='ltr'><strong>quelibet</strong></span> <span class='ocrx_word' id='word_1_233' title='bbox 1307 2266 1403 2325; x_wconf 83' lang='lat' dir='ltr'><strong>trium</strong></span> <span class='ocrx_word' id='word_1_234' title='bbox 1417 2282 1620 2343; x_wconf 87' lang='lat' dir='ltr'><strong>personarum</strong></span> <span class='ocrx_word' id='word_1_235' title='bbox 1630 2264 1739 2325; x_wconf 80' lang='lat' dir='ltr'><strong>astilia</strong></span> <span class='ocrx_word' id='word_1_236' title='bbox 1761 2283 1821 2341; x_wconf 85' lang='lat' dir='ltr'><strong>res,</strong></span> <span class='ocrx_word' id='word_1_237' title='bbox 1838 2265 1907 2326; x_wconf 84' lang='lat' dir='ltr'><strong>vide·</strong></span> 
     </span>
    </p>
   </div>
   <div class='ocr_carea' id='block_1_3' title="bbox 162 2354 1905 2434">
    <p class='ocr_par' dir='ltr' id='par_1_3' title="bbox 162 2354 1905 2434">
     <span class='ocr_line' id='line_1_22' title="bbox 162 2354 1905 2434; baseline 0.002 -23"><span class='ocrx_word' id='word_1_238' title='bbox 162 2366 271 2411; x_wconf 77' lang='lat' dir='ltr'><strong>stmtliun</strong></span> <span class='ocrx_word' id='word_1_239' title='bbox 284 2375 307 2411; x_wconf 77' lang='lat' dir='ltr'><strong>cr</strong></span> <span class='ocrx_word' id='word_1_240' title='bbox 372 2355 423 2415; x_wconf 89' lang='lat' dir='ltr'><strong>IX.</strong></span> <span class='ocrx_word' id='word_1_241' title='bbox 447 2355 501 2415; x_wconf 89' lang='lat' dir='ltr'><strong>His</strong></span> <span class='ocrx_word' id='word_1_242' title='bbox 511 2355 609 2416; x_wconf 86' lang='lat' dir='ltr'><strong>Latini</strong></span> <span class='ocrx_word' id='word_1_243' title='bbox 618 2372 734 2432; x_wconf 78' lang='lat' dir='ltr'><strong>magno</strong></span> <span class='ocrx_word' id='word_1_244' title='bbox 744 2372 876 2414; x_wconf 88' lang='lat' dir='ltr'><strong>numero</strong></span> <span class='ocrx_word' id='word_1_245' title='bbox 885 2354 1104 2434; x_wconf 74' lang='lat' dir='ltr'><strong>suffragantur,</strong></span> <span class='ocrx_word' id='word_1_246' title='bbox 1153 2357 1563 2432; x_wconf 84' lang='lat' dir='ltr'><strong>liretsnbstantia,essentia,</strong></span> <span class='ocrx_word' id='word_1_247' title='bbox 1579 2358 1644 2418; x_wconf 88' lang='lat' dir='ltr'><strong>sive</strong></span> <span class='ocrx_word' id='word_1_248' title='bbox 1657 2362 1770 2418; x_wconf 87' lang='lat' dir='ltr'><strong>natura</strong></span> <span class='ocrx_word' id='word_1_249' title='bbox 1783 2358 1905 2418; x_wconf 75' lang='lat' dir='ltr'><strong>diuus.»</strong></span> 
     </span>
    </p>
   </div>
   <div class='ocr_carea' id='block_1_4' title="bbox 193 2420 274 2463">
    <p class='ocr_par' dir='ltr' id='par_1_4' title="bbox 193 2420 274 2463">
     <span class='ocr_line' id='line_1_23' title="bbox 193 2420 274 2463; baseline 0 0"><span class='ocrx_word' id='word_1_250' title='bbox 193 2420 274 2463; x_wconf 78' lang='lat' dir='ltr'><strong>Latini.</strong></span> 
     </span>
    </p>
   </div>
   <div class='ocr_carea' id='block_1_5' title="bbox 330 2524 1963 4746">
    <p class='ocr_par' dir='ltr' id='par_1_5' title="bbox 330 2524 1963 4006">
     <span class='ocr_line' id='line_1_24' title="bbox 332 2524 1961 2621; baseline 0.001 -22"><span class='ocrx_word' id='word_1_251' title='bbox 332 2557 432 2599; x_wconf 90' lang='lat' dir='ltr'><strong>unum</strong></span> <span class='ocrx_word' id='word_1_252' title='bbox 466 2540 560 2600; x_wconf 89' lang='lat' dir='ltr'><strong>modo</strong></span> <span class='ocrx_word' id='word_1_253' title='bbox 594 2537 788 2618; x_wconf 72' lang='lat' dir='ltr'><strong>proferemus</strong></span> <span class='ocrx_word' id='word_1_254' title='bbox 816 2539 919 2601; x_wconf 86' lang='lat' dir='ltr'><strong>locum</strong></span> <span class='ocrx_word' id='word_1_255' title='bbox 954 2558 993 2601; x_wconf 85' lang='lat' dir='ltr'><strong>ex</strong></span> <span class='ocrx_word' id='word_1_256' title='bbox 1025 2543 1104 2621; x_wconf 88' lang='lat' dir='ltr'><strong>epis·</strong></span> <span class='ocrx_word' id='word_1_257' title='bbox 1154 2524 1961 2621; x_wconf 50' lang='grc' dir='ltr'><strong>11111111Ρ111111111111111111511111111111,(11111111111111111ᾖξ’1</strong></span> 
     </span>
     <span class='ocr_line' id='line_1_25' title="bbox 331 2631 1909 2712; baseline 0.001 -21"><span class='ocrx_word' id='word_1_258' title='bbox 331 2632 394 2692; x_wconf 86' lang='lat' dir='ltr'><strong>tola</strong></span> <span class='ocrx_word' id='word_1_259' title='bbox 420 2648 523 2693; x_wconf 75' lang='grc'>11111111</span> <span class='ocrx_word' id='word_1_260' title='bbox 547 2632 601 2692; x_wconf 90' lang='lat' dir='ltr'><strong>ubi</strong></span> <span class='ocrx_word' id='word_1_261' title='bbox 620 2631 746 2692; x_wconf 80' lang='lat' dir='ltr'><strong>stultam</strong></span> <span class='ocrx_word' id='word_1_262' title='bbox 766 2633 973 2712; x_wconf 86' lang='lat' dir='ltr'><strong>quorumdam</strong></span> <span class='ocrx_word' id='word_1_263' title='bbox 996 2635 1107 2695; x_wconf 87' lang='lat' dir='ltr'><strong>refellit</strong></span> <span class='ocrx_word' id='word_1_264' title='bbox 1154 2634 1235 2695; x_wconf 92' lang='lat' dir='ltr'><strong>sules</strong></span> <span class='ocrx_word' id='word_1_265' title='bbox 1261 2634 1343 2694; x_wconf 85' lang='lat' dir='ltr'><strong>hanc</strong></span> <span class='ocrx_word' id='word_1_266' title='bbox 1366 2634 1513 2695; x_wconf 88' lang='lat' dir='ltr'><strong>adversus</strong></span> <span class='ocrx_word' id='word_1_267' title='bbox 1537 2634 1628 2694; x_wconf 92' lang='lat' dir='ltr'><strong>illum</strong></span> <span class='ocrx_word' id='word_1_268' title='bbox 1655 2633 1728 2693; x_wconf 87' lang='lat' dir='ltr'><strong>fidei</strong></span> <span class='ocrx_word' id='word_1_269' title='bbox 1761 2634 1909 2694; x_wconf 82' lang='lat' dir='ltr'><strong>formulam</strong></span> 
     </span>
     <span class='ocr_line' id='line_1_26' title="bbox 331 2725 1938 2804; baseline 0.001 -19"><span class='ocrx_word' id='word_1_270' title='bbox 331 2725 521 2803; x_wconf 86' lang='lat' dir='ltr'><strong>opinionem,</strong></span> <span class='ocrx_word' id='word_1_271' title='bbox 536 2725 590 2804; x_wconf 89' lang='lat' dir='ltr'><strong>qui</strong></span> <span class='ocrx_word' id='word_1_272' title='bbox 607 2725 839 2785; x_wconf 73' lang='lat' dir='ltr'><strong>«substantiam</strong></span> <span class='ocrx_word' id='word_1_273' title='bbox 861 2727 957 2786; x_wconf 87' lang='lat' dir='ltr'><strong>Patris</strong></span> <span class='ocrx_word' id='word_1_274' title='bbox 974 2726 1009 2786; x_wconf 90' lang='lat' dir='ltr'><strong>in</strong></span> <span class='ocrx_word' id='word_1_275' title='bbox 1028 2728 1106 2788; x_wconf 86' lang='lat' dir='ltr'><strong>coelo</strong></span> <span class='ocrx_word' id='word_1_276' title='bbox 1155 2727 1317 2788; x_wconf 87' lang='lat' dir='ltr'><strong>ediderunt</strong></span> <span class='ocrx_word' id='word_1_277' title='bbox 1330 2731 1489 2804; x_wconf 75' lang='lat' dir='ltr'><strong>preeunte</strong></span> <span class='ocrx_word' id='word_1_278' title='bbox 1506 2731 1611 2786; x_wconf 89' lang='lat' dir='ltr'><strong>sancto</strong></span> <span class='ocrx_word' id='word_1_279' title='bbox 1634 2725 1802 2800; x_wconf 87' lang='lat' dir='ltr'><strong>Bernnrdo,</strong></span> <span class='ocrx_word' id='word_1_280' title='bbox 1820 2728 1908 2786; x_wconf 66' lang='grc'>111111-</span> <span class='ocrx_word' id='word_1_281' title='bbox 1933 2735 1938 2744; x_wconf 88' lang='grc'><strong>’</strong></span> 
     </span>
     <span class='ocr_line' id='line_1_27' title="bbox 331 2817 1908 2898; baseline 0 -19"><span class='ocrx_word' id='word_1_282' title='bbox 331 2835 396 2879; x_wconf 90' lang='lat' dir='ltr'><strong>esse</strong></span> <span class='ocrx_word' id='word_1_283' title='bbox 417 2818 559 2879; x_wconf 87' lang='lat' dir='ltr'><strong>dicebant</strong></span> <span class='ocrx_word' id='word_1_284' title='bbox 581 2818 753 2878; x_wconf 87' lang='lat' dir='ltr'><strong>secundum</strong></span> <span class='ocrx_word' id='word_1_285' title='bbox 773 2818 858 2897; x_wconf 90' lang='lat' dir='ltr'><strong>quod</strong></span> <span class='ocrx_word' id='word_1_286' title='bbox 881 2819 970 2879; x_wconf 86' lang='lat' dir='ltr'><strong>Pater</strong></span> <span class='ocrx_word' id='word_1_287' title='bbox 989 2838 1053 2880; x_wconf 88' lang='lat' dir='ltr'><strong>una</strong></span> <span class='ocrx_word' id='word_1_288' title='bbox 1072 2820 1106 2881; x_wconf 90' lang='lat' dir='ltr'><strong>in</strong></span> <span class='ocrx_word' id='word_1_289' title='bbox 1154 2819 1247 2897; x_wconf 78' lang='lat' dir='ltr'><strong>genio</strong></span> <span class='ocrx_word' id='word_1_290' title='bbox 1261 2817 1398 2898; x_wconf 88' lang='lat' dir='ltr'><strong>pontifici</strong></span> <span class='ocrx_word' id='word_1_291' title='bbox 1412 2819 1603 2879; x_wconf 89' lang='lat' dir='ltr'><strong>obtulerunt.</strong></span> <span class='ocrx_word' id='word_1_292' title='bbox 1630 2818 1825 2879; x_wconf 71' lang='lat' dir='ltr'><strong>«Credimus</strong></span> <span class='ocrx_word' id='word_1_293' title='bbox 1848 2818 1908 2878; x_wconf 88' lang='lat' dir='ltr'><strong>sim-</strong></span> 
     </span>
     <span class='ocr_line' id='line_1_28' title="bbox 331 2910 1910 2990; baseline -0.001 -19"><span class='ocrx_word' id='word_1_294' title='bbox 331 2911 479 2971; x_wconf 84' lang='lat' dir='ltr'><strong>Tn&#39;nitate</strong></span> <span class='ocrx_word' id='word_1_295' title='bbox 498 2928 632 2990; x_wconf 89' lang='lat' dir='ltr'><strong>persona</strong></span> <span class='ocrx_word' id='word_1_296' title='bbox 652 2915 708 2986; x_wconf 90' lang='lat' dir='ltr'><strong>est,</strong></span> <span class='ocrx_word' id='word_1_297' title='bbox 732 2910 925 2971; x_wconf 82' lang='lat' dir='ltr'><strong>divinitatem</strong></span> <span class='ocrx_word' id='word_1_298' title='bbox 948 2929 1021 2972; x_wconf 79' lang='lat' dir='ltr'><strong>vero</strong></span> <span class='ocrx_word' id='word_1_299' title='bbox 1042 2932 1106 2974; x_wconf 87' lang='lat' dir='ltr'><strong>non</strong></span> <span class='ocrx_word' id='word_1_300' title='bbox 1154 2910 1272 2990; x_wconf 88' lang='lat' dir='ltr'><strong>pliciter</strong></span> <span class='ocrx_word' id='word_1_301' title='bbox 1294 2915 1438 2970; x_wconf 73' lang='lat' dir='ltr'><strong>neonem</strong></span> <span class='ocrx_word' id='word_1_302' title='bbox 1459 2910 1631 2971; x_wconf 85' lang='lat' dir='ltr'><strong>divinitatis</strong></span> <span class='ocrx_word' id='word_1_303' title='bbox 1649 2926 1715 2969; x_wconf 87' lang='lat' dir='ltr'><strong>esse</strong></span> <span class='ocrx_word' id='word_1_304' title='bbox 1738 2912 1844 2983; x_wconf 86' lang='lat' dir='ltr'><strong>Deum,</strong></span> <span class='ocrx_word' id='word_1_305' title='bbox 1864 2928 1910 2970; x_wconf 86' lang='lat' dir='ltr'><strong>nec</strong></span> 
     </span>
     <span class='ocr_line' id='line_1_29' title="bbox 331 3002 1908 3082; baseline 0.001 -20"><span class='ocrx_word' id='word_1_306' title='bbox 331 3002 365 3062; x_wconf 87' lang='lat' dir='ltr'><strong>in</strong></span> <span class='ocrx_word' id='word_1_307' title='bbox 384 3004 461 3063; x_wconf 88' lang='lat' dir='ltr'><strong>coelo</strong></span> <span class='ocrx_word' id='word_1_308' title='bbox 481 3008 605 3064; x_wconf 86' lang='lat' dir='ltr'><strong>tantum</strong></span> <span class='ocrx_word' id='word_1_309' title='bbox 624 3003 678 3063; x_wconf 90' lang='lat' dir='ltr'><strong>sed</strong></span> <span class='ocrx_word' id='word_1_310' title='bbox 702 3003 828 3081; x_wconf 85' lang='lat' dir='ltr'><strong>ubique,</strong></span> <span class='ocrx_word' id='word_1_311' title='bbox 849 3003 937 3081; x_wconf 86' lang='lat' dir='ltr'><strong>quasi</strong></span> <span class='ocrx_word' id='word_1_312' title='bbox 960 3003 1045 3064; x_wconf 86' lang='lat' dir='ltr'><strong>aliud</strong></span> <span class='ocrx_word' id='word_1_313' title='bbox 1068 3006 1107 3065; x_wconf 92' lang='lat' dir='ltr'><strong>sit</strong></span> <span class='ocrx_word' id='word_1_314' title='bbox 1153 3003 1256 3081; x_wconf 85' lang='lat' dir='ltr'><strong>aliquo</strong></span> <span class='ocrx_word' id='word_1_315' title='bbox 1266 3020 1380 3063; x_wconf 90' lang='lat' dir='ltr'><strong>sensuc</strong></span> <span class='ocrx_word' id='word_1_316' title='bbox 1392 3002 1526 3062; x_wconf 86' lang='lat' dir='ltr'><strong>atholico</strong></span> <span class='ocrx_word' id='word_1_317' title='bbox 1536 3019 1624 3081; x_wconf 90' lang='lat' dir='ltr'><strong>posse</strong></span> <span class='ocrx_word' id='word_1_318' title='bbox 1640 3003 1749 3079; x_wconf 78' lang='lat' dir='ltr'><strong>negari</strong></span> <span class='ocrx_word' id='word_1_319' title='bbox 1762 3004 1835 3082; x_wconf 83' lang='lat' dir='ltr'><strong>qum</strong></span> <span class='ocrx_word' id='word_1_320' title='bbox 1846 3003 1908 3063; x_wconf 83' lang='grc'>11111-</span> 
     </span>
     <span class='ocr_line' id='line_1_30' title="bbox 331 3093 1908 3174; baseline 0.003 -21"><span class='ocrx_word' id='word_1_321' title='bbox 331 3095 431 3171; x_wconf 88' lang='lat' dir='ltr'><strong>Pater,</strong></span> <span class='ocrx_word' id='word_1_322' title='bbox 447 3095 531 3156; x_wconf 84' lang='lat' dir='ltr'><strong>aliud</strong></span> <span class='ocrx_word' id='word_1_323' title='bbox 545 3094 690 3156; x_wconf 86' lang='lat' dir='ltr'><strong>divinitas</strong></span> <span class='ocrx_word' id='word_1_324' title='bbox 705 3094 772 3172; x_wconf 89' lang='lat' dir='ltr'><strong>ejus</strong></span> <span class='ocrx_word' id='word_1_325' title='bbox 788 3113 858 3174; x_wconf 82' lang='lat' dir='ltr'><strong>quae</strong></span> <span class='ocrx_word' id='word_1_326' title='bbox 872 3094 917 3155; x_wconf 86' lang='lat' dir='ltr'><strong>illi</strong></span> <span class='ocrx_word' id='word_1_327' title='bbox 933 3098 1108 3157; x_wconf 88' lang='lat' dir='ltr'><strong>eommunis</strong></span> <span class='ocrx_word' id='word_1_328' title='bbox 1155 3096 1237 3155; x_wconf 87' lang='lat' dir='ltr'><strong>nitas</strong></span> <span class='ocrx_word' id='word_1_329' title='bbox 1247 3096 1286 3155; x_wconf 91' lang='lat' dir='ltr'><strong>sit</strong></span> <span class='ocrx_word' id='word_1_330' title='bbox 1301 3096 1382 3155; x_wconf 88' lang='lat' dir='ltr'><strong>Deus</strong></span> <span class='ocrx_word' id='word_1_331' title='bbox 1396 3100 1427 3155; x_wconf 89' lang='lat' dir='ltr'><strong>et</strong></span> <span class='ocrx_word' id='word_1_332' title='bbox 1438 3096 1519 3155; x_wconf 85' lang='lat' dir='ltr'><strong>Deus</strong></span> <span class='ocrx_word' id='word_1_333' title='bbox 1532 3095 1675 3155; x_wconf 87' lang='lat' dir='ltr'><strong>divinitas</strong></span> <span class='ocrx_word' id='word_1_334' title='bbox 1685 3093 1774 3155; x_wconf 76' lang='lat' dir='ltr'><strong>¹.»rtc</strong></span> <span class='ocrx_word' id='word_1_335' title='bbox 1785 3095 1908 3157; x_wconf 80' lang='lat' dir='ltr'><strong>subinde.</strong></span> 
     </span>
     <span class='ocr_line' id='line_1_31' title="bbox 331 3187 1906 3269; baseline -0.002 -23"><span class='ocrx_word' id='word_1_336' title='bbox 331 3192 376 3246; x_wconf 90' lang='lat' dir='ltr'><strong>est</strong></span> <span class='ocrx_word' id='word_1_337' title='bbox 390 3205 462 3247; x_wconf 90' lang='lat' dir='ltr'><strong>oum</strong></span> <span class='ocrx_word' id='word_1_338' title='bbox 471 3187 546 3247; x_wconf 82' lang='lat' dir='ltr'><strong>Filio</strong></span> <span class='ocrx_word' id='word_1_339' title='bbox 561 3192 593 3248; x_wconf 89' lang='lat' dir='ltr'><strong>et</strong></span> <span class='ocrx_word' id='word_1_340' title='bbox 606 3187 723 3266; x_wconf 87' lang='lat' dir='ltr'><strong>Spiritu</strong></span> <span class='ocrx_word' id='word_1_341' title='bbox 737 3192 853 3248; x_wconf 85' lang='lat' dir='ltr'><strong>sancto.</strong></span> <span class='ocrx_word' id='word_1_342' title='bbox 869 3208 885 3245; x_wconf 76' lang='lat' dir='ltr'><strong>a</strong></span> <span class='ocrx_word' id='word_1_343' title='bbox 903 3188 1016 3248; x_wconf 83' lang='lat' dir='ltr'><strong>Contra</strong></span> <span class='ocrx_word' id='word_1_344' title='bbox 1029 3208 1107 3269; x_wconf 88' lang='lat' dir='ltr'><strong>quos</strong></span> <span class='ocrx_word' id='word_1_345' title='bbox 1159 3188 1616 3248; x_wconf 85' lang='lat' dir='ltr'><strong>«nonnisieadivinitateDeum</strong></span> <span class='ocrx_word' id='word_1_346' title='bbox 1623 3204 1774 3266; x_wconf 81' lang='lat' dir='ltr'><strong>esse,quae</strong></span> <span class='ocrx_word' id='word_1_347' title='bbox 1781 3188 1906 3267; x_wconf 68' lang='lat' dir='ltr'><strong>estipsea</strong></span> 
     </span>
     <span class='ocr_line' id='line_1_32' title="bbox 331 3269 1963 3361; baseline 0.002 -23"><span class='ocrx_word' id='word_1_348' title='bbox 331 3279 466 3357; x_wconf 88' lang='lat' dir='ltr'><strong>disputat</strong></span> <span class='ocrx_word' id='word_1_349' title='bbox 489 3279 542 3352; x_wconf 89' lang='lat' dir='ltr'><strong>sic,</strong></span> <span class='ocrx_word' id='word_1_350' title='bbox 563 3279 648 3358; x_wconf 89' lang='lat' dir='ltr'><strong>quod</strong></span> <span class='ocrx_word' id='word_1_351' title='bbox 665 3300 681 3335; x_wconf 90' lang='lat'>«</span> <span class='ocrx_word' id='word_1_352' title='bbox 695 3279 838 3340; x_wconf 70' lang='grc'>(1111111111</span> <span class='ocrx_word' id='word_1_353' title='bbox 861 3279 1018 3340; x_wconf 85' lang='lat' dir='ltr'><strong>Trinitatis</strong></span> <span class='ocrx_word' id='word_1_354' title='bbox 1036 3301 1106 3361; x_wconf 84' lang='lat' dir='ltr'><strong>quae</strong></span> <span class='ocrx_word' id='word_1_355' title='bbox 1155 3280 1311 3359; x_wconf 79' lang='lat' dir='ltr'><strong>Eugenius</strong></span> <span class='ocrx_word' id='word_1_356' title='bbox 1325 3269 1399 3340; x_wconf 82' lang='lat' dir='ltr'><strong>vero</strong></span> <span class='ocrx_word' id='word_1_357' title='bbox 1413 3281 1472 3340; x_wconf 91' lang='lat' dir='ltr'><strong>hoc</strong></span> <span class='ocrx_word' id='word_1_358' title='bbox 1481 3281 1584 3359; x_wconf 89' lang='lat' dir='ltr'><strong>ipsum</strong></span> <span class='ocrx_word' id='word_1_359' title='bbox 1596 3280 1723 3340; x_wconf 81' lang='lat' dir='ltr'><strong>statuit:</strong></span> <span class='ocrx_word' id='word_1_360' title='bbox 1743 3302 1759 3336; x_wconf 82' lang='lat' dir='ltr'><strong>u</strong></span> <span class='ocrx_word' id='word_1_361' title='bbox 1773 3280 1908 3357; x_wconf 78' lang='lat' dir='ltr'><strong>Nealipm</strong></span> <span class='ocrx_word' id='word_1_362' title='bbox 1962 3298 1963 3321; x_wconf 63' lang='lat'>¹</span> 
     </span>
     <span class='ocr_line' id='line_1_33' title="bbox 331 3371 1908 3452; baseline 0.001 -22"><span class='ocrx_word' id='word_1_363' title='bbox 331 3376 457 3450; x_wconf 88' lang='lat' dir='ltr'><strong>putatur</strong></span> <span class='ocrx_word' id='word_1_364' title='bbox 480 3371 540 3431; x_wconf 88' lang='lat' dir='ltr'><strong>alin</strong></span> <span class='ocrx_word' id='word_1_365' title='bbox 562 3388 627 3431; x_wconf 89' lang='lat' dir='ltr'><strong>esse</strong></span> <span class='ocrx_word' id='word_1_366' title='bbox 650 3388 745 3449; x_wconf 87' lang='lat' dir='ltr'><strong>quam</strong></span> <span class='ocrx_word' id='word_1_367' title='bbox 770 3376 816 3431; x_wconf 88' lang='lat' dir='ltr'><strong>est</strong></span> <span class='ocrx_word' id='word_1_368' title='bbox 833 3372 900 3450; x_wconf 89' lang='lat' dir='ltr'><strong>ipsa</strong></span> <span class='ocrx_word' id='word_1_369' title='bbox 913 3372 1056 3449; x_wconf 87' lang='lat' dir='ltr'><strong>Trinitas,</strong></span> <span class='ocrx_word' id='word_1_370' title='bbox 1077 3381 1108 3435; x_wconf 86' lang='lat' dir='ltr'><strong>et</strong></span> <span class='ocrx_word' id='word_1_371' title='bbox 1155 3373 1233 3433; x_wconf 85' lang='lat' dir='ltr'><strong>ratio</strong></span> <span class='ocrx_word' id='word_1_372' title='bbox 1247 3373 1280 3433; x_wconf 89' lang='lat' dir='ltr'><strong>in</strong></span> <span class='ocrx_word' id='word_1_373' title='bbox 1294 3372 1450 3450; x_wconf 80' lang='lat' dir='ltr'><strong>theologia</strong></span> <span class='ocrx_word' id='word_1_374' title='bbox 1460 3372 1542 3432; x_wconf 89' lang='lat' dir='ltr'><strong>inter</strong></span> <span class='ocrx_word' id='word_1_375' title='bbox 1556 3378 1702 3433; x_wconf 86' lang='lat' dir='ltr'><strong>naturam</strong></span> <span class='ocrx_word' id='word_1_376' title='bbox 1712 3378 1744 3433; x_wconf 90' lang='lat' dir='ltr'><strong>et</strong></span> <span class='ocrx_word' id='word_1_377' title='bbox 1764 3389 1908 3452; x_wconf 84' lang='lat' dir='ltr'><strong>personam</strong></span> 
     </span>
     <span class='ocr_line' id='line_1_34' title="bbox 331 3463 1909 3543; baseline 0.001 -20"><span class='ocrx_word' id='word_1_378' title='bbox 331 3470 458 3543; x_wconf 87' lang='lat' dir='ltr'><strong>propter</strong></span> <span class='ocrx_word' id='word_1_379' title='bbox 478 3463 561 3523; x_wconf 84' lang='lat' dir='ltr'><strong>hane</strong></span> <span class='ocrx_word' id='word_1_380' title='bbox 582 3463 641 3523; x_wconf 90' lang='lat' dir='ltr'><strong>dici</strong></span> <span class='ocrx_word' id='word_1_381' title='bbox 665 3481 729 3523; x_wconf 93' lang='lat' dir='ltr'><strong>non</strong></span> <span class='ocrx_word' id='word_1_382' title='bbox 751 3468 815 3524; x_wconf 88' lang='lat' dir='ltr'><strong>tres</strong></span> <span class='ocrx_word' id='word_1_383' title='bbox 838 3464 912 3524; x_wconf 89' lang='lat' dir='ltr'><strong>deos</strong></span> <span class='ocrx_word' id='word_1_384' title='bbox 930 3465 984 3526; x_wconf 89' lang='lat' dir='ltr'><strong>sed</strong></span> <span class='ocrx_word' id='word_1_385' title='bbox 1006 3485 1107 3529; x_wconf 89' lang='lat' dir='ltr'><strong>unum</strong></span> <span class='ocrx_word' id='word_1_386' title='bbox 1155 3465 1315 3541; x_wconf 90' lang='lat' dir='ltr'><strong>divideret,</strong></span> <span class='ocrx_word' id='word_1_387' title='bbox 1331 3482 1409 3525; x_wconf 86' lang='lat' dir='ltr'><strong>neve</strong></span> <span class='ocrx_word' id='word_1_388' title='bbox 1425 3465 1506 3525; x_wconf 86' lang='lat' dir='ltr'><strong>Deus</strong></span> <span class='ocrx_word' id='word_1_389' title='bbox 1515 3464 1622 3525; x_wconf 88' lang='lat' dir='ltr'><strong>divina</strong></span> <span class='ocrx_word' id='word_1_390' title='bbox 1635 3465 1909 3526; x_wconf 82' lang='lat' dir='ltr'><strong>essentiadicerebrr</strong></span> 
     </span>
     <span class='ocr_line' id='line_1_35' title="bbox 331 3555 1908 3636; baseline -0.001 -19"><span class='ocrx_word' id='word_1_391' title='bbox 331 3556 598 3635; x_wconf 88' lang='lat' dir='ltr'><strong>Deum,quoniam</strong></span> <span class='ocrx_word' id='word_1_392' title='bbox 607 3555 673 3634; x_wconf 85' lang='lat' dir='ltr'><strong>ipsa</strong></span> <span class='ocrx_word' id='word_1_393' title='bbox 679 3555 834 3616; x_wconf 85' lang='lat' dir='ltr'><strong>esttribus</strong></span> <span class='ocrx_word' id='word_1_394' title='bbox 843 3561 1104 3636; x_wconf 88' lang='lat' dir='ltr'><strong>unacommunis;</strong></span> <span class='ocrx_word' id='word_1_395' title='bbox 1155 3577 1194 3619; x_wconf 83' lang='lat' dir='ltr'><strong>ex</strong></span> <span class='ocrx_word' id='word_1_396' title='bbox 1207 3576 1299 3619; x_wconf 89' lang='lat' dir='ltr'><strong>sensu</strong></span> <span class='ocrx_word' id='word_1_397' title='bbox 1313 3556 1440 3618; x_wconf 84' lang='lat' dir='ltr'><strong>ablativi</strong></span> <span class='ocrx_word' id='word_1_398' title='bbox 1449 3562 1584 3631; x_wconf 89' lang='lat' dir='ltr'><strong>tantum,</strong></span> <span class='ocrx_word' id='word_1_399' title='bbox 1598 3558 1756 3618; x_wconf 87' lang='lat' dir='ltr'><strong>sedetiam</strong></span> <span class='ocrx_word' id='word_1_400' title='bbox 1766 3556 1908 3617; x_wconf 84' lang='lat' dir='ltr'><strong>nominati·</strong></span> 
     </span>
     <span class='ocr_line' id='line_1_36' title="bbox 331 3646 1906 3728; baseline 0.001 -21"><span class='ocrx_word' id='word_1_401' title='bbox 331 3652 386 3708; x_wconf 86' lang='lat' dir='ltr'><strong>aut</strong></span> <span class='ocrx_word' id='word_1_402' title='bbox 405 3646 575 3707; x_wconf 85' lang='lat' dir='ltr'><strong>substantia</strong></span> <span class='ocrx_word' id='word_1_403' title='bbox 595 3652 641 3707; x_wconf 90' lang='lat' dir='ltr'><strong>est</strong></span> <span class='ocrx_word' id='word_1_404' title='bbox 661 3653 715 3707; x_wconf 86' lang='lat' dir='ltr'><strong>aut</strong></span> <span class='ocrx_word' id='word_1_405' title='bbox 735 3665 800 3708; x_wconf 90' lang='lat' dir='ltr'><strong>non</strong></span> <span class='ocrx_word' id='word_1_406' title='bbox 813 3653 859 3708; x_wconf 89' lang='lat' dir='ltr'><strong>est</strong></span> <span class='ocrx_word' id='word_1_407' title='bbox 877 3648 1057 3715; x_wconf 83' lang='lat' dir='ltr'><strong>substantia.</strong></span> <span class='ocrx_word' id='word_1_408' title='bbox 1074 3653 1107 3714; x_wconf 91' lang='lat' dir='ltr'><strong>Si</strong></span> <span class='ocrx_word' id='word_1_409' title='bbox 1155 3650 1219 3711; x_wconf 84' lang='lat' dir='ltr'><strong>vi¹.</strong></span> <span class='ocrx_word' id='word_1_410' title='bbox 1236 3671 1252 3708; x_wconf 79' lang='lat' dir='ltr'><strong>s</strong></span> <span class='ocrx_word' id='word_1_411' title='bbox 1271 3648 1439 3728; x_wconf 86' lang='lat' dir='ltr'><strong>Exquibus</strong></span> <span class='ocrx_word' id='word_1_412' title='bbox 1448 3654 1567 3709; x_wconf 89' lang='lat' dir='ltr'><strong>constat</strong></span> <span class='ocrx_word' id='word_1_413' title='bbox 1579 3648 1833 3710; x_wconf 77' lang='lat' dir='ltr'><strong>nidiemomnino</strong></span> <span class='ocrx_word' id='word_1_414' title='bbox 1842 3666 1906 3727; x_wconf 85' lang='lat' dir='ltr'><strong>pre·</strong></span> 
     </span>
     <span class='ocr_line' id='line_1_37' title="bbox 331 3739 1907 3821; baseline -0.002 -20"><span class='ocrx_word' id='word_1_415' title='bbox 331 3741 501 3801; x_wconf 88' lang='lat' dir='ltr'><strong>substantia</strong></span> <span class='ocrx_word' id='word_1_416' title='bbox 514 3745 561 3800; x_wconf 90' lang='lat' dir='ltr'><strong>est</strong></span> <span class='ocrx_word' id='word_1_417' title='bbox 574 3744 605 3799; x_wconf 91' lang='lat' dir='ltr'><strong>et</strong></span> <span class='ocrx_word' id='word_1_418' title='bbox 627 3739 747 3800; x_wconf 86' lang='lat' dir='ltr'><strong>aliaest</strong></span> <span class='ocrx_word' id='word_1_419' title='bbox 765 3758 861 3819; x_wconf 87' lang='lat' dir='ltr'><strong>quam</strong></span> <span class='ocrx_word' id='word_1_420' title='bbox 879 3742 978 3817; x_wconf 85' lang='lat' dir='ltr'><strong>Pater,</strong></span> <span class='ocrx_word' id='word_1_421' title='bbox 994 3749 1048 3804; x_wconf 89' lang='lat' dir='ltr'><strong>aut</strong></span> <span class='ocrx_word' id='word_1_422' title='bbox 1062 3745 1107 3804; x_wconf 85' lang='lat' dir='ltr'><strong>Fi·</strong></span> <span class='ocrx_word' id='word_1_423' title='bbox 1154 3748 1297 3821; x_wconf 87' lang='lat' dir='ltr'><strong>terquam</strong></span> <span class='ocrx_word' id='word_1_424' title='bbox 1311 3741 1437 3801; x_wconf 80' lang='lat' dir='ltr'><strong>rationis</strong></span> <span class='ocrx_word' id='word_1_425' title='bbox 1444 3747 1475 3801; x_wconf 89' lang='lat' dir='ltr'><strong>et</strong></span> <span class='ocrx_word' id='word_1_426' title='bbox 1490 3747 1597 3811; x_wconf 71' lang='grc' dir='ltr'><strong>ἐπινοίας</strong></span> <span class='ocrx_word' id='word_1_427' title='bbox 1611 3741 1824 3820; x_wconf 87' lang='lat' dir='ltr'><strong>admittiposse</strong></span> <span class='ocrx_word' id='word_1_428' title='bbox 1836 3739 1907 3800; x_wconf 78' lang='lat' dir='ltr'><strong>dide</strong></span> 
     </span>
     <span class='ocr_line' id='line_1_38' title="bbox 330 3831 1908 3915; baseline -0.002 -23"><span class='ocrx_word' id='word_1_429' title='bbox 330 3832 402 3911; x_wconf 90' lang='lat' dir='ltr'><strong>lius,</strong></span> <span class='ocrx_word' id='word_1_430' title='bbox 414 3838 468 3894; x_wconf 87' lang='lat' dir='ltr'><strong>aut</strong></span> <span class='ocrx_word' id='word_1_431' title='bbox 477 3831 609 3915; x_wconf 91' lang='lat' dir='ltr'><strong>Spiritus</strong></span> <span class='ocrx_word' id='word_1_432' title='bbox 619 3839 753 3907; x_wconf 89' lang='lat' dir='ltr'><strong>sanctus,</strong></span> <span class='ocrx_word' id='word_1_433' title='bbox 765 3836 801 3892; x_wconf 89' lang='lat' dir='ltr'><strong>ut</strong></span> <span class='ocrx_word' id='word_1_434' title='bbox 815 3832 923 3893; x_wconf 88' lang='lat' dir='ltr'><strong>eadem</strong></span> <span class='ocrx_word' id='word_1_435' title='bbox 936 3834 1029 3895; x_wconf 89' lang='lat' dir='ltr'><strong>simul</strong></span> <span class='ocrx_word' id='word_1_436' title='bbox 1038 3836 1106 3896; x_wconf 89' lang='lat' dir='ltr'><strong>Tri-</strong></span> <span class='ocrx_word' id='word_1_437' title='bbox 1154 3836 1288 3895; x_wconf 90' lang='lat' dir='ltr'><strong>rentiam</strong></span> <span class='ocrx_word' id='word_1_438' title='bbox 1322 3834 1403 3894; x_wconf 87' lang='lat' dir='ltr'><strong>inter</strong></span> <span class='ocrx_word' id='word_1_439' title='bbox 1440 3835 1539 3893; x_wconf 89' lang='lat' dir='ltr'><strong>Deum</strong></span> <span class='ocrx_word' id='word_1_440' title='bbox 1574 3839 1605 3893; x_wconf 93' lang='lat' dir='ltr'><strong>et</strong></span> <span class='ocrx_word' id='word_1_441' title='bbox 1646 3833 1834 3894; x_wconf 70' lang='lat' dir='ltr'><strong>diviuimtem</strong></span> <span class='ocrx_word' id='word_1_442' title='bbox 1864 3838 1908 3890; x_wconf 84' lang='lat' dir='ltr'><strong>sut</strong></span> 
     </span>
     <span class='ocr_line' id='line_1_39' title="bbox 332 3924 1331 4006; baseline -0.001 -19"><span class='ocrx_word' id='word_1_443' title='bbox 332 3925 422 4002; x_wconf 88' lang='lat' dir='ltr'><strong>nitas,</strong></span> <span class='ocrx_word' id='word_1_444' title='bbox 443 3925 551 4006; x_wconf 92' lang='lat' dir='ltr'><strong>procul</strong></span> <span class='ocrx_word' id='word_1_445' title='bbox 573 3924 667 3984; x_wconf 88' lang='lat' dir='ltr'><strong>dubio</strong></span> <span class='ocrx_word' id='word_1_446' title='bbox 690 3925 750 3985; x_wconf 86' lang='lat' dir='ltr'><strong>alia</strong></span> <span class='ocrx_word' id='word_1_447' title='bbox 773 3924 942 3986; x_wconf 89' lang='lat' dir='ltr'><strong>substantia</strong></span> <span class='ocrx_word' id='word_1_448' title='bbox 963 3932 1019 3987; x_wconf 88' lang='lat' dir='ltr'><strong>est.</strong></span> <span class='ocrx_word' id='word_1_449' title='bbox 1042 3929 1108 3989; x_wconf 89' lang='lat' dir='ltr'><strong>Hoc</strong></span> <span class='ocrx_word' id='word_1_450' title='bbox 1156 3927 1331 3989; x_wconf 89' lang='lat' dir='ltr'><strong>essentiam.</strong></span> 
     </span>
    </p>

    <p class='ocr_par' dir='ltr' id='par_1_6' title="bbox 330 4016 1963 4746">
     <span class='ocr_line' id='line_1_40' title="bbox 331 4016 1907 4097; baseline -0.003 -17"><span class='ocrx_word' id='word_1_451' title='bbox 331 4025 436 4080; x_wconf 90' lang='lat' dir='ltr'><strong>autem</strong></span> <span class='ocrx_word' id='word_1_452' title='bbox 449 4018 561 4079; x_wconf 86' lang='lat' dir='ltr'><strong>veritas</strong></span> <span class='ocrx_word' id='word_1_453' title='bbox 573 4016 685 4078; x_wconf 79' lang='lat' dir='ltr'><strong>refellit</strong></span> <span class='ocrx_word' id='word_1_454' title='bbox 693 4023 724 4078; x_wconf 90' lang='lat' dir='ltr'><strong>et</strong></span> <span class='ocrx_word' id='word_1_455' title='bbox 737 4019 865 4097; x_wconf 87' lang='lat' dir='ltr'><strong>respuit.</strong></span> <span class='ocrx_word' id='word_1_456' title='bbox 878 4019 910 4079; x_wconf 88' lang='lat' dir='ltr'><strong>Si</strong></span> <span class='ocrx_word' id='word_1_457' title='bbox 924 4024 1028 4080; x_wconf 85' lang='lat' dir='ltr'><strong>autem</strong></span> <span class='ocrx_word' id='word_1_458' title='bbox 1042 4040 1107 4081; x_wconf 91' lang='lat' dir='ltr'><strong>non</strong></span> <span class='ocrx_word' id='word_1_459' title='bbox 1196 4020 1284 4094; x_wconf 87' lang='lat' dir='ltr'><strong>Quod</strong></span> <span class='ocrx_word' id='word_1_460' title='bbox 1296 4018 1448 4079; x_wconf 89' lang='lat' dir='ltr'><strong>subtiliter</strong></span> <span class='ocrx_word' id='word_1_461' title='bbox 1462 4023 1493 4078; x_wconf 90' lang='lat' dir='ltr'><strong>et</strong></span> <span class='ocrx_word' id='word_1_462' title='bbox 1511 4018 1633 4097; x_wconf 88' lang='lat' dir='ltr'><strong>copiose</strong></span> <span class='ocrx_word' id='word_1_463' title='bbox 1663 4018 1832 4078; x_wconf 83' lang='lat' dir='ltr'><strong>Bernardus</strong></span> <span class='ocrx_word' id='word_1_464' title='bbox 1850 4034 1907 4076; x_wconf 82' lang='lat' dir='ltr'><strong>oon</strong></span> 
     </span>
     <span class='ocr_line' id='line_1_41' title="bbox 331 4109 1904 4191; baseline -0.004 -18"><span class='ocrx_word' id='word_1_465' title='bbox 331 4118 377 4173; x_wconf 91' lang='lat' dir='ltr'><strong>est</strong></span> <span class='ocrx_word' id='word_1_466' title='bbox 391 4111 560 4173; x_wconf 87' lang='lat' dir='ltr'><strong>substantia</strong></span> <span class='ocrx_word' id='word_1_467' title='bbox 578 4110 636 4170; x_wconf 90' lang='lat' dir='ltr'><strong>ista</strong></span> <span class='ocrx_word' id='word_1_468' title='bbox 648 4110 803 4187; x_wconf 89' lang='lat' dir='ltr'><strong>divinitas,</strong></span> <span class='ocrx_word' id='word_1_469' title='bbox 819 4115 851 4171; x_wconf 92' lang='lat' dir='ltr'><strong>et</strong></span> <span class='ocrx_word' id='word_1_470' title='bbox 866 4112 933 4191; x_wconf 90' lang='lat' dir='ltr'><strong>ipsa</strong></span> <span class='ocrx_word' id='word_1_471' title='bbox 949 4117 995 4172; x_wconf 89' lang='lat' dir='ltr'><strong>est</strong></span> <span class='ocrx_word' id='word_1_472' title='bbox 1013 4114 1104 4191; x_wconf 87' lang='lat' dir='ltr'><strong>Deus,</strong></span> <span class='ocrx_word' id='word_1_473' title='bbox 1155 4118 1203 4172; x_wconf 88' lang='lat' dir='ltr'><strong>tra</strong></span> <span class='ocrx_word' id='word_1_474' title='bbox 1216 4112 1388 4173; x_wconf 88' lang='lat' dir='ltr'><strong>Gilbertum</strong></span> <span class='ocrx_word' id='word_1_475' title='bbox 1402 4110 1554 4190; x_wconf 86' lang='lat' dir='ltr'><strong>approbat</strong></span> <span class='ocrx_word' id='word_1_476' title='bbox 1567 4110 1706 4190; x_wconf 91' lang='lat' dir='ltr'><strong>primum</strong></span> <span class='ocrx_word' id='word_1_477' title='bbox 1724 4111 1783 4170; x_wconf 86' lang='lat' dir='ltr'><strong>hac</strong></span> <span class='ocrx_word' id='word_1_478' title='bbox 1795 4109 1904 4170; x_wconf 83' lang='lat' dir='ltr'><strong>ratione</strong></span> 
     </span>
     <span class='ocr_line' id='line_1_42' title="bbox 331 4200 1963 4285; baseline 0 -20"><span class='ocrx_word' id='word_1_479' title='bbox 331 4206 404 4285; x_wconf 84' lang='lat' dir='ltr'><strong>quia</strong></span> <span class='ocrx_word' id='word_1_480' title='bbox 419 4206 485 4284; x_wconf 88' lang='lat' dir='ltr'><strong>ipsa</strong></span> <span class='ocrx_word' id='word_1_481' title='bbox 504 4208 550 4263; x_wconf 89' lang='lat' dir='ltr'><strong>est</strong></span> <span class='ocrx_word' id='word_1_482' title='bbox 563 4202 679 4282; x_wconf 87' lang='lat' dir='ltr'><strong>ubique</strong></span> <span class='ocrx_word' id='word_1_483' title='bbox 699 4208 777 4278; x_wconf 88' lang='lat' dir='ltr'><strong>tota,</strong></span> <span class='ocrx_word' id='word_1_484' title='bbox 798 4222 862 4264; x_wconf 89' lang='lat' dir='ltr'><strong>non</strong></span> <span class='ocrx_word' id='word_1_485' title='bbox 876 4205 942 4283; x_wconf 90' lang='lat' dir='ltr'><strong>ipsa</strong></span> <span class='ocrx_word' id='word_1_486' title='bbox 960 4205 1104 4283; x_wconf 86' lang='lat' dir='ltr'><strong>Trinitas,</strong></span> <span class='ocrx_word' id='word_1_487' title='bbox 1156 4204 1188 4266; x_wconf 87' lang='lat' dir='ltr'><strong>Si</strong></span> <span class='ocrx_word' id='word_1_488' title='bbox 1202 4205 1287 4265; x_wconf 88' lang='lat' dir='ltr'><strong>enim</strong></span> <span class='ocrx_word' id='word_1_489' title='bbox 1300 4203 1443 4264; x_wconf 71' lang='lat' dir='ltr'><strong>divinitas</strong></span> <span class='ocrx_word' id='word_1_490' title='bbox 1456 4207 1579 4263; x_wconf 88' lang='lat' dir='ltr'><strong>nonest</strong></span> <span class='ocrx_word' id='word_1_491' title='bbox 1592 4202 1693 4281; x_wconf 85' lang='lat' dir='ltr'><strong>reipsa</strong></span> <span class='ocrx_word' id='word_1_492' title='bbox 1714 4203 1805 4273; x_wconf 87' lang='lat' dir='ltr'><strong>Deus,</strong></span> <span class='ocrx_word' id='word_1_493' title='bbox 1827 4200 1906 4260; x_wconf 84' lang='lat' dir='ltr'><strong>«erit</strong></span> <span class='ocrx_word' id='word_1_494' title='bbox 1962 4242 1963 4265; x_wconf 61' lang='grc'><strong>1</strong></span> 
     </span>
     <span class='ocr_line' id='line_1_43' title="bbox 331 4268 1963 4377; baseline -0.006 -18"><span class='ocrx_word' id='word_1_495' title='bbox 331 4316 405 4377; x_wconf 77' lang='lat' dir='ltr'><strong>ergo</strong></span> <span class='ocrx_word' id='word_1_496' title='bbox 416 4299 495 4357; x_wconf 85' lang='lat' dir='ltr'><strong>Deus</strong></span> <span class='ocrx_word' id='word_1_497' title='bbox 508 4313 573 4355; x_wconf 93' lang='lat' dir='ltr'><strong>non</strong></span> <span class='ocrx_word' id='word_1_498' title='bbox 586 4299 632 4354; x_wconf 89' lang='lat' dir='ltr'><strong>est</strong></span> <span class='ocrx_word' id='word_1_499' title='bbox 645 4294 824 4355; x_wconf 84' lang='lat' dir='ltr'><strong>substantia.</strong></span> <span class='ocrx_word' id='word_1_500' title='bbox 842 4296 916 4369; x_wconf 83' lang='lat' dir='ltr'><strong>Quis</strong></span> <span class='ocrx_word' id='word_1_501' title='bbox 928 4296 987 4356; x_wconf 90' lang='lat' dir='ltr'><strong>hoc</strong></span> <span class='ocrx_word' id='word_1_502' title='bbox 1001 4298 1104 4358; x_wconf 87' lang='lat' dir='ltr'><strong>eatbo-</strong></span> <span class='ocrx_word' id='word_1_503' title='bbox 1154 4297 1271 4377; x_wconf 87' lang='lat' dir='ltr'><strong>aliquid</strong></span> <span class='ocrx_word' id='word_1_504' title='bbox 1285 4296 1368 4375; x_wconf 85' lang='lat' dir='ltr'><strong>quod</strong></span> <span class='ocrx_word' id='word_1_505' title='bbox 1384 4313 1448 4355; x_wconf 89' lang='lat' dir='ltr'><strong>non</strong></span> <span class='ocrx_word' id='word_1_506' title='bbox 1462 4299 1508 4355; x_wconf 91' lang='lat' dir='ltr'><strong>est</strong></span> <span class='ocrx_word' id='word_1_507' title='bbox 1525 4296 1670 4355; x_wconf 88' lang='lat' dir='ltr'><strong>Deusaut</strong></span> <span class='ocrx_word' id='word_1_508' title='bbox 1689 4294 1779 4355; x_wconf 89' lang='lat' dir='ltr'><strong>nihil</strong></span> <span class='ocrx_word' id='word_1_509' title='bbox 1800 4290 1905 4367; x_wconf 84' lang='lat' dir='ltr'><strong>Quodsi</strong></span> <span class='ocrx_word' id='word_1_510' title='bbox 1962 4268 1963 4313; x_wconf 54' lang='lat'>¹</span> 
     </span>
     <span class='ocr_line' id='line_1_44' title="bbox 330 4383 1905 4468; baseline -0.004 -19"><span class='ocrx_word' id='word_1_511' title='bbox 330 4389 407 4450; x_wconf 89' lang='lat' dir='ltr'><strong>licus</strong></span> <span class='ocrx_word' id='word_1_512' title='bbox 425 4386 555 4449; x_wconf 78' lang='lat' dir='ltr'><strong>dixerit?</strong></span> <span class='ocrx_word' id='word_1_513' title='bbox 573 4387 651 4446; x_wconf 93' lang='lat' dir='ltr'><strong>Item</strong></span> <span class='ocrx_word' id='word_1_514' title='bbox 673 4387 698 4446; x_wconf 91' lang='lat' dir='ltr'><strong>si</strong></span> <span class='ocrx_word' id='word_1_515' title='bbox 714 4405 780 4447; x_wconf 91' lang='lat' dir='ltr'><strong>non</strong></span> <span class='ocrx_word' id='word_1_516' title='bbox 799 4392 845 4447; x_wconf 89' lang='lat' dir='ltr'><strong>est</strong></span> <span class='ocrx_word' id='word_1_517' title='bbox 865 4387 1034 4450; x_wconf 86' lang='lat' dir='ltr'><strong>substantie</strong></span> <span class='ocrx_word' id='word_1_518' title='bbox 1048 4389 1106 4451; x_wconf 81' lang='lat' dir='ltr'><strong>ista</strong></span> <span class='ocrx_word' id='word_1_519' title='bbox 1154 4389 1271 4468; x_wconf 84' lang='lat' dir='ltr'><strong>aliquid</strong></span> <span class='ocrx_word' id='word_1_520' title='bbox 1284 4395 1330 4449; x_wconf 90' lang='lat' dir='ltr'><strong>est</strong></span> <span class='ocrx_word' id='word_1_521' title='bbox 1343 4387 1427 4466; x_wconf 91' lang='lat' dir='ltr'><strong>quod</strong></span> <span class='ocrx_word' id='word_1_522' title='bbox 1441 4405 1506 4446; x_wconf 88' lang='lat' dir='ltr'><strong>non</strong></span> <span class='ocrx_word' id='word_1_523' title='bbox 1522 4392 1567 4447; x_wconf 91' lang='lat' dir='ltr'><strong>est</strong></span> <span class='ocrx_word' id='word_1_524' title='bbox 1581 4388 1673 4462; x_wconf 87' lang='lat' dir='ltr'><strong>Deus,</strong></span> <span class='ocrx_word' id='word_1_525' title='bbox 1684 4391 1738 4446; x_wconf 89' lang='lat' dir='ltr'><strong>aut</strong></span> <span class='ocrx_word' id='word_1_526' title='bbox 1753 4388 1848 4446; x_wconf 90' lang='lat' dir='ltr'><strong>minor</strong></span> <span class='ocrx_word' id='word_1_527' title='bbox 1858 4383 1905 4443; x_wconf 86' lang='lat' dir='ltr'><strong>erit</strong></span> 
     </span>
     <span class='ocr_line' id='line_1_45' title="bbox 330 4476 1903 4558; baseline 0.001 -17"><span class='ocrx_word' id='word_1_528' title='bbox 330 4481 484 4552; x_wconf 85' lang='lat' dir='ltr'><strong>divinitas,</strong></span> <span class='ocrx_word' id='word_1_529' title='bbox 500 4484 531 4538; x_wconf 93' lang='lat' dir='ltr'><strong>et</strong></span> <span class='ocrx_word' id='word_1_530' title='bbox 543 4479 714 4539; x_wconf 88' lang='lat' dir='ltr'><strong>secundum</strong></span> <span class='ocrx_word' id='word_1_531' title='bbox 723 4479 804 4539; x_wconf 88' lang='lat' dir='ltr'><strong>banc</strong></span> <span class='ocrx_word' id='word_1_532' title='bbox 818 4485 864 4539; x_wconf 91' lang='lat' dir='ltr'><strong>est</strong></span> <span class='ocrx_word' id='word_1_533' title='bbox 876 4480 1009 4542; x_wconf 81' lang='lat' dir='ltr'><strong>Trinitas</strong></span> <span class='ocrx_word' id='word_1_534' title='bbox 1023 4502 1106 4543; x_wconf 89' lang='lat' dir='ltr'><strong>unus</strong></span> <span class='ocrx_word' id='word_1_535' title='bbox 1155 4483 1217 4542; x_wconf 89' lang='lat' dir='ltr'><strong>Deo</strong></span> <span class='ocrx_word' id='word_1_536' title='bbox 1234 4487 1290 4542; x_wconf 90' lang='lat' dir='ltr'><strong>aut</strong></span> <span class='ocrx_word' id='word_1_537' title='bbox 1306 4481 1405 4558; x_wconf 73' lang='lat' dir='ltr'><strong>major</strong></span> <span class='ocrx_word' id='word_1_538' title='bbox 1415 4486 1545 4558; x_wconf 84' lang='lat' dir='ltr'><strong>autpar.</strong></span> <span class='ocrx_word' id='word_1_539' title='bbox 1569 4479 1608 4539; x_wconf 81' lang='lat' dir='ltr'><strong>At</strong></span> <span class='ocrx_word' id='word_1_540' title='bbox 1630 4478 1787 4557; x_wconf 87' lang='lat' dir='ltr'><strong>quomodo</strong></span> <span class='ocrx_word' id='word_1_541' title='bbox 1809 4476 1903 4541; x_wconf 72' lang='lat' dir='ltr'><strong>minor,</strong></span> 
     </span>
     <span class='ocr_line' id='line_1_46' title="bbox 332 4566 1905 4653; baseline -0.004 -20"><span class='ocrx_word' id='word_1_542' title='bbox 332 4574 423 4647; x_wconf 85' lang='lat' dir='ltr'><strong>Deus,</strong></span> <span class='ocrx_word' id='word_1_543' title='bbox 437 4570 597 4649; x_wconf 84' lang='lat' dir='ltr'><strong>quodhsec</strong></span> <span class='ocrx_word' id='word_1_544' title='bbox 610 4589 673 4630; x_wconf 89' lang='lat' dir='ltr'><strong>una</strong></span> <span class='ocrx_word' id='word_1_545' title='bbox 686 4576 733 4631; x_wconf 88' lang='lat' dir='ltr'><strong>est</strong></span> <span class='ocrx_word' id='word_1_546' title='bbox 746 4572 780 4630; x_wconf 90' lang='lat' dir='ltr'><strong>in</strong></span> <span class='ocrx_word' id='word_1_547' title='bbox 793 4570 908 4647; x_wconf 80' lang='lat' dir='ltr'><strong>tribus3</strong></span> <span class='ocrx_word' id='word_1_548' title='bbox 925 4590 989 4633; x_wconf 91' lang='lat' dir='ltr'><strong>non</strong></span> <span class='ocrx_word' id='word_1_549' title='bbox 999 4573 1105 4635; x_wconf 89' lang='lat' dir='ltr'><strong>debuit</strong></span> <span class='ocrx_word' id='word_1_550' title='bbox 1154 4592 1216 4653; x_wconf 90' lang='lat' dir='ltr'><strong>qua</strong></span> <span class='ocrx_word' id='word_1_551' title='bbox 1235 4575 1316 4634; x_wconf 87' lang='lat' dir='ltr'><strong>Deus</strong></span> <span class='ocrx_word' id='word_1_552' title='bbox 1339 4571 1407 4633; x_wconf 81' lang='lat' dir='ltr'><strong>est?</strong></span> <span class='ocrx_word' id='word_1_553' title='bbox 1432 4573 1535 4633; x_wconf 81' lang='lat' dir='ltr'><strong>Restat</strong></span> <span class='ocrx_word' id='word_1_554' title='bbox 1544 4576 1580 4630; x_wconf 90' lang='lat' dir='ltr'><strong>ut</strong></span> <span class='ocrx_word' id='word_1_555' title='bbox 1589 4575 1643 4631; x_wconf 84' lang='lat' dir='ltr'><strong>aut</strong></span> <span class='ocrx_word' id='word_1_556' title='bbox 1660 4571 1810 4648; x_wconf 89' lang='lat' dir='ltr'><strong>majorem</strong></span> <span class='ocrx_word' id='word_1_557' title='bbox 1829 4566 1905 4627; x_wconf 85' lang='lat' dir='ltr'><strong>facias</strong></span> 
     </span>
     <span class='ocr_line' id='line_1_47' title="bbox 331 4661 1903 4746; baseline -0.003 -22"><span class='ocrx_word' id='word_1_558' title='bbox 331 4664 391 4724; x_wconf 89' lang='lat' dir='ltr'><strong>dici</strong></span> <span class='ocrx_word' id='word_1_559' title='bbox 410 4663 500 4723; x_wconf 90' lang='lat' dir='ltr'><strong>Pater</strong></span> <span class='ocrx_word' id='word_1_560' title='bbox 518 4666 550 4721; x_wconf 88' lang='lat' dir='ltr'><strong>et</strong></span> <span class='ocrx_word' id='word_1_561' title='bbox 570 4661 664 4722; x_wconf 88' lang='lat' dir='ltr'><strong>Filius</strong></span> <span class='ocrx_word' id='word_1_562' title='bbox 678 4668 709 4723; x_wconf 89' lang='lat' dir='ltr'><strong>et</strong></span> <span class='ocrx_word' id='word_1_563' title='bbox 725 4662 857 4742; x_wconf 82' lang='lat' dir='ltr'><strong>Spiritus</strong></span> <span class='ocrx_word' id='word_1_564' title='bbox 875 4669 999 4724; x_wconf 85' lang='lat' dir='ltr'><strong>sanctus</strong></span> <span class='ocrx_word' id='word_1_565' title='bbox 1011 4666 1105 4727; x_wconf 88' lang='lat' dir='ltr'><strong>unius</strong></span> <span class='ocrx_word' id='word_1_566' title='bbox 1153 4672 1208 4727; x_wconf 90' lang='lat' dir='ltr'><strong>aut</strong></span> <span class='ocrx_word' id='word_1_567' title='bbox 1221 4684 1339 4746; x_wconf 86' lang='lat' dir='ltr'><strong>parem.</strong></span> <span class='ocrx_word' id='word_1_568' title='bbox 1352 4665 1411 4726; x_wconf 88' lang='lat' dir='ltr'><strong>Sed</strong></span> <span class='ocrx_word' id='word_1_569' title='bbox 1426 4664 1451 4723; x_wconf 89' lang='lat' dir='ltr'><strong>si</strong></span> <span class='ocrx_word' id='word_1_570' title='bbox 1465 4662 1576 4741; x_wconf 87' lang='lat' dir='ltr'><strong>major,</strong></span> <span class='ocrx_word' id='word_1_571' title='bbox 1606 4664 1672 4741; x_wconf 85' lang='lat' dir='ltr'><strong>ipsa</strong></span> <span class='ocrx_word' id='word_1_572' title='bbox 1695 4669 1741 4723; x_wconf 89' lang='lat' dir='ltr'><strong>est</strong></span> <span class='ocrx_word' id='word_1_573' title='bbox 1767 4674 1903 4722; x_wconf 86' lang='lat' dir='ltr'><strong>summum</strong></span> 
     </span>
    </p>
   </div>
   <div class='ocr_carea' id='block_1_6' title="bbox 332 2376 1963 3295">
    <p class='ocr_par' dir='ltr' id='par_1_7' title="bbox 332 2376 1963 3295">
     <span class='ocr_line' id='line_1_48' title="bbox 332 2376 1963 3295; baseline 0.001 -788"><span class='ocrx_word' id='word_1_574' title='bbox 332 2452 363 2507; x_wconf 92' lang='lat' dir='ltr'><strong>et</strong></span> <span class='ocrx_word' id='word_1_575' title='bbox 383 2447 535 2526; x_wconf 89' lang='lat' dir='ltr'><strong>imprimis</strong></span> <span class='ocrx_word' id='word_1_576' title='bbox 558 2447 748 2525; x_wconf 77' lang='lat' dir='ltr'><strong>Augustinus</strong></span> <span class='ocrx_word' id='word_1_577' title='bbox 769 2447 856 2526; x_wconf 86' lang='lat' dir='ltr'><strong>cujus</strong></span> <span class='ocrx_word' id='word_1_578' title='bbox 878 2466 916 2507; x_wconf 82' lang='lat' dir='ltr'><strong>ex</strong></span> <span class='ocrx_word' id='word_1_579' title='bbox 934 2449 1107 2510; x_wconf 90' lang='lat' dir='ltr'><strong>innumeris</strong></span> <span class='ocrx_word' id='word_1_580' title='bbox 1194 2449 1232 2510; x_wconf 87' lang='lat' dir='ltr'><strong>X.</strong></span> <span class='ocrx_word' id='word_1_581' title='bbox 1256 2451 1290 2509; x_wconf 93' lang='lat' dir='ltr'><strong>ln</strong></span> <span class='ocrx_word' id='word_1_582' title='bbox 1306 2449 1606 2528; x_wconf 86' lang='lat' dir='ltr'><strong>Rhemensiquoque</strong></span> <span class='ocrx_word' id='word_1_583' title='bbox 1619 2376 1963 3295; x_wconf 60' lang='grc'>111010111111111-1</span> 
     </span>
    </p>
   </div>
   <div class='ocr_carea' id='block_1_7' title="bbox 330 4916 1963 5405">
    <p class='ocr_par' dir='ltr' id='par_1_8' title="bbox 330 4916 1963 5242">
     <span class='ocr_line' id='line_1_49' title="bbox 367 4916 1901 4994; baseline 0 -19"><span class='ocrx_word' id='word_1_584' title='bbox 367 4935 388 4975; x_wconf 84' lang='lat' dir='ltr'><strong>ct</strong></span> <span class='ocrx_word' id='word_1_585' title='bbox 406 4920 534 4978; x_wconf 76' lang='lat' dir='ltr'><strong>lellrtz.</strong></span> <span class='ocrx_word' id='word_1_586' title='bbox 553 4919 684 4975; x_wconf 72' lang='grc'>011115.</span> <span class='ocrx_word' id='word_1_587' title='bbox 711 4918 789 4981; x_wconf 80' lang='grc' dir='ltr'>Ζωὰς,</span> <span class='ocrx_word' id='word_1_588' title='bbox 810 4920 850 4972; x_wconf 76' lang='grc' dir='ltr'><strong>καὶ</strong></span> <span class='ocrx_word' id='word_1_589' title='bbox 864 4918 941 4987; x_wconf 76' lang='grc' dir='ltr'><strong>ζωὴν,</strong></span> <span class='ocrx_word' id='word_1_590' title='bbox 968 4925 1048 4992; x_wconf 79' lang='grc' dir='ltr'>φῶτα,</span> <span class='ocrx_word' id='word_1_591' title='bbox 1062 4923 1103 4974; x_wconf 77' lang='grc' dir='ltr'><strong>καὶ</strong></span> <span class='ocrx_word' id='word_1_592' title='bbox 1189 4922 1309 4978; x_wconf 74' lang='lat' dir='ltr'><strong>aldem.</strong></span> <span class='ocrx_word' id='word_1_593' title='bbox 1323 4922 1370 4974; x_wconf 74' lang='lat' dir='ltr'><strong>liat</strong></span> <span class='ocrx_word' id='word_1_594' title='bbox 1383 4923 1459 4994; x_wconf 79' lang='grc' dir='ltr'>μόνης</span> <span class='ocrx_word' id='word_1_595' title='bbox 1467 4919 1548 4973; x_wconf 63' lang='lat' dir='ltr'><strong>ditior</strong></span> <span class='ocrx_word' id='word_1_596' title='bbox 1559 4921 1624 4987; x_wconf 80' lang='grc' dir='ltr'><strong>ζωῆς</strong></span> <span class='ocrx_word' id='word_1_597' title='bbox 1632 4916 1758 4980; x_wconf 61' lang='lat' dir='ltr'><strong>obaudire</strong></span> <span class='ocrx_word' id='word_1_598' title='bbox 1768 4916 1901 4989; x_wconf 60' lang='lat' dir='ltr'><strong>imminet·</strong></span> 
     </span>
     <span class='ocr_line' id='line_1_50' title="bbox 330 4999 1479 5077; baseline 0.001 -21"><span class='ocrx_word' id='word_1_599' title='bbox 330 5010 392 5075; x_wconf 73' lang='grc' dir='ltr'>φῶς,</span> <span class='ocrx_word' id='word_1_600' title='bbox 406 5001 494 5076; x_wconf 70' lang='grc' dir='ltr'>ἀγαθὰ,</span> <span class='ocrx_word' id='word_1_601' title='bbox 506 5003 548 5055; x_wconf 78' lang='grc' dir='ltr'><strong>καὶ</strong></span> <span class='ocrx_word' id='word_1_602' title='bbox 560 5001 661 5074; x_wconf 69' lang='grc' dir='ltr'><strong>ἀγαθὸν,</strong></span> <span class='ocrx_word' id='word_1_603' title='bbox 681 4999 763 5064; x_wconf 78' lang='grc' dir='ltr'><strong>δόξας,</strong></span> <span class='ocrx_word' id='word_1_604' title='bbox 774 5000 910 5067; x_wconf 78' lang='grc' dir='ltr'>καὶδόξαν,</span> <span class='ocrx_word' id='word_1_605' title='bbox 926 5002 1051 5072; x_wconf 63' lang='grc' dir='ltr'><strong>ἀληθινὸν,</strong></span> <span class='ocrx_word' id='word_1_606' title='bbox 1063 5007 1104 5058; x_wconf 67' lang='lat' dir='ltr'><strong>sul</strong></span> <span class='ocrx_word' id='word_1_607' title='bbox 1151 5005 1289 5077; x_wconf 73' lang='grc' dir='ltr'>πνεύματος</span> <span class='ocrx_word' id='word_1_608' title='bbox 1304 5005 1375 5077; x_wconf 64' lang='lat' dir='ltr'><strong>tipice</strong></span> <span class='ocrx_word' id='word_1_609' title='bbox 1387 5006 1479 5076; x_wconf 73' lang='grc' dir='ltr'>πηγήν.</span> 
     </span>
     <span class='ocr_line' id='line_1_51' title="bbox 332 5078 1963 5159; baseline -0.001 -20"><span class='ocrx_word' id='word_1_610' title='bbox 332 5085 455 5154; x_wconf 78' lang='grc' dir='ltr'><strong>ἀλήθειαν,</strong></span> <span class='ocrx_word' id='word_1_611' title='bbox 478 5087 627 5157; x_wconf 61' lang='lat' dir='ltr'><strong>altaripa</strong></span> <span class='ocrx_word' id='word_1_612' title='bbox 649 5089 692 5153; x_wconf 82' lang='grc' dir='ltr'><strong>τῆς</strong></span> <span class='ocrx_word' id='word_1_613' title='bbox 717 5085 840 5154; x_wconf 73' lang='grc' dir='ltr'><strong>ἀληθείας,</strong></span> <span class='ocrx_word' id='word_1_614' title='bbox 866 5087 934 5159; x_wconf 79' lang='grc' dir='ltr'><strong>ἅγια,</strong></span> <span class='ocrx_word' id='word_1_615' title='bbox 948 5088 990 5141; x_wconf 75' lang='grc' dir='ltr'><strong>καὶ</strong></span> <span class='ocrx_word' id='word_1_616' title='bbox 1012 5086 1103 5142; x_wconf 74' lang='lat' dir='ltr'><strong>cirne·</strong></span> <span class='ocrx_word' id='word_1_617' title='bbox 1187 5087 1331 5145; x_wconf 75' lang='lat' dir='ltr'><strong>thxltr.</strong></span> <span class='ocrx_word' id='word_1_618' title='bbox 1353 5086 1437 5157; x_wconf 81' lang='lat' dir='ltr'><strong>apud.</strong></span> <span class='ocrx_word' id='word_1_619' title='bbox 1468 5086 1601 5155; x_wconf 80' lang='lat' dir='ltr'><strong>Euthym.</strong></span> <span class='ocrx_word' id='word_1_620' title='bbox 1618 5086 1661 5141; x_wconf 83' lang='lat' dir='ltr'><strong>tit.</strong></span> <span class='ocrx_word' id='word_1_621' title='bbox 1679 5085 1726 5141; x_wconf 89' lang='grc'>111.</span> <span class='ocrx_word' id='word_1_622' title='bbox 1751 5078 1903 5155; x_wconf 65' lang='grc'>’0111111111</span> <span class='ocrx_word' id='word_1_623' title='bbox 1962 5098 1963 5125; x_wconf 64' lang='lat' dir='ltr'><strong>l</strong></span> 
     </span>
     <span class='ocr_line' id='line_1_52' title="bbox 332 5162 1901 5242; baseline 0.001 -21"><span class='ocrx_word' id='word_1_624' title='bbox 332 5170 445 5240; x_wconf 70' lang='grc' dir='ltr'><strong>γιόιητα.</strong></span> <span class='ocrx_word' id='word_1_625' title='bbox 1150 5168 1355 5242; x_wconf 71' lang='grc' dir='ltr'><strong>ὡςαῦτοόπαρξις</strong></span> <span class='ocrx_word' id='word_1_626' title='bbox 1381 5170 1480 5234; x_wconf 83' lang='grc' dir='ltr'>ὢν,1ια1</span> <span class='ocrx_word' id='word_1_627' title='bbox 1505 5168 1699 5240; x_wconf 77' lang='grc' dir='ltr'><strong>αὖτοαγαθότης,</strong></span> <span class='ocrx_word' id='word_1_628' title='bbox 1724 5162 1901 5232; x_wconf 62' lang='lat' dir='ltr'><strong>aerummis,</strong></span> 
     </span>
    </p>

    <p class='ocr_par' dir='ltr' id='par_1_9' title="bbox 334 5245 1963 5405">
     <span class='ocr_line' id='line_1_53' title="bbox 369 5245 1963 5325; baseline -0.003 -19"><span class='ocrx_word' id='word_1_629' title='bbox 369 5251 509 5307; x_wconf 69' lang='lat' dir='ltr'><strong>obtine.</strong></span> <span class='ocrx_word' id='word_1_630' title='bbox 526 5259 595 5322; x_wconf 77' lang='lat' dir='ltr'><strong>part.</strong></span> <span class='ocrx_word' id='word_1_631' title='bbox 624 5251 645 5306; x_wconf 90' lang='lat' dir='ltr'><strong>l.</strong></span> <span class='ocrx_word' id='word_1_632' title='bbox 675 5253 718 5309; x_wconf 87' lang='grc'>111.</span> <span class='ocrx_word' id='word_1_633' title='bbox 732 5252 768 5308; x_wconf 91' lang='lat' dir='ltr'><strong>ll.</strong></span> <span class='ocrx_word' id='word_1_634' title='bbox 787 5251 884 5324; x_wconf 69' lang='grc' dir='ltr'>Πατὴρ,</span> <span class='ocrx_word' id='word_1_635' title='bbox 910 5253 951 5306; x_wconf 74' lang='grc' dir='ltr'><strong>καὶ</strong></span> <span class='ocrx_word' id='word_1_636' title='bbox 975 5252 1037 5317; x_wconf 71' lang='grc' dir='ltr'>υἱὸς,</span> <span class='ocrx_word' id='word_1_637' title='bbox 1062 5254 1103 5306; x_wconf 75' lang='grc' dir='ltr'><strong>καὶ</strong></span> <span class='ocrx_word' id='word_1_638' title='bbox 1153 5254 1248 5325; x_wconf 76' lang='grc' dir='ltr'>μᾶλλον</span> <span class='ocrx_word' id='word_1_639' title='bbox 1261 5254 1297 5319; x_wconf 80' lang='grc' dir='ltr'><strong>δὲ,</strong></span> <span class='ocrx_word' id='word_1_640' title='bbox 1310 5255 1350 5306; x_wconf 75' lang='lat' dir='ltr'><strong>zai</strong></span> <span class='ocrx_word' id='word_1_641' title='bbox 1363 5253 1614 5325; x_wconf 62' lang='lat' dir='ltr'><strong>terpretatorem,</strong></span> <span class='ocrx_word' id='word_1_642' title='bbox 1627 5245 1900 5325; x_wconf 44' lang='lat' dir='ltr'><strong>assentiemur</strong></span> <span class='ocrx_word' id='word_1_643' title='bbox 1962 5252 1963 5293; x_wconf 64' lang='grc' dir='ltr'>ἶ</span> 
     </span>
     <span class='ocr_line' id='line_1_54' title="bbox 334 5332 1272 5405; baseline 0.002 -19"><span class='ocrx_word' id='word_1_644' title='bbox 334 5336 403 5405; x_wconf 71' lang='grc' dir='ltr'>ἅγιον</span> <span class='ocrx_word' id='word_1_645' title='bbox 415 5332 642 5404; x_wconf 67' lang='grc' dir='ltr'><strong>πνεῦμαὴθιότης.</strong></span> <span class='ocrx_word' id='word_1_646' title='bbox 1152 5333 1272 5388; x_wconf 63' lang='lat' dir='ltr'><strong>tensior.</strong></span> 
     </span>
    </p>
   </div>
   <div class='ocr_carea' id='block_1_8' title="bbox 362 5548 1281 5607">
    <p class='ocr_par' dir='ltr' id='par_1_10' title="bbox 362 5548 1281 5607">
     <span class='ocr_line' id='line_1_55' title="bbox 362 5548 1281 5607; baseline 0 -14"><span class='ocrx_word' id='word_1_647' title='bbox 362 5551 372 5593; x_wconf 87' lang='grc'><strong>1</strong></span> <span class='ocrx_word' id='word_1_648' title='bbox 385 5549 449 5604; x_wconf 76' lang='lat' dir='ltr'><strong>Apud</strong></span> <span class='ocrx_word' id='word_1_649' title='bbox 462 5548 535 5593; x_wconf 80' lang='lat' dir='ltr'><strong>otton.</strong></span> <span class='ocrx_word' id='word_1_650' title='bbox 549 5548 644 5602; x_wconf 66' lang='lat' dir='ltr'><strong>Frisios.</strong></span> <span class='ocrx_word' id='word_1_651' title='bbox 659 5549 698 5593; x_wconf 85' lang='lat' dir='ltr'><strong>lib.</strong></span> <span class='ocrx_word' id='word_1_652' title='bbox 710 5549 727 5593; x_wconf 92' lang='grc'><strong>1.</strong></span> <span class='ocrx_word' id='word_1_653' title='bbox 741 5550 768 5593; x_wconf 75' lang='lat' dir='ltr'><strong>dc</strong></span> <span class='ocrx_word' id='word_1_654' title='bbox 780 5551 836 5595; x_wconf 72' lang='grc'>6111,</span> <span class='ocrx_word' id='word_1_655' title='bbox 850 5550 909 5595; x_wconf 71' lang='lat' dir='ltr'><strong>W.</strong></span> <span class='ocrx_word' id='word_1_656' title='bbox 923 5550 1150 5607; x_wconf 75' lang='grc'>111).111.-1111111.</span> <span class='ocrx_word' id='word_1_657' title='bbox 1164 5563 1213 5606; x_wconf 82' lang='lat' dir='ltr'><strong>cap.</strong></span> <span class='ocrx_word' id='word_1_658' title='bbox 1228 5563 1281 5594; x_wconf 83' lang='grc'>1111.</span> 
     </span>
    </p>
   </div>
   <div class='ocr_carea' id='block_1_9' title="bbox 0 0 1979 6164">
    <p class='ocr_par' dir='ltr' id='par_1_11' title="bbox 0 0 1979 6164">
     <span class='ocr_line' id='line_1_56' title="bbox 0 0 1979 6164; baseline 0 0"><span class='ocrx_word' id='word_1_659' title='bbox 0 0 1979 6164; x_wconf 95' lang='lat' dir='ltr'><strong> </strong></span> 
     </span>
    </p>
   </div>
  </div>
 </body>
</html>
