4134 6182
792 271 1005 332 PRAEFATIO.
1622 266 1703 327 XVII

418 458 655 520 ALEXANDER
676 460 727 520 DE
748 459 911 534 BURGOS,
926 435 1167 520 tununensis
1188 456 1405 517 EPlSCOPUS.

456 571 503 651 (In
517 572 744 634 Institutionum
772 571 1002 652 tbeotopicornm
1015 572 1222 654 Syntoqmote,
1247 591 1277 651 p.
1296 570 1375 645 103).

158 725 232 784 «Ex
251 722 473 784 recentioribus
494 722 617 804 legendi
637 728 758 784 suntet
778 722 943 802 Dionysius
964 696 1114 796 Petamus,
1135 724 1165 780 et
1193 718 1363 780 Ludorious
1387 713 1658 777 Thomassinus....
1677 715 1712 774 ln

122 839 214 920 primo
240 838 486 901 commendando
519 839 660 914 Petrum,
682 838 851 919 praesertim
866 840 1042 899 Graecorum
1063 836 1189 917 peritin3
1212 836 1318 896 Graecn
1338 834 1420 895 enim
1445 835 1554 914 lingua
1578 829 1713 911 pollebat

122 954 265 1030 mnxime;
283 953 421 1034 pollebat
433 955 506 1016 item
520 955 638 1030 Ludna,
666 954 833 1015 cultissimo
847 956 930 1016 enim
944 953 1022 1033 stylo
1035 953 1150 1015 scribit.
1166 975 1181 1011 n

736 1108 838 1169 ACTA
850 1107 1076 1168 LlPSlENSlA.

629 1219 750 1302 (Suppt.
768 1228 791 1282 t.
807 1223 874 1297 Vll,
899 1240 950 1282 an.
975 1223 1065 1297 trit,
1081 1239 1114 1301 p.
1133 1222 1197 1297 87.)

164 1370 275 1450 «Opus
285 1388 411 1450 prorsus
422 1370 607 1450 stupendum
622 1376 695 1431 sunt
707 1371 773 1449 ejus
789 1370 955 1453 dopmnto.
969 1394 984 1429 »

560 1539 780 1602 LUDOVICUS
793 1540 991 1602 ANTONIUS
1005 1541 1271 1602 MURATORIUS.

474 1653 663 1738 (diflessioni
699 1674 785 1736 sopra
809 1655 835 1717 it
849 1655 923 1716 bnon
940 1665 1035 1737 posto,
1052 1657 1195 1736 partell,
1220 1675 1288 1735 esp.
1309 1657 1359 1732 x.)

163 1824 179 1859 o
196 1803 438 1884 lnoomparabile
448 1803 582 1885 ingegno
596 1807 613 1865 e
627 1806 651 1865 il
663 1806 695 1866 P.
713 1806 846 1883 Petusio,
855 1824 872 1867 e
880 1805 1068 1867 ebbestnnzn
1079 1824 1142 1866 non
1154 1810 1216 1885 pud
1231 1804 1456 1868 commendarsi
1467 1804 1500 1866 ln
1510 1823 1567 1866 sua
1580 1804 1717 1884 Teolopio

125 1914 307 1996 ὼφηαίὶοα,
327 1936 391 1997 per·
401 1918 579 1998 proseguire
595 1918 628 1979 la
651 1919 742 1999 quale
764 1924 781 1981 e
804 1922 845 1982 dn
863 1920 1047 1996 desiderare,
1064 1919 1121 1981 che
1140 1938 1236 1981 nesea
1256 1939 1299 1980 un
1313 1920 1404 1999 genio
1419 1919 1445 1979 si
1461 1924 1559 1993 vasto,
1575 1917 1654 1979 eom'
1666 1936 1719 1979 ern

125 2033 225 2112 que'to
240 2032 291 2095 del
305 2033 457 2095 Petnvio.»
473 2035 582 2097 Confer
596 2036 740 2098 eumdem
753 2036 956 2099 Muretorium
966 2035 1002 2098 de
1016 2034 1218 2098 Moderatione
1232 2034 1428 2117 inperitorum,
1443 2032 1498 2093 lib.
1511 2033 1536 2107 1,
1552 2051 1620 2113 cap.
1635 2047 1677 2092 xr.

557 2227 589 2286 P.
606 2226 781 2287 MlCHAEL
794 2227 842 2287 LE
860 2226 994 2303 QUIBN,
1010 2227 1099 2289 ORD.
1122 2228 1286 2289 PRAEDIC.

166 2400 180 2436 n
194 2378 251 2438 Vir
263 2377 426 2456 (Petnvius)
441 2376 611 2455 priscorum
626 2375 769 2437 Eeelesiae
783 2377 909 2437 Petrum
931 2377 1094 2458 theologie
1107 2378 1260 2439 studiosus
1273 2396 1368 2457 quem
1382 2376 1437 2457 qui
1451 2376 1587 2437 maxime
1600 2376 1721 2456 fulgen-

126 2491 277 2553 tissimum
289 2492 395 2554 saeeuli
406 2510 506 2572 nuper
519 2491 616 2572 elapsi
627 2491 744 2552 lumen.
765 2513 780 2549 n

305 2606 420 2666 Auctor
454 2603 526 2664 libri
555 2601 637 2665 detto
663 2603 790 2667 Lettnro
828 2604 873 2667 de'
895 2603 991 2668 Padre'
1020 2606 1102 2670 detto
1130 2595 1234 2670 Odisse
1262 2625 1279 2667 e
1309 2606 1427 2669 Gallico
1451 2605 1599 2668 idiomate
1615 2604 1721 2667 Italico

264 2722 387 2797 redditi,
407 2726 495 2802 porte
522 2722 575 2796 ΙΙΙ,
592 2708 700 2783 erun.

165 2837 348 2899 «Abbinmo
362 2838 459 2899 auehe
474 2814 524 2899 ne'
539 2837 644 2918 dogmi
656 2838 708 2899 del
722 2839 844 2899 Peterin
865 2840 973 2913 ¹ottimo
993 2843 1109 2921 regole,
1133 2860 1225 2904 senze
1245 2841 1266 2901 l’
1281 2840 1366 2920 njuto
1380 2841 1460 2902 delle
1482 2840 1568 2920 quali
1593 2840 1722 2903 serebbe

126 2950 218 3012 molto
238 2950 363 3012 difficile
376 2950 400 3011 il
414 2956 574 3031 penetrare
587 2950 639 3012 nel
651 2951 744 3012 fondo
756 2951 839 3013 delle
852 2953 988 3014 dottrina
1000 2953 1048 3014 de’
1068 2954 1169 3043 Pndri,
1185 2973 1202 3015 e
1215 2954 1356 3015 liberersi
1374 2954 1456 3015 delle
1470 2953 1626 3030 difficoltd,
1642 2954 1723 3015 onde

125 3084 198 3129 sono
209 3068 420 3130 circundans
536 3064 544 3074 “

678 3182 788 3245 ΙΟΑΝ.
811 3182 999 3245 BAPTISTA
1024 3183 1169 3245 DONIUS

164 3318 200 3378 ln
221 3317 359 3398 Epistola
380 3316 421 3378 ed
441 3314 598 3378 Petusium
619 3333 718 3395 nuper
735 3315 768 3376 in
785 3314 924 3394 ejusdem
943 3314 1033 3376 Donii
1059 3313 1238 3378 Commereio
1258 3313 1411 3377 litterario
1427 3314 1588 3377 Florentino
1602 3315 1723 3377 editae

124 3431 242 3494 clariss.
259 3403 365 3514 nono,
386 3452 416 3514 p.
433 3435 483 3494 ss.

167 3551 249 3612 «Sin
262 3550 347 3611 enim
357 3548 451 3610 velim
472 3549 625 3610 existimes
639 3566 690 3609 me
703 3547 845 3608 universo
857 3544 963 3605 Ordini
975 3549 1075 3605 vestro
1096 3543 1140 3604 its
1154 3561 1218 3605 esse
1231 3545 1361 3605 summis
1375 3545 1530 3607 benefieiis
1544 3546 1724 3609 obstrictum

125 3672 157 3727 ut
170 3685 248 3728 eum
261 3666 433 3747 plurimum
445 3684 557 3726 omem.
574 3664 655 3725 Viris
672 3669 777 3725 nutem
794 3663 861 3742 ejus
875 3661 990 3723 ordinis
1007 3659 1118 3740 pietate
1137 3666 1167 3721 et
1190 3661 1359 3722 eruditione
1386 3660 1520 3736 eximiis,
1550 3661 1630 3724 inter
1647 3681 1725 3743 quos

123 3781 268 3842 omnium
288 3780 476 3843 confessione
496 3779 611 3860 primos
632 3785 732 3853 tenes,
762 3777 805 3837 sio
828 3794 847 3836 a
867 3793 917 3835 me
936 3774 1034 3854 diligi,
1058 3774 1146 3853 eujus
1167 3793 1261 3855 opera
1273 3776 1307 3836 in
1326 3776 1389 3837 suis
1408 3775 1548 3856 gloriosis
1564 3776 1723 3840 laboribus

124 3888 265 3972 utamur,
281 3913 477 3977 summopere
494 3896 659 3977 gaudeam,
682 3899 774 3972 atque
789 3891 934 3953 exultem.
950 3911 966 3947 n

614 4043 760 4104 DANlEL
786 4042 981 4104 GEORGIUS
1007 4041 1242 4104 MORHOSIUS.

712 4155 924 4238 Polybistors's,
940 4155 995 4218 lib.
1011 4157 1048 4231 V,
1063 4174 1097 4216 n.
1114 4158 1163 4219 18.

167 4323 183 4355 u
207 4299 235 4359 E
251 4295 416 4360 Pontifieiis
437 4292 581 4355 menimis
595 4292 699 4353 ornnri
712 4290 857 4353 leudibus
877 4290 968 4353 debet
991 4289 1154 4369 Dionysius
1169 4289 1319 4365 Petnvius,
1334 4287 1467 4364 desuite,
1487 4287 1534 4350 vir
1547 4289 1663 4351 summi
1677 4289 1722 4350 la-

123 4413 211 4476 boris
224 4420 259 4476 et
267 4412 388 4491 judicii,
404 4429 498 4491 quem
519 4427 616 4470 unum
630 4407 781 4469 edesrdtis
794 4424 901 4486 sapere
917 4405 1078 4483 judicabat
1092 4405 1245 4485 Scaliger,
1262 4409 1331 4464 utut
1353 4403 1392 4464 ab
1410 4403 1465 4465 illo
1479 4405 1598 4485 seriptis
1613 4406 1723 4467 criticis

121 4526 288 4591 lacessens
306 4528 426 4608 scripsit
442 4523 612 4608 insubres
635 4522 812 4605 Bepmotum
839 4519 1105 4601 theotonicorum...
1138 4519 1230 4583 Cultu
1251 4518 1302 4580 itti
1323 4517 1495 4601 elepunsqne
1515 4533 1555 4581 est
1570 4521 1723 4583 tractandi

122 4646 222 4720 rotie,
242 4644 330 4707 vorin
344 4642 514 4706 eruditione
533 4639 661 4722 undique
682 4657 811 4721 asperso,
827 4656 884 4699 non
896 4635 1019 4698 torrido
1031 4637 1088 4699 s'tlo
1107 4644 1135 4699 et
1157 4635 1346 4713 scholastico,
1368 4635 1505 4717 frequens
1525 4636 1718 4719 antiquorum

120 4762 226 4840 lectio,
249 4761 282 4823 in
305 4759 412 4842 quibus
422 4756 591 4821 evolvendis
611 4763 641 4818 et
653 4751 853 4817 maculandis
866 4751 992 4813 mutum
1007 4751 1146 4833 temporis
1159 4748 1347 4832 consumpsit.
1365 4773 1381 4805 s

724 4922 893 4985 JAGOBUS
915 4920 1130 4982 DUPORTUS.

438 5040 487 5122 (ln
506 5039 635 5123 epistota
654 5056 715 5100 snae
730 5034 841 5100 Gnoso
859 5034 1049 5096 Psalmorum
1066 5030 1248 5113 metaphrasi
1268 5030 1423 5114 profixo.)

166 5239 184 5275 ι
196 5213 369 5294 Dionysius
383 5211 561 5273 Petavius...
585 5209 634 5269 vir
653 5222 727 5267 sane
744 5203 947 5277 doctissimus,
969 5207 1000 5263 et
1014 5219 1087 5263 eum
1107 5199 1275 5291 multifarie
1295 5197 1464 5260 eruditione
1483 5196 1640 5278 preditus,
1662 5205 1731 5260 tum

123 5334 249 5395 Greeeae
265 5328 418 5410 imprimis
433 5327 552 5407 linguae
566 5324 693 5406 seientia
705 5341 769 5383 non
780 5320 887 5382 leviter
899 5318 1047 5380 imbutus.
1064 5340 1078 5376 n

257 5465 320 5514 Tou.
338 5462 360 5514 1.
1537 5448 1553 5498 2
