<?xml version="1.0" encoding="UTF-8"?>
<!DOCTYPE html PUBLIC "-//W3C//DTD XHTML 1.0 Transitional//EN"
    "http://www.w3.org/TR/xhtml1/DTD/xhtml1-transitional.dtd">
<html xmlns="http://www.w3.org/1999/xhtml" xml:lang="en" lang="en">
 <head>
  <title>
</title>
<meta http-equiv="Content-Type" content="text/html;charset=utf-8" />
  <meta name='ocr-system' content='tesseract 3.04.00' />
  <meta name='ocr-capabilities' content='ocr_page ocr_carea ocr_par ocr_line ocrx_word'/>
</head>
<body>
  <div class='ocr_page' id='page_1' title='image "./dogmatatheologi01goog/dogmatatheologi01goog_0447.png"; bbox 0 0 3956 6168; ppageno 0'>
   <div class='ocr_carea' id='block_1_1' title="bbox 171 1063 294 1161">
    <p class='ocr_par' dir='ltr' id='par_1_1' title="bbox 171 1063 294 1161">
     <span class='ocr_line' id='line_1_1' title="bbox 182 1063 282 1108; baseline -0.02 0"><span class='ocrx_word' id='word_1_1' title='bbox 182 1063 282 1108; x_wconf 81' lang='lat' dir='ltr'>Libertus</span> 
     </span>
     <span class='ocr_line' id='line_1_2' title="bbox 171 1116 294 1161; baseline -0.008 0"><span class='ocrx_word' id='word_1_2' title='bbox 171 1116 294 1161; x_wconf 82' lang='lat' dir='ltr'>contradis·</span> 
     </span>
    </p>
   </div>
   <div class='ocr_carea' id='block_1_2' title="bbox 158 1168 306 1321">
    <p class='ocr_par' dir='ltr' id='par_1_2' title="bbox 158 1168 306 1321">
     <span class='ocr_line' id='line_1_3' title="bbox 158 1168 306 1215; baseline -0.02 0"><span class='ocrx_word' id='word_1_3' title='bbox 158 1170 226 1215; x_wconf 84' lang='lat' dir='ltr'>tionis</span> <span class='ocrx_word' id='word_1_4' title='bbox 240 1178 263 1213; x_wconf 79' lang='grc' dir='ltr'>οι</span> <span class='ocrx_word' id='word_1_5' title='bbox 273 1168 306 1214; x_wconf 86' lang='lat' dir='ltr'>li-</span> 
     </span>
     <span class='ocr_line' id='line_1_4' title="bbox 159 1225 306 1287; baseline -0.007 -20"><span class='ocrx_word' id='word_1_6' title='bbox 159 1225 232 1287; x_wconf 73' lang='lat' dir='ltr'>bertus</span> <span class='ocrx_word' id='word_1_7' title='bbox 249 1234 306 1286; x_wconf 79' lang='lat' dir='ltr'>coo-</span> 
     </span>
     <span class='ocr_line' id='line_1_5' title="bbox 169 1283 298 1321; baseline -0.008 -1"><span class='ocrx_word' id='word_1_8' title='bbox 169 1283 298 1321; x_wconf 78' lang='lat' dir='ltr'>tranctans.</span> 
     </span>
    </p>
   </div>
   <div class='ocr_carea' id='block_1_3' title="bbox 329 314 1399 379">
    <p class='ocr_par' dir='ltr' id='par_1_3' title="bbox 329 314 1399 379">
     <span class='ocr_line' id='line_1_6' title="bbox 329 314 1399 379; baseline 0.002 -3"><span class='ocrx_word' id='word_1_9' title='bbox 329 316 389 376; x_wconf 69' lang='grc'>408</span> <span class='ocrx_word' id='word_1_10' title='bbox 835 314 1160 378; x_wconf 77' lang='lat' dir='ltr'>Tflnoloaicoauu</span> <span class='ocrx_word' id='word_1_11' title='bbox 1181 315 1399 379; x_wconf 79' lang='lat' dir='ltr'><strong>DOGMATUM</strong></span> 
     </span>
    </p>
   </div>
   <div class='ocr_carea' id='block_1_4' title="bbox 329 476 1100 560">
    <p class='ocr_par' dir='ltr' id='par_1_4' title="bbox 329 476 1100 560">
     <span class='ocr_line' id='line_1_7' title="bbox 329 476 1100 560; baseline 0.003 -22"><span class='ocrx_word' id='word_1_12' title='bbox 329 483 449 539; x_wconf 84' lang='lat' dir='ltr'>rutram</span> <span class='ocrx_word' id='word_1_13' title='bbox 460 476 636 558; x_wconf 76' lang='lat' dir='ltr'>eligendam</span> <span class='ocrx_word' id='word_1_14' title='bbox 645 478 698 558; x_wconf 88' lang='lat' dir='ltr'>jus</span> <span class='ocrx_word' id='word_1_15' title='bbox 711 483 932 560; x_wconf 85' lang='lat' dir='ltr'>etpotestatem</span> <span class='ocrx_word' id='word_1_16' title='bbox 945 477 1049 540; x_wconf 88' lang='lat' dir='ltr'>habet.</span> <span class='ocrx_word' id='word_1_17' title='bbox 1065 479 1100 540; x_wconf 94' lang='lat' dir='ltr'>ln</span> 
     </span>
    </p>
   </div>
   <div class='ocr_carea' id='block_1_5' title="bbox 299 570 1100 651">
    <p class='ocr_par' dir='ltr' id='par_1_5' title="bbox 299 570 1100 651">
     <span class='ocr_line' id='line_1_8' title="bbox 299 570 1100 651; baseline 0 -20"><span class='ocrx_word' id='word_1_18' title='bbox 299 600 306 614; x_wconf 82' lang='lat'><strong>·</strong></span> <span class='ocrx_word' id='word_1_19' title='bbox 329 590 392 651; x_wconf 87' lang='lat' dir='ltr'>quo</span> <span class='ocrx_word' id='word_1_20' title='bbox 414 570 539 650; x_wconf 80' lang='lat' dir='ltr'>proprie</span> <span class='ocrx_word' id='word_1_21' title='bbox 561 576 701 633; x_wconf 87' lang='lat' dir='ltr'>versatur</span> <span class='ocrx_word' id='word_1_22' title='bbox 720 580 735 648; x_wconf 68' lang='grc' dir='ltr'>ἡ</span> <span class='ocrx_word' id='word_1_23' title='bbox 751 578 900 651; x_wconf 74' lang='grc' dir='ltr'><strong>προαιρεσις,</strong></span> <span class='ocrx_word' id='word_1_24' title='bbox 924 588 994 650; x_wconf 81' lang='lat' dir='ltr'>quae</span> <span class='ocrx_word' id='word_1_25' title='bbox 1019 572 1100 642; x_wconf 72' lang='lat' dir='ltr'>esti</span> 
     </span>
    </p>
   </div>
   <div class='ocr_carea' id='block_1_6' title="bbox 329 660 1689 834">
    <p class='ocr_par' dir='ltr' id='par_1_6' title="bbox 329 660 1689 834">
     <span class='ocr_line' id='line_1_9' title="bbox 329 660 1689 744; baseline 0.003 -20"><span class='ocrx_word' id='word_1_26' title='bbox 329 677 372 724; x_wconf 80' lang='grc' dir='ltr'>τοῦ</span> <span class='ocrx_word' id='word_1_27' title='bbox 393 669 445 733; x_wconf 65' lang='lat' dir='ltr'>tote</span> <span class='ocrx_word' id='word_1_28' title='bbox 458 670 507 742; x_wconf 70' lang='grc' dir='ltr'>πρὸ</span> <span class='ocrx_word' id='word_1_29' title='bbox 526 674 570 725; x_wconf 78' lang='grc' dir='ltr'>τοῦ</span> <span class='ocrx_word' id='word_1_30' title='bbox 589 669 671 743; x_wconf 66' lang='grc' dir='ltr'><strong>ἐτέρου</strong></span> <span class='ocrx_word' id='word_1_31' title='bbox 685 671 787 743; x_wconf 78' lang='grc' dir='ltr'><strong>αἵρεσις,</strong></span> <span class='ocrx_word' id='word_1_32' title='bbox 807 662 895 723; x_wconf 69' lang='lat' dir='ltr'>uniret</span> <span class='ocrx_word' id='word_1_33' title='bbox 916 662 1016 723; x_wconf 76' lang='lat' dir='ltr'>electio</span> <span class='ocrx_word' id='word_1_34' title='bbox 1031 679 1101 744; x_wconf 79' lang='lat' dir='ltr'>proe</span> <span class='ocrx_word' id='word_1_35' title='bbox 1375 662 1405 741; x_wconf 79' lang='lat' dir='ltr'>C</span> <span class='ocrx_word' id='word_1_36' title='bbox 1418 662 1452 742; x_wconf 71' lang='grc' dir='ltr'>Α</span> <span class='ocrx_word' id='word_1_37' title='bbox 1465 660 1580 743; x_wconf 80' lang='lat' dir='ltr'>PUT</span> <span class='ocrx_word' id='word_1_38' title='bbox 1631 662 1689 743; x_wconf 71' lang='lat' dir='ltr'>ll,</span> 
     </span>
     <span class='ocr_line' id='line_1_10' title="bbox 329 752 1103 834; baseline 0 -19"><span class='ocrx_word' id='word_1_39' title='bbox 329 752 435 829; x_wconf 82' lang='lat' dir='ltr'>altero,</span> <span class='ocrx_word' id='word_1_40' title='bbox 461 754 507 813; x_wconf 90' lang='lat' dir='ltr'>uti</span> <span class='ocrx_word' id='word_1_41' title='bbox 530 754 625 816; x_wconf 89' lang='lat' dir='ltr'>iidem</span> <span class='ocrx_word' id='word_1_42' title='bbox 643 754 690 815; x_wconf 93' lang='lat' dir='ltr'>illi</span> <span class='ocrx_word' id='word_1_43' title='bbox 712 771 799 815; x_wconf 89' lang='lat' dir='ltr'>ame</span> <span class='ocrx_word' id='word_1_44' title='bbox 822 754 907 815; x_wconf 88' lang='lat' dir='ltr'>citati</span> <span class='ocrx_word' id='word_1_45' title='bbox 926 754 1103 834; x_wconf 85' lang='lat' dir='ltr'>philosophi</span> 
     </span>
    </p>
   </div>
   <div class='ocr_carea' id='block_1_7' title="bbox 329 843 1905 2402">
    <p class='ocr_par' dir='ltr' id='par_1_7' title="bbox 329 843 1102 926">
     <span class='ocr_line' id='line_1_11' title="bbox 329 843 1102 926; baseline 0.003 -21"><span class='ocrx_word' id='word_1_46' title='bbox 329 843 496 907; x_wconf 86' lang='lat' dir='ltr'>declarant.</span> <span class='ocrx_word' id='word_1_47' title='bbox 516 847 657 907; x_wconf 81' lang='lat' dir='ltr'>Alterum</span> <span class='ocrx_word' id='word_1_48' title='bbox 676 846 760 926; x_wconf 90' lang='lat' dir='ltr'>quod</span> <span class='ocrx_word' id='word_1_49' title='bbox 779 846 814 907; x_wconf 91' lang='lat' dir='ltr'>in</span> <span class='ocrx_word' id='word_1_50' title='bbox 835 846 948 925; x_wconf 80' lang='lat' dir='ltr'>agendi</span> <span class='ocrx_word' id='word_1_51' title='bbox 970 847 1021 908; x_wconf 88' lang='lat' dir='ltr'>vel</span> <span class='ocrx_word' id='word_1_52' title='bbox 1037 865 1102 908; x_wconf 93' lang='lat' dir='ltr'>non</span> 
     </span>
    </p>

    <p class='ocr_par' dir='ltr' id='par_1_8' title="bbox 329 938 1905 1564">
     <span class='ocr_line' id='line_1_12' title="bbox 329 938 1905 1018; baseline 0.003 -20"><span class='ocrx_word' id='word_1_53' title='bbox 329 938 442 1016; x_wconf 79' lang='lat' dir='ltr'>agendi</span> <span class='ocrx_word' id='word_1_54' title='bbox 455 938 554 999; x_wconf 88' lang='lat' dir='ltr'>libero</span> <span class='ocrx_word' id='word_1_55' title='bbox 564 939 636 1018; x_wconf 86' lang='lat' dir='ltr'>jure</span> <span class='ocrx_word' id='word_1_56' title='bbox 645 957 681 999; x_wconf 90' lang='lat' dir='ltr'>ac</span> <span class='ocrx_word' id='word_1_57' title='bbox 690 938 791 1000; x_wconf 89' lang='lat' dir='ltr'>soluto</span> <span class='ocrx_word' id='word_1_58' title='bbox 800 938 881 1000; x_wconf 89' lang='lat' dir='ltr'>cirea</span> <span class='ocrx_word' id='word_1_59' title='bbox 890 956 991 999; x_wconf 90' lang='lat' dir='ltr'>unum</span> <span class='ocrx_word' id='word_1_60' title='bbox 1003 939 1102 1000; x_wconf 91' lang='lat' dir='ltr'>idem·</span> <span class='ocrx_word' id='word_1_61' title='bbox 1150 939 1252 1003; x_wconf 77' lang='lat' dir='ltr'>Liberi</span> <span class='ocrx_word' id='word_1_62' title='bbox 1273 939 1393 1003; x_wconf 82' lang='lat' dir='ltr'>arbitrii</span> <span class='ocrx_word' id='word_1_63' title='bbox 1413 948 1523 1003; x_wconf 74' lang='lat' dir='ltr'>nutam</span> <span class='ocrx_word' id='word_1_64' title='bbox 1544 959 1581 1001; x_wconf 79' lang='lat' dir='ltr'>ee</span> <span class='ocrx_word' id='word_1_65' title='bbox 1599 938 1770 1002; x_wconf 66' lang='lat' dir='ltr'>dicationis</span> <span class='ocrx_word' id='word_1_66' title='bbox 1783 939 1905 1003; x_wconf 65' lang='lat' dir='ltr'>Paete</span> 
     </span>
     <span class='ocr_line' id='line_1_13' title="bbox 330 1030 1904 1115; baseline 0.002 -24"><span class='ocrx_word' id='word_1_67' title='bbox 330 1047 392 1108; x_wconf 86' lang='lat' dir='ltr'>que</span> <span class='ocrx_word' id='word_1_68' title='bbox 426 1031 580 1108; x_wconf 74' lang='lat' dir='ltr'><strong>consistit,</strong></span> <span class='ocrx_word' id='word_1_69' title='bbox 609 1049 680 1112; x_wconf 82' lang='lat' dir='ltr'>quae</span> <span class='ocrx_word' id='word_1_70' title='bbox 714 1030 834 1092; x_wconf 78' lang='lat' dir='ltr'>libertas</span> <span class='ocrx_word' id='word_1_71' title='bbox 864 1030 1104 1092; x_wconf 71' lang='lat' dir='ltr'>contradictionis</span> <span class='ocrx_word' id='word_1_72' title='bbox 1190 1034 1359 1114; x_wconf 61' lang='lat' dir='ltr'>seponite,</span> <span class='ocrx_word' id='word_1_73' title='bbox 1382 1032 1618 1115; x_wconf 75' lang='lat' dir='ltr'>iisqueprimum</span> <span class='ocrx_word' id='word_1_74' title='bbox 1632 1033 1688 1115; x_wconf 82' lang='lat' dir='ltr'>qui</span> <span class='ocrx_word' id='word_1_75' title='bbox 1706 1051 1770 1095; x_wconf 84' lang='lat' dir='ltr'>eam</span> <span class='ocrx_word' id='word_1_76' title='bbox 1790 1052 1904 1094; x_wconf 78' lang='grc' dir='ltr'><strong>νονηνιον</strong></span> 
     </span>
     <span class='ocr_line' id='line_1_14' title="bbox 330 1122 1902 1203; baseline 0.003 -20"><span class='ocrx_word' id='word_1_77' title='bbox 330 1122 423 1201; x_wconf 79' lang='lat' dir='ltr'>vulgo</span> <span class='ocrx_word' id='word_1_78' title='bbox 453 1123 578 1200; x_wconf 87' lang='lat' dir='ltr'>dicitur,</span> <span class='ocrx_word' id='word_1_79' title='bbox 598 1124 647 1184; x_wconf 87' lang='lat' dir='ltr'>uti</span> <span class='ocrx_word' id='word_1_80' title='bbox 673 1122 760 1203; x_wconf 92' lang='lat' dir='ltr'>prior</span> <span class='ocrx_word' id='word_1_81' title='bbox 786 1122 840 1184; x_wconf 90' lang='lat' dir='ltr'>illa</span> <span class='ocrx_word' id='word_1_82' title='bbox 874 1122 1100 1193; x_wconf 76' lang='lat' dir='ltr'>contrarietatis,</span> <span class='ocrx_word' id='word_1_83' title='bbox 1190 1124 1291 1193; x_wconf 81' lang='lat' dir='ltr'>obiter,</span> <span class='ocrx_word' id='word_1_84' title='bbox 1306 1123 1356 1185; x_wconf 87' lang='lat' dir='ltr'>sed</span> <span class='ocrx_word' id='word_1_85' title='bbox 1369 1145 1406 1186; x_wconf 77' lang='lat' dir='ltr'>ec</span> <span class='ocrx_word' id='word_1_86' title='bbox 1423 1124 1556 1185; x_wconf 81' lang='lat' dir='ltr'>instituto</span> <span class='ocrx_word' id='word_1_87' title='bbox 1576 1132 1753 1192; x_wconf 67' lang='lat' dir='ltr'>tractarunt,</span> <span class='ocrx_word' id='word_1_88' title='bbox 1775 1123 1902 1199; x_wconf 77' lang='lat' dir='ltr'>Neorerio,</span> 
     </span>
     <span class='ocr_line' id='line_1_15' title="bbox 331 1214 1904 1297; baseline 0.001 -22"><span class='ocrx_word' id='word_1_89' title='bbox 331 1216 455 1293; x_wconf 85' lang='lat' dir='ltr'>quando</span> <span class='ocrx_word' id='word_1_90' title='bbox 476 1215 557 1276; x_wconf 89' lang='lat' dir='ltr'>cirea</span> <span class='ocrx_word' id='word_1_91' title='bbox 575 1216 706 1277; x_wconf 89' lang='lat' dir='ltr'>honesta</span> <span class='ocrx_word' id='word_1_92' title='bbox 719 1220 750 1276; x_wconf 88' lang='lat' dir='ltr'>et</span> <span class='ocrx_word' id='word_1_93' title='bbox 766 1215 876 1276; x_wconf 83' lang='lat' dir='ltr'>vitiosa</span> <span class='ocrx_word' id='word_1_94' title='bbox 893 1215 1046 1295; x_wconf 80' lang='lat' dir='ltr'>fungitur.</span> <span class='ocrx_word' id='word_1_95' title='bbox 1062 1217 1102 1277; x_wconf 90' lang='grc' dir='ltr'>Ηι</span> <span class='ocrx_word' id='word_1_96' title='bbox 1189 1217 1303 1278; x_wconf 77' lang='lat' dir='ltr'>Jooorce</span> <span class='ocrx_word' id='word_1_97' title='bbox 1320 1217 1510 1285; x_wconf 75' lang='lat' dir='ltr'>Damascena,</span> <span class='ocrx_word' id='word_1_98' title='bbox 1525 1214 1673 1285; x_wconf 84' lang='lat' dir='ltr'>Aneelmo,</span> <span class='ocrx_word' id='word_1_99' title='bbox 1691 1216 1849 1286; x_wconf 74' lang='lat' dir='ltr'>Bonordo,</span> <span class='ocrx_word' id='word_1_100' title='bbox 1862 1220 1904 1297; x_wconf 79' lang='grc' dir='ltr'><strong>ριν·</strong></span> 
     </span>
     <span class='ocr_line' id='line_1_16' title="bbox 331 1306 1904 1388; baseline 0.003 -21"><span class='ocrx_word' id='word_1_101' title='bbox 331 1311 404 1367; x_wconf 89' lang='lat' dir='ltr'>sunt</span> <span class='ocrx_word' id='word_1_102' title='bbox 426 1306 578 1367; x_wconf 81' lang='lat' dir='ltr'>libertatis</span> <span class='ocrx_word' id='word_1_103' title='bbox 601 1326 636 1368; x_wconf 87' lang='lat' dir='ltr'>aa</span> <span class='ocrx_word' id='word_1_104' title='bbox 658 1306 750 1367; x_wconf 87' lang='lat' dir='ltr'>liberi</span> <span class='ocrx_word' id='word_1_105' title='bbox 771 1306 893 1367; x_wconf 89' lang='lat' dir='ltr'>arbitrii</span> <span class='ocrx_word' id='word_1_106' title='bbox 914 1307 993 1368; x_wconf 90' lang='lat' dir='ltr'>fines</span> <span class='ocrx_word' id='word_1_107' title='bbox 1020 1308 1103 1369; x_wconf 90' lang='lat' dir='ltr'>intra</span> <span class='ocrx_word' id='word_1_108' title='bbox 1190 1327 1287 1370; x_wconf 79' lang='lat' dir='ltr'>omnes</span> <span class='ocrx_word' id='word_1_109' title='bbox 1314 1309 1347 1369; x_wconf 84' lang='lat' dir='ltr'>ia</span> <span class='ocrx_word' id='word_1_110' title='bbox 1380 1308 1565 1388; x_wconf 75' lang='lat' dir='ltr'>indifferente</span> <span class='ocrx_word' id='word_1_111' title='bbox 1594 1316 1672 1369; x_wconf 67' lang='lat' dir='ltr'>satu</span> <span class='ocrx_word' id='word_1_112' title='bbox 1708 1317 1734 1368; x_wconf 84' lang='lat' dir='ltr'>et</span> <span class='ocrx_word' id='word_1_113' title='bbox 1763 1307 1848 1370; x_wconf 79' lang='lat' dir='ltr'>natio</span> <span class='ocrx_word' id='word_1_114' title='bbox 1873 1308 1904 1371; x_wconf 78' lang='lat' dir='ltr'>od</span> 
     </span>
     <span class='ocr_line' id='line_1_17' title="bbox 331 1397 1902 1478; baseline 0.002 -20"><span class='ocrx_word' id='word_1_115' title='bbox 331 1415 409 1476; x_wconf 87' lang='lat' dir='ltr'>quos</span> <span class='ocrx_word' id='word_1_116' title='bbox 427 1399 580 1460; x_wconf 85' lang='lat' dir='ltr'>contineri</span> <span class='ocrx_word' id='word_1_117' title='bbox 597 1398 700 1474; x_wconf 88' lang='lat' dir='ltr'>debet,</span> <span class='ocrx_word' id='word_1_118' title='bbox 715 1416 817 1478; x_wconf 87' lang='lat' dir='ltr'>neque</span> <span class='ocrx_word' id='word_1_119' title='bbox 839 1397 908 1458; x_wconf 89' lang='lat' dir='ltr'>illos</span> <span class='ocrx_word' id='word_1_120' title='bbox 925 1398 998 1461; x_wconf 90' lang='lat' dir='ltr'>licet</span> <span class='ocrx_word' id='word_1_121' title='bbox 1018 1417 1104 1461; x_wconf 86' lang='lat' dir='ltr'>exce·</span> <span class='ocrx_word' id='word_1_122' title='bbox 1189 1401 1333 1461; x_wconf 62' lang='lat' dir='ltr'>arumnis</span> <span class='ocrx_word' id='word_1_123' title='bbox 1349 1399 1515 1462; x_wconf 83' lang='lat' dir='ltr'>necessitate</span> <span class='ocrx_word' id='word_1_124' title='bbox 1536 1398 1654 1462; x_wconf 84' lang='lat' dir='ltr'>addicto</span> <span class='ocrx_word' id='word_1_125' title='bbox 1677 1398 1880 1461; x_wconf 70' lang='grc' dir='ltr'><strong>Ιιὸονιοιοοι</strong></span> <span class='ocrx_word' id='word_1_126' title='bbox 1855 1420 1902 1461; x_wconf 80' lang='lat' dir='ltr'>or-</span> 
     </span>
     <span class='ocr_line' id='line_1_18' title="bbox 331 1490 1395 1564; baseline 0.003 -13"><span class='ocrx_word' id='word_1_127' title='bbox 331 1490 416 1551; x_wconf 86' lang='lat' dir='ltr'>dere.</span> <span class='ocrx_word' id='word_1_128' title='bbox 437 1492 536 1564; x_wconf 86' lang='lat' dir='ltr'>Quam</span> <span class='ocrx_word' id='word_1_129' title='bbox 552 1491 690 1552; x_wconf 89' lang='lat' dir='ltr'>hominis</span> <span class='ocrx_word' id='word_1_130' title='bbox 707 1491 771 1551; x_wconf 92' lang='lat' dir='ltr'>imo</span> <span class='ocrx_word' id='word_1_131' title='bbox 785 1496 905 1552; x_wconf 86' lang='lat' dir='ltr'>naturae</span> <span class='ocrx_word' id='word_1_132' title='bbox 922 1492 1065 1553; x_wconf 89' lang='lat' dir='ltr'>ratione&#39;</span> <span class='ocrx_word' id='word_1_133' title='bbox 1057 1512 1104 1553; x_wconf 87' lang='grc' dir='ltr'><strong>ιιι-</strong></span> <span class='ocrx_word' id='word_1_134' title='bbox 1190 1492 1395 1554; x_wconf 63' lang='lat' dir='ltr'>americum</span> 
     </span>
    </p>

    <p class='ocr_par' dir='ltr' id='par_1_9' title="bbox 333 1583 1104 1663">
     <span class='ocr_line' id='line_1_19' title="bbox 333 1583 1104 1663; baseline 0.005 -21"><span class='ocrx_word' id='word_1_135' title='bbox 333 1583 563 1662; x_wconf 79' lang='lat' dir='ltr'>telligentiaque</span> <span class='ocrx_word' id='word_1_136' title='bbox 575 1584 713 1663; x_wconf 77' lang='lat' dir='ltr'>praedite</span> <span class='ocrx_word' id='word_1_137' title='bbox 728 1583 939 1645; x_wconf 84' lang='lat' dir='ltr'>conditionem</span> <span class='ocrx_word' id='word_1_138' title='bbox 948 1584 1104 1646; x_wconf 89' lang='lat' dir='ltr'>declarant</span> 
     </span>
    </p>

    <p class='ocr_par' dir='ltr' id='par_1_10' title="bbox 333 1675 1903 2402">
     <span class='ocr_line' id='line_1_20' title="bbox 333 1675 1903 1756; baseline 0.002 -21"><span class='ocrx_word' id='word_1_139' title='bbox 333 1676 470 1755; x_wconf 91' lang='lat' dir='ltr'>primum</span> <span class='ocrx_word' id='word_1_140' title='bbox 493 1675 643 1737; x_wconf 85' lang='lat' dir='ltr'>voeabula</span> <span class='ocrx_word' id='word_1_141' title='bbox 664 1676 742 1755; x_wconf 79' lang='lat' dir='ltr'>ipss,</span> <span class='ocrx_word' id='word_1_142' title='bbox 769 1675 883 1754; x_wconf 88' lang='lat' dir='ltr'>quibus</span> <span class='ocrx_word' id='word_1_143' title='bbox 909 1675 995 1736; x_wconf 90' lang='lat' dir='ltr'>illam</span> <span class='ocrx_word' id='word_1_144' title='bbox 1014 1677 1105 1756; x_wconf 83' lang='lat' dir='ltr'>juxta</span> <span class='ocrx_word' id='word_1_145' title='bbox 1193 1677 1216 1737; x_wconf 93' lang='lat' dir='ltr'>l.</span> <span class='ocrx_word' id='word_1_146' title='bbox 1240 1676 1317 1737; x_wconf 92' lang='lat' dir='ltr'>Volo</span> <span class='ocrx_word' id='word_1_147' title='bbox 1346 1695 1447 1754; x_wconf 82' lang='lat' dir='ltr'>nunc,</span> <span class='ocrx_word' id='word_1_148' title='bbox 1476 1676 1598 1737; x_wconf 87' lang='lat' dir='ltr'>omissis</span> <span class='ocrx_word' id='word_1_149' title='bbox 1625 1676 1796 1755; x_wconf 78' lang='lat' dir='ltr'>gentilibus</span> <span class='ocrx_word' id='word_1_150' title='bbox 1824 1675 1903 1756; x_wconf 85' lang='lat' dir='ltr'>philo</span> 
     </span>
     <span class='ocr_line' id='line_1_21' title="bbox 333 1767 1903 1849; baseline 0.001 -21"><span class='ocrx_word' id='word_1_151' title='bbox 333 1767 431 1828; x_wconf 79' lang='lat' dir='ltr'>exteri</span> <span class='ocrx_word' id='word_1_152' title='bbox 449 1787 485 1829; x_wconf 89' lang='lat' dir='ltr'>ac</span> <span class='ocrx_word' id='word_1_153' title='bbox 504 1768 615 1843; x_wconf 82' lang='lat' dir='ltr'>nostri,</span> <span class='ocrx_word' id='word_1_154' title='bbox 638 1767 669 1828; x_wconf 90' lang='lat' dir='ltr'>id</span> <span class='ocrx_word' id='word_1_155' title='bbox 691 1773 737 1828; x_wconf 88' lang='lat' dir='ltr'>est</span> <span class='ocrx_word' id='word_1_156' title='bbox 753 1767 914 1828; x_wconf 86' lang='lat' dir='ltr'>christiani</span> <span class='ocrx_word' id='word_1_157' title='bbox 927 1767 1104 1849; x_wconf 86' lang='lat' dir='ltr'>philosophi</span> <span class='ocrx_word' id='word_1_158' title='bbox 1152 1769 1267 1848; x_wconf 86' lang='lat' dir='ltr'>sophis,</span> <span class='ocrx_word' id='word_1_159' title='bbox 1283 1769 1323 1830; x_wconf 90' lang='lat' dir='ltr'>ad</span> <span class='ocrx_word' id='word_1_160' title='bbox 1336 1769 1521 1831; x_wconf 84' lang='lat' dir='ltr'>christianos</span> <span class='ocrx_word' id='word_1_161' title='bbox 1540 1768 1673 1828; x_wconf 89' lang='lat' dir='ltr'>transire</span> <span class='ocrx_word' id='word_1_162' title='bbox 1692 1769 1807 1843; x_wconf 78' lang='lat' dir='ltr'>Patres,</span> <span class='ocrx_word' id='word_1_163' title='bbox 1821 1769 1903 1830; x_wconf 87' lang='lat' dir='ltr'>ethoe</span> 
     </span>
     <span class='ocr_line' id='line_1_22' title="bbox 334 1859 1902 1941; baseline 0.002 -22"><span class='ocrx_word' id='word_1_164' title='bbox 334 1860 519 1938; x_wconf 81' lang='lat' dir='ltr'>significant.</span> <span class='ocrx_word' id='word_1_165' title='bbox 545 1860 684 1933; x_wconf 86' lang='lat' dir='ltr'>Quorum</span> <span class='ocrx_word' id='word_1_166' title='bbox 699 1860 838 1940; x_wconf 89' lang='lat' dir='ltr'>primum</span> <span class='ocrx_word' id='word_1_167' title='bbox 858 1878 894 1920; x_wconf 89' lang='lat' dir='ltr'>ac</span> <span class='ocrx_word' id='word_1_168' title='bbox 912 1862 1105 1941; x_wconf 77' lang='lat' dir='ltr'>precipuum</span> <span class='ocrx_word' id='word_1_169' title='bbox 1153 1859 1282 1939; x_wconf 86' lang='lat' dir='ltr'>planum</span> <span class='ocrx_word' id='word_1_170' title='bbox 1300 1860 1412 1939; x_wconf 77' lang='lat' dir='ltr'>iecere,</span> <span class='ocrx_word' id='word_1_171' title='bbox 1428 1879 1494 1922; x_wconf 93' lang='lat' dir='ltr'>non</span> <span class='ocrx_word' id='word_1_172' title='bbox 1508 1878 1561 1922; x_wconf 94' lang='lat' dir='ltr'>eos</span> <span class='ocrx_word' id='word_1_173' title='bbox 1578 1860 1669 1920; x_wconf 88' lang='lat' dir='ltr'>aliter</span> <span class='ocrx_word' id='word_1_174' title='bbox 1687 1878 1783 1939; x_wconf 88' lang='lat' dir='ltr'>qnam</span> <span class='ocrx_word' id='word_1_175' title='bbox 1799 1860 1902 1922; x_wconf 85' lang='lat' dir='ltr'>istosde</span> 
     </span>
     <span class='ocr_line' id='line_1_23' title="bbox 333 1951 1901 2034; baseline 0.002 -22"><span class='ocrx_word' id='word_1_176' title='bbox 333 1952 416 2031; x_wconf 89' lang='lat' dir='ltr'>apud</span> <span class='ocrx_word' id='word_1_177' title='bbox 430 1954 554 2014; x_wconf 88' lang='lat' dir='ltr'>Latinos</span> <span class='ocrx_word' id='word_1_178' title='bbox 563 1951 742 2014; x_wconf 71' lang='lat' dir='ltr'>estlibernm</span> <span class='ocrx_word' id='word_1_179' title='bbox 756 1971 792 2014; x_wconf 89' lang='lat' dir='ltr'>ac</span> <span class='ocrx_word' id='word_1_180' title='bbox 806 1951 939 2021; x_wconf 82' lang='lat' dir='ltr'>libertos,</span> <span class='ocrx_word' id='word_1_181' title='bbox 952 1954 1035 2034; x_wconf 88' lang='lat' dir='ltr'>quod</span> <span class='ocrx_word' id='word_1_182' title='bbox 1049 1955 1105 2016; x_wconf 89' lang='lat' dir='ltr'>du·</span> <span class='ocrx_word' id='word_1_183' title='bbox 1153 1969 1227 2011; x_wconf 88' lang='lat' dir='ltr'>vera</span> <span class='ocrx_word' id='word_1_184' title='bbox 1240 1952 1416 2034; x_wconf 84' lang='lat' dir='ltr'>etpropria‚</span> <span class='ocrx_word' id='word_1_185' title='bbox 1426 1970 1492 2013; x_wconf 92' lang='lat' dir='ltr'>non</span> <span class='ocrx_word' id='word_1_186' title='bbox 1503 1953 1621 2032; x_wconf 90' lang='lat' dir='ltr'>tropica</span> <span class='ocrx_word' id='word_1_187' title='bbox 1628 1951 1771 2013; x_wconf 87' lang='lat' dir='ltr'>libertate</span> <span class='ocrx_word' id='word_1_188' title='bbox 1780 1958 1901 2015; x_wconf 85' lang='lat' dir='ltr'>statuere.</span> 
     </span>
     <span class='ocr_line' id='line_1_24' title="bbox 334 2044 1902 2125; baseline 0.002 -22"><span class='ocrx_word' id='word_1_189' title='bbox 334 2044 455 2123; x_wconf 80' lang='lat' dir='ltr'>pliciter</span> <span class='ocrx_word' id='word_1_190' title='bbox 468 2045 566 2125; x_wconf 90' lang='lat' dir='ltr'>accipi</span> <span class='ocrx_word' id='word_1_191' title='bbox 581 2046 647 2123; x_wconf 86' lang='lat' dir='ltr'>jam</span> <span class='ocrx_word' id='word_1_192' title='bbox 666 2044 827 2121; x_wconf 86' lang='lat' dir='ltr'>admonui,</span> <span class='ocrx_word' id='word_1_193' title='bbox 845 2063 881 2105; x_wconf 88' lang='lat' dir='ltr'>ao</span> <span class='ocrx_word' id='word_1_194' title='bbox 896 2045 944 2106; x_wconf 84' lang='lat' dir='ltr'>rel</span> <span class='ocrx_word' id='word_1_195' title='bbox 963 2046 1106 2107; x_wconf 87' lang='lat' dir='ltr'>servituti</span> <span class='ocrx_word' id='word_1_196' title='bbox 1154 2044 1317 2125; x_wconf 76' lang='lat' dir='ltr'>deprimo</span> <span class='ocrx_word' id='word_1_197' title='bbox 1336 2046 1403 2106; x_wconf 91' lang='lat' dir='ltr'>loco</span> <span class='ocrx_word' id='word_1_198' title='bbox 1428 2044 1626 2125; x_wconf 80' lang='lat' dir='ltr'>proferentur</span> <span class='ocrx_word' id='word_1_199' title='bbox 1643 2044 1667 2104; x_wconf 92' lang='lat' dir='ltr'>ii</span> <span class='ocrx_word' id='word_1_200' title='bbox 1688 2044 1744 2124; x_wconf 87' lang='lat' dir='ltr'>qni</span> <span class='ocrx_word' id='word_1_201' title='bbox 1764 2044 1801 2105; x_wconf 92' lang='lat' dir='ltr'>de</span> <span class='ocrx_word' id='word_1_202' title='bbox 1813 2051 1902 2106; x_wconf 81' lang='lat' dir='ltr'>natnru</span> 
     </span>
     <span class='ocr_line' id='line_1_25' title="bbox 335 2135 1903 2223; baseline 0.001 -28"><span class='ocrx_word' id='word_1_203' title='bbox 335 2137 453 2215; x_wconf 88' lang='lat' dir='ltr'>opponi</span> <span class='ocrx_word' id='word_1_204' title='bbox 464 2137 514 2197; x_wconf 90' lang='lat' dir='ltr'>vel</span> <span class='ocrx_word' id='word_1_205' title='bbox 528 2137 702 2197; x_wconf 78' lang='lat' dir='ltr'>necessitati</span> <span class='ocrx_word' id='word_1_206' title='bbox 711 2136 841 2197; x_wconf 88' lang='lat' dir='ltr'>actionis</span> <span class='ocrx_word' id='word_1_207' title='bbox 854 2137 998 2223; x_wconf 79' lang='lat' dir='ltr'>internae,</span> <span class='ocrx_word' id='word_1_208' title='bbox 1014 2144 1106 2217; x_wconf 81' lang='lat' dir='ltr'>atque</span> <span class='ocrx_word' id='word_1_209' title='bbox 1154 2135 1306 2198; x_wconf 70' lang='lat' dir='ltr'>libertatis</span> <span class='ocrx_word' id='word_1_210' title='bbox 1319 2157 1384 2198; x_wconf 90' lang='lat' dir='ltr'>non</span> <span class='ocrx_word' id='word_1_211' title='bbox 1398 2137 1500 2199; x_wconf 89' lang='lat' dir='ltr'>obiter</span> <span class='ocrx_word' id='word_1_212' title='bbox 1519 2155 1554 2198; x_wconf 89' lang='lat' dir='ltr'>ae</span> <span class='ocrx_word' id='word_1_213' title='bbox 1572 2136 1706 2196; x_wconf 87' lang='lat' dir='ltr'>strictim</span> <span class='ocrx_word' id='word_1_214' title='bbox 1719 2142 1752 2196; x_wconf 89' lang='lat' dir='ltr'>et</span> <span class='ocrx_word' id='word_1_215' title='bbox 1768 2136 1903 2197; x_wconf 83' lang='lat' dir='ltr'>oreasione</span> 
     </span>
     <span class='ocr_line' id='line_1_26' title="bbox 334 2227 1902 2334; baseline 0 -46"><span class='ocrx_word' id='word_1_216' title='bbox 334 2227 394 2289; x_wconf 88' lang='lat' dir='ltr'>boe</span> <span class='ocrx_word' id='word_1_217' title='bbox 407 2229 576 2308; x_wconf 81' lang='lat' dir='ltr'>posteriore</span> <span class='ocrx_word' id='word_1_218' title='bbox 585 2230 678 2291; x_wconf 92' lang='lat' dir='ltr'>modo</span> <span class='ocrx_word' id='word_1_219' title='bbox 688 2230 769 2289; x_wconf 92' lang='lat' dir='ltr'>sumi</span> <span class='ocrx_word' id='word_1_220' title='bbox 783 2229 834 2289; x_wconf 93' lang='lat' dir='ltr'>hic</span> <span class='ocrx_word' id='word_1_221' title='bbox 847 2247 867 2289; x_wconf 87' lang='lat' dir='ltr'>a</span> <span class='ocrx_word' id='word_1_222' title='bbox 880 2230 969 2290; x_wconf 89' lang='lat' dir='ltr'>uobis</span> <span class='ocrx_word' id='word_1_223' title='bbox 982 2249 1055 2291; x_wconf 91' lang='lat' dir='ltr'>cum</span> <span class='ocrx_word' id='word_1_224' title='bbox 1068 2232 1106 2292; x_wconf 92' lang='lat' dir='ltr'>de</span> <span class='ocrx_word' id='word_1_225' title='bbox 1154 2227 1282 2289; x_wconf 88' lang='lat' dir='ltr'>alterius</span> <span class='ocrx_word' id='word_1_226' title='bbox 1290 2230 1408 2334; x_wconf 84' lang='lat' dir='ltr'>aliquid</span> <span class='ocrx_word' id='word_1_227' title='bbox 1417 2230 1601 2309; x_wconf 84' lang='lat' dir='ltr'>injecerunt,</span> <span class='ocrx_word' id='word_1_228' title='bbox 1616 2227 1791 2306; x_wconf 87' lang='lat' dir='ltr'>eujusmodi</span> <span class='ocrx_word' id='word_1_229' title='bbox 1804 2227 1902 2288; x_wconf 84' lang='lat' dir='ltr'>infinita</span> 
     </span>
     <span class='ocr_line' id='line_1_27' title="bbox 335 2319 1902 2402; baseline -0.001 -22"><span class='ocrx_word' id='word_1_230' title='bbox 335 2320 402 2399; x_wconf 86' lang='lat' dir='ltr'>ejus</span> <span class='ocrx_word' id='word_1_231' title='bbox 422 2326 534 2383; x_wconf 85' lang='lat' dir='ltr'>natura</span> <span class='ocrx_word' id='word_1_232' title='bbox 549 2323 662 2402; x_wconf 76' lang='lat' dir='ltr'>quaerit</span> <span class='ocrx_word' id='word_1_233' title='bbox 663 2340 712 2382; x_wconf 91' lang='lat' dir='ltr'>ur.</span> <span class='ocrx_word' id='word_1_234' title='bbox 735 2321 790 2381; x_wconf 92' lang='lat' dir='ltr'>His</span> <span class='ocrx_word' id='word_1_235' title='bbox 806 2321 889 2401; x_wconf 91' lang='lat' dir='ltr'>apud</span> <span class='ocrx_word' id='word_1_236' title='bbox 908 2323 1030 2384; x_wconf 77' lang='lat' dir='ltr'>Graecos</span> <span class='ocrx_word' id='word_1_237' title='bbox 1046 2341 1108 2385; x_wconf 88' lang='lat' dir='ltr'>res-</span> <span class='ocrx_word' id='word_1_238' title='bbox 1155 2338 1251 2401; x_wconf 92' lang='lat' dir='ltr'>prope</span> <span class='ocrx_word' id='word_1_239' title='bbox 1271 2327 1317 2382; x_wconf 86' lang='lat' dir='ltr'>est</span> <span class='ocrx_word' id='word_1_240' title='bbox 1330 2322 1430 2402; x_wconf 84' lang='lat' dir='ltr'>eopia,</span> <span class='ocrx_word' id='word_1_241' title='bbox 1451 2320 1506 2382; x_wconf 88' lang='lat' dir='ltr'>sed</span> <span class='ocrx_word' id='word_1_242' title='bbox 1526 2327 1668 2381; x_wconf 86' lang='lat' dir='ltr'>accurate</span> <span class='ocrx_word' id='word_1_243' title='bbox 1686 2324 1719 2380; x_wconf 91' lang='lat' dir='ltr'>et</span> <span class='ocrx_word' id='word_1_244' title='bbox 1737 2337 1775 2380; x_wconf 84' lang='lat' dir='ltr'>ex</span> <span class='ocrx_word' id='word_1_245' title='bbox 1793 2319 1902 2400; x_wconf 79' lang='lat' dir='ltr'>proteus</span> 
     </span>
    </p>
   </div>
   <div class='ocr_carea' id='block_1_8' title="bbox 175 2411 1904 2495">
    <p class='ocr_par' dir='ltr' id='par_1_11' title="bbox 175 2411 1904 2495">
     <span class='ocr_line' id='line_1_28' title="bbox 175 2411 1904 2495; baseline -0.001 -22"><span class='ocrx_word' id='word_1_246' title='bbox 175 2428 299 2473; x_wconf 79' lang='grc' dir='ltr'><strong>ιννιννονοι</strong></span> <span class='ocrx_word' id='word_1_247' title='bbox 335 2413 559 2492; x_wconf 89' lang='lat' dir='ltr'>pondetetiam</span> <span class='ocrx_word' id='word_1_248' title='bbox 572 2422 692 2495; x_wconf 77' lang='grc' dir='ltr'><strong>ιλεννεριο</strong></span> <span class='ocrx_word' id='word_1_249' title='bbox 705 2420 778 2476; x_wconf 60' lang='lat' dir='ltr'>etet</span> <span class='ocrx_word' id='word_1_250' title='bbox 796 2421 930 2495; x_wconf 75' lang='grc' dir='ltr'><strong>ἐλεύθερον,</strong></span> <span class='ocrx_word' id='word_1_251' title='bbox 945 2416 1029 2494; x_wconf 90' lang='lat' dir='ltr'>quod</span> <span class='ocrx_word' id='word_1_252' title='bbox 1042 2435 1107 2478; x_wconf 90' lang='lat' dir='ltr'>non</span> <span class='ocrx_word' id='word_1_253' title='bbox 1154 2413 1350 2475; x_wconf 86' lang='lat' dir='ltr'>tradiderunt</span> <span class='ocrx_word' id='word_1_254' title='bbox 1337 2414 1452 2494; x_wconf 57' lang='lat' dir='ltr'>aquid</span> <span class='ocrx_word' id='word_1_255' title='bbox 1475 2419 1553 2474; x_wconf 84' lang='lat' dir='ltr'>esset</span> <span class='ocrx_word' id='word_1_256' title='bbox 1572 2412 1624 2474; x_wconf 86' lang='lat' dir='ltr'>illa</span> <span class='ocrx_word' id='word_1_257' title='bbox 1638 2411 1697 2473; x_wconf 88' lang='lat' dir='ltr'>et</span> <span class='ocrx_word' id='word_1_258' title='bbox 1688 2429 1723 2472; x_wconf 85' lang='grc' dir='ltr'>ιιι</span> <span class='ocrx_word' id='word_1_259' title='bbox 1742 2412 1904 2491; x_wconf 78' lang='lat' dir='ltr'>quoconsti</span> 
     </span>
    </p>
   </div>
   <div class='ocr_carea' id='block_1_9' title="bbox 189 2480 291 2524">
    <p class='ocr_par' dir='ltr' id='par_1_12' title="bbox 189 2480 291 2524">
     <span class='ocr_line' id='line_1_29' title="bbox 189 2480 291 2524; baseline 0 0"><span class='ocrx_word' id='word_1_260' title='bbox 189 2480 291 2524; x_wconf 68' lang='lat' dir='ltr'>ittonam</span> 
     </span>
    </p>
   </div>
   <div class='ocr_carea' id='block_1_10' title="bbox 335 2504 1940 2694">
    <p class='ocr_par' dir='ltr' id='par_1_13' title="bbox 335 2504 1902 2679">
     <span class='ocr_line' id='line_1_30' title="bbox 335 2504 1405 2585; baseline 0.003 -21"><span class='ocrx_word' id='word_1_261' title='bbox 335 2504 438 2565; x_wconf 92' lang='lat' dir='ltr'>solum</span> <span class='ocrx_word' id='word_1_262' title='bbox 446 2505 485 2567; x_wconf 90' lang='lat' dir='ltr'>de</span> <span class='ocrx_word' id='word_1_263' title='bbox 495 2512 578 2566; x_wconf 85' lang='lat' dir='ltr'>stetu</span> <span class='ocrx_word' id='word_1_264' title='bbox 586 2506 727 2567; x_wconf 85' lang='lat' dir='ltr'>servituti</span> <span class='ocrx_word' id='word_1_265' title='bbox 737 2506 890 2585; x_wconf 89' lang='lat' dir='ltr'>opposito,</span> <span class='ocrx_word' id='word_1_266' title='bbox 901 2507 954 2567; x_wconf 92' lang='lat' dir='ltr'>sed</span> <span class='ocrx_word' id='word_1_267' title='bbox 964 2507 1057 2568; x_wconf 90' lang='lat' dir='ltr'>etiam</span> <span class='ocrx_word' id='word_1_268' title='bbox 1069 2508 1107 2570; x_wconf 90' lang='lat' dir='ltr'>de</span> <span class='ocrx_word' id='word_1_269' title='bbox 1154 2509 1223 2565; x_wconf 84' lang='lat' dir='ltr'>tuta</span> <span class='ocrx_word' id='word_1_270' title='bbox 1236 2505 1302 2584; x_wconf 83' lang='lat' dir='ltr'>ejus</span> <span class='ocrx_word' id='word_1_271' title='bbox 1315 2506 1405 2567; x_wconf 90' lang='lat' dir='ltr'>ratio.</span> 
     </span>
     <span class='ocr_line' id='line_1_31' title="bbox 335 2595 1940 2694; baseline -0.001 -37"><span class='ocrx_word' id='word_1_272' title='bbox 335 2595 434 2657; x_wconf 90' lang='lat' dir='ltr'>libero</span> <span class='ocrx_word' id='word_1_273' title='bbox 455 2597 585 2658; x_wconf 79' lang='lat' dir='ltr'>arbitrio</span> <span class='ocrx_word' id='word_1_274' title='bbox 599 2597 722 2673; x_wconf 79' lang='lat' dir='ltr'>dicitrrr,</span> <span class='ocrx_word' id='word_1_275' title='bbox 743 2615 838 2676; x_wconf 88' lang='lat' dir='ltr'>quam</span> <span class='ocrx_word' id='word_1_276' title='bbox 851 2597 927 2658; x_wconf 90' lang='lat' dir='ltr'>alias</span> <span class='ocrx_word' id='word_1_277' title='bbox 944 2604 975 2659; x_wconf 87' lang='lat' dir='ltr'>et</span> <span class='ocrx_word' id='word_1_278' title='bbox 994 2599 1108 2679; x_wconf 75' lang='lat' dir='ltr'>sapius</span> <span class='ocrx_word' id='word_1_279' title='bbox 1196 2597 1317 2659; x_wconf 90' lang='lat' dir='ltr'>Horum</span> <span class='ocrx_word' id='word_1_280' title='bbox 1325 2616 1489 2678; x_wconf 84' lang='lat' dir='ltr'>prrmusm</span> <span class='ocrx_word' id='word_1_281' title='bbox 1502 2595 1756 2658; x_wconf 88' lang='lat' dir='ltr'>mediumveniat</span> <span class='ocrx_word' id='word_1_282' title='bbox 1769 2595 1940 2694; x_wconf 41' lang='grc' dir='ltr'>ιιιοοιορνιηἰ</span> 
     </span>
    </p>
   </div>
   <div class='ocr_carea' id='block_1_11' title="bbox 164 2661 1940 2797">
    <p class='ocr_par' dir='ltr' id='par_1_14' title="bbox 164 2661 1940 2797">
     <span class='ocr_line' id='line_1_32' title="bbox 164 2661 1940 2797; baseline -0.001 -47"><span class='ocrx_word' id='word_1_283' title='bbox 164 2698 303 2797; x_wconf 32' lang='lat' dir='ltr'>svamm</span> <span class='ocrx_word' id='word_1_284' title='bbox 290 2701 312 2742; x_wconf 77' lang='lat' dir='ltr'>o</span> <span class='ocrx_word' id='word_1_285' title='bbox 336 2695 487 2759; x_wconf 77' lang='grc' dir='ltr'><strong>οιιιξονοιον</strong></span> <span class='ocrx_word' id='word_1_286' title='bbox 505 2696 537 2751; x_wconf 88' lang='lat' dir='ltr'>et</span> <span class='ocrx_word' id='word_1_287' title='bbox 553 2698 703 2771; x_wconf 74' lang='grc' dir='ltr'><strong>προαιρεσιν,</strong></span> <span class='ocrx_word' id='word_1_288' title='bbox 718 2707 946 2769; x_wconf 82' lang='lat' dir='ltr'>nonnunquam</span> <span class='ocrx_word' id='word_1_289' title='bbox 961 2699 1107 2771; x_wconf 68' lang='grc' dir='ltr'><strong>αὐτονομίαν</strong></span> <span class='ocrx_word' id='word_1_290' title='bbox 1155 2708 1192 2750; x_wconf 91' lang='lat' dir='ltr'>aa</span> <span class='ocrx_word' id='word_1_291' title='bbox 1212 2689 1413 2770; x_wconf 88' lang='lat' dir='ltr'>philosophus</span> <span class='ocrx_word' id='word_1_292' title='bbox 1433 2690 1526 2769; x_wconf 81' lang='lat' dir='ltr'>longe</span> <span class='ocrx_word' id='word_1_293' title='bbox 1540 2688 1812 2768; x_wconf 77' lang='lat' dir='ltr'>praestantissimus</span> <span class='ocrx_word' id='word_1_294' title='bbox 1824 2661 1940 2749; x_wconf 49' lang='lat' dir='ltr'>iden*¹</span> 
     </span>
    </p>
   </div>
   <div class='ocr_carea' id='block_1_12' title="bbox 335 2777 1933 4796">
    <p class='ocr_par' dir='ltr' id='par_1_15' title="bbox 335 2777 1933 4338">
     <span class='ocr_line' id='line_1_33' title="bbox 335 2777 1933 2863; baseline -0.001 -22"><span class='ocrx_word' id='word_1_295' title='bbox 335 2787 447 2842; x_wconf 82' lang='lat' dir='ltr'>vocant</span> <span class='ocrx_word' id='word_1_296' title='bbox 450 2800 554 2863; x_wconf 71' lang='lat' dir='ltr'>‚saepe</span> <span class='ocrx_word' id='word_1_297' title='bbox 569 2783 665 2842; x_wconf 85' lang='lat' dir='ltr'>etiam</span> <span class='ocrx_word' id='word_1_298' title='bbox 679 2790 709 2844; x_wconf 75' lang='grc' dir='ltr'>τι</span> <span class='ocrx_word' id='word_1_299' title='bbox 723 2788 765 2862; x_wconf 77' lang='grc' dir='ltr'>ἐρ’</span> <span class='ocrx_word' id='word_1_300' title='bbox 781 2789 851 2860; x_wconf 70' lang='grc' dir='ltr'><strong>ἡμῖν.</strong></span> <span class='ocrx_word' id='word_1_301' title='bbox 868 2783 919 2843; x_wconf 88' lang='lat' dir='ltr'>Sic</span> <span class='ocrx_word' id='word_1_302' title='bbox 934 2782 1109 2845; x_wconf 79' lang='lat' dir='ltr'>Alexander</span> <span class='ocrx_word' id='word_1_303' title='bbox 1156 2800 1217 2862; x_wconf 89' lang='lat' dir='ltr'>que</span> <span class='ocrx_word' id='word_1_304' title='bbox 1239 2781 1440 2862; x_wconf 86' lang='lat' dir='ltr'>politissimus</span> <span class='ocrx_word' id='word_1_305' title='bbox 1462 2779 1634 2857; x_wconf 81' lang='lat' dir='ltr'>Nemeeius,</span> <span class='ocrx_word' id='word_1_306' title='bbox 1659 2781 1714 2859; x_wconf 88' lang='lat' dir='ltr'>qui</span> <span class='ocrx_word' id='word_1_307' title='bbox 1734 2780 1769 2840; x_wconf 91' lang='lat' dir='ltr'>in</span> <span class='ocrx_word' id='word_1_308' title='bbox 1790 2779 1859 2840; x_wconf 83' lang='lat' dir='ltr'>libro</span> <span class='ocrx_word' id='word_1_309' title='bbox 1876 2777 1933 2839; x_wconf 80' lang='lat' dir='ltr'>dt</span> 
     </span>
     <span class='ocr_line' id='line_1_34' title="bbox 335 2871 1900 2954; baseline -0.001 -20"><span class='ocrx_word' id='word_1_310' title='bbox 335 2872 612 2953; x_wconf 82' lang='lat' dir='ltr'>Aphrodisiensis·</span> <span class='ocrx_word' id='word_1_311' title='bbox 604 2892 639 2934; x_wconf 84' lang='grc' dir='ltr'>ιιι</span> <span class='ocrx_word' id='word_1_312' title='bbox 659 2873 740 2935; x_wconf 87' lang='lat' dir='ltr'>libro</span> <span class='ocrx_word' id='word_1_313' title='bbox 760 2871 796 2934; x_wconf 85' lang='lat' dir='ltr'>dc</span> <span class='ocrx_word' id='word_1_314' title='bbox 816 2873 902 2943; x_wconf 82' lang='lat' dir='ltr'>Fato,</span> <span class='ocrx_word' id='word_1_315' title='bbox 924 2881 1057 2954; x_wconf 73' lang='grc' dir='ltr'>ἐλευθερίαν</span> <span class='ocrx_word' id='word_1_316' title='bbox 1078 2881 1109 2936; x_wconf 91' lang='lat' dir='ltr'>et</span> <span class='ocrx_word' id='word_1_317' title='bbox 1156 2873 1279 2936; x_wconf 83' lang='lat' dir='ltr'>Natura</span> <span class='ocrx_word' id='word_1_318' title='bbox 1303 2873 1442 2942; x_wconf 80' lang='lat' dir='ltr'>dominis,</span> <span class='ocrx_word' id='word_1_319' title='bbox 1470 2873 1578 2935; x_wconf 90' lang='lat' dir='ltr'>multis</span> <span class='ocrx_word' id='word_1_320' title='bbox 1602 2872 1756 2952; x_wconf 89' lang='lat' dir='ltr'>capitibus</span> <span class='ocrx_word' id='word_1_321' title='bbox 1784 2878 1900 2934; x_wconf 77' lang='lat' dir='ltr'>nonnam</span> 
     </span>
     <span class='ocr_line' id='line_1_35' title="bbox 335 2963 1902 3048; baseline -0.001 -22"><span class='ocrx_word' id='word_1_322' title='bbox 335 2971 489 3036; x_wconf 75' lang='grc' dir='ltr'><strong>οιτεξονοιιιν</strong></span> <span class='ocrx_word' id='word_1_323' title='bbox 503 2971 534 3027; x_wconf 83' lang='grc' dir='ltr'>οι</span> <span class='ocrx_word' id='word_1_324' title='bbox 547 2975 576 3030; x_wconf 78' lang='grc' dir='ltr'>ιο</span> <span class='ocrx_word' id='word_1_325' title='bbox 590 2980 639 3030; x_wconf 77' lang='grc' dir='ltr'><strong>τῶν</strong></span> <span class='ocrx_word' id='word_1_326' title='bbox 654 2973 778 3048; x_wconf 69' lang='grc' dir='ltr'><strong>ἐνεργειῶν</strong></span> <span class='ocrx_word' id='word_1_327' title='bbox 796 2972 929 3047; x_wconf 75' lang='grc' dir='ltr'><strong>ἐλεύθερον,</strong></span> <span class='ocrx_word' id='word_1_328' title='bbox 944 2966 1108 3030; x_wconf 78' lang='lat' dir='ltr'>libertatem</span> <span class='ocrx_word' id='word_1_329' title='bbox 1156 2984 1283 3028; x_wconf 91' lang='lat' dir='ltr'>omnem</span> <span class='ocrx_word' id='word_1_330' title='bbox 1305 2966 1456 3028; x_wconf 85' lang='lat' dir='ltr'>libertatis</span> <span class='ocrx_word' id='word_1_331' title='bbox 1478 2965 1632 3045; x_wconf 77' lang='lat' dir='ltr'>exposuit.</span> <span class='ocrx_word' id='word_1_332' title='bbox 1661 2965 1706 3026; x_wconf 80' lang='grc' dir='ltr'>Αο</span> <span class='ocrx_word' id='word_1_333' title='bbox 1732 2965 1857 3044; x_wconf 84' lang='lat' dir='ltr'>primunr</span> <span class='ocrx_word' id='word_1_334' title='bbox 1873 2963 1902 3023; x_wconf 89' lang='lat' dir='ltr'>dc</span> 
     </span>
     <span class='ocr_line' id='line_1_36' title="bbox 335 3055 1902 3141; baseline -0.002 -22"><span class='ocrx_word' id='word_1_335' title='bbox 335 3057 482 3120; x_wconf 76' lang='lat' dir='ltr'>actionem</span> <span class='ocrx_word' id='word_1_336' title='bbox 495 3061 643 3141; x_wconf 43' lang='lat' dir='ltr'>appellati</span> <span class='ocrx_word' id='word_1_337' title='bbox 656 3061 693 3120; x_wconf 86' lang='lat' dir='ltr'>Et</span> <span class='ocrx_word' id='word_1_338' title='bbox 702 3058 835 3139; x_wconf 85' lang='lat' dir='ltr'>Cyrillus</span> <span class='ocrx_word' id='word_1_339' title='bbox 844 3059 925 3119; x_wconf 93' lang='lat' dir='ltr'>libro</span> <span class='ocrx_word' id='word_1_340' title='bbox 939 3067 1041 3120; x_wconf 82' lang='lat' dir='ltr'>contro</span> <span class='ocrx_word' id='word_1_341' title='bbox 1055 3060 1109 3120; x_wconf 81' lang='lat' dir='ltr'>Jo-</span> <span class='ocrx_word' id='word_1_342' title='bbox 1156 3064 1260 3140; x_wconf 77' lang='grc' dir='ltr'>ἑκουσίῳ</span> <span class='ocrx_word' id='word_1_343' title='bbox 1278 3064 1310 3120; x_wconf 86' lang='lat' dir='ltr'>et</span> <span class='ocrx_word' id='word_1_344' title='bbox 1323 3066 1442 3139; x_wconf 74' lang='grc' dir='ltr'><strong>ἀνονοιιρ,</strong></span> <span class='ocrx_word' id='word_1_345' title='bbox 1461 3058 1493 3119; x_wconf 91' lang='lat' dir='ltr'>id</span> <span class='ocrx_word' id='word_1_346' title='bbox 1511 3062 1568 3134; x_wconf 87' lang='lat' dir='ltr'>est,</span> <span class='ocrx_word' id='word_1_347' title='bbox 1582 3065 1739 3138; x_wconf 70' lang='lat' dir='ltr'>spomaaeo</span> <span class='ocrx_word' id='word_1_348' title='bbox 1757 3055 1902 3117; x_wconf 72' lang='lat' dir='ltr'>seu&#39;ootua</span> 
     </span>
     <span class='ocr_line' id='line_1_37' title="bbox 336 3147 1902 3231; baseline -0.002 -21"><span class='ocrx_word' id='word_1_349' title='bbox 336 3148 447 3211; x_wconf 76' lang='lat' dir='ltr'>licinum</span> <span class='ocrx_word' id='word_1_350' title='bbox 457 3158 578 3231; x_wconf 70' lang='lat' dir='ltr'>qualto,</span> <span class='ocrx_word' id='word_1_351' title='bbox 589 3161 619 3214; x_wconf 71' lang='lat' dir='ltr'>eb</span> <span class='ocrx_word' id='word_1_352' title='bbox 633 3158 756 3231; x_wconf 73' lang='grc' dir='ltr'><strong>ἐλεύθερον</strong></span> <span class='ocrx_word' id='word_1_353' title='bbox 771 3164 814 3227; x_wconf 83' lang='grc' dir='ltr'>τῆς</span> <span class='ocrx_word' id='word_1_354' title='bbox 827 3159 934 3222; x_wconf 79' lang='grc' dir='ltr'><strong>διανοίας</strong></span> <span class='ocrx_word' id='word_1_355' title='bbox 943 3150 1108 3212; x_wconf 72' lang='lat' dir='ltr'>libertatem</span> <span class='ocrx_word' id='word_1_356' title='bbox 1156 3149 1235 3211; x_wconf 76' lang='lat' dir='ltr'>tart&#39;o</span> <span class='ocrx_word' id='word_1_357' title='bbox 1262 3155 1293 3211; x_wconf 76' lang='lat' dir='ltr'>et</span> <span class='ocrx_word' id='word_1_358' title='bbox 1324 3149 1525 3211; x_wconf 73' lang='lat' dir='ltr'>involuntario</span> <span class='ocrx_word' id='word_1_359' title='bbox 1553 3148 1662 3210; x_wconf 73' lang='lat' dir='ltr'>eadem</span> <span class='ocrx_word' id='word_1_360' title='bbox 1688 3147 1763 3208; x_wconf 76' lang='lat' dir='ltr'>dicit</span> <span class='ocrx_word' id='word_1_361' title='bbox 1787 3164 1850 3228; x_wconf 73' lang='lat' dir='ltr'>quat</span> <span class='ocrx_word' id='word_1_362' title='bbox 1873 3163 1902 3207; x_wconf 71' lang='lat' dir='ltr'>ex</span> 
     </span>
     <span class='ocr_line' id='line_1_38' title="bbox 335 3237 1900 3324; baseline -0.002 -22"><span class='ocrx_word' id='word_1_363' title='bbox 335 3243 454 3316; x_wconf 83' lang='lat' dir='ltr'>mentis,</span> <span class='ocrx_word' id='word_1_364' title='bbox 471 3263 533 3324; x_wconf 81' lang='lat' dir='ltr'>qria</span> <span class='ocrx_word' id='word_1_365' title='bbox 546 3243 722 3305; x_wconf 86' lang='lat' dir='ltr'>bonumvel</span> <span class='ocrx_word' id='word_1_366' title='bbox 731 3243 849 3304; x_wconf 89' lang='lat' dir='ltr'>malum</span> <span class='ocrx_word' id='word_1_367' title='bbox 857 3243 993 3323; x_wconf 81' lang='lat' dir='ltr'>eligitur,</span> <span class='ocrx_word' id='word_1_368' title='bbox 1000 3261 1109 3323; x_wconf 89' lang='lat' dir='ltr'>quam-</span> <span class='ocrx_word' id='word_1_369' title='bbox 1156 3240 1320 3303; x_wconf 84' lang='lat' dir='ltr'>Aristotele</span> <span class='ocrx_word' id='word_1_370' title='bbox 1342 3241 1485 3322; x_wconf 90' lang='lat' dir='ltr'>superius</span> <span class='ocrx_word' id='word_1_371' title='bbox 1507 3241 1608 3321; x_wconf 76' lang='lat' dir='ltr'>attigi,</span> <span class='ocrx_word' id='word_1_372' title='bbox 1629 3259 1666 3302; x_wconf 88' lang='lat' dir='ltr'>ac</span> <span class='ocrx_word' id='word_1_373' title='bbox 1683 3254 1733 3303; x_wconf 78' lang='grc' dir='ltr'><strong>τῶν</strong></span> <span class='ocrx_word' id='word_1_374' title='bbox 1748 3249 1850 3303; x_wconf 67' lang='lat' dir='ltr'>aeeon</span> <span class='ocrx_word' id='word_1_375' title='bbox 1865 3237 1900 3299; x_wconf 90' lang='lat' dir='ltr'>di·</span> 
     </span>
     <span class='ocr_line' id='line_1_39' title="bbox 336 3332 1902 3416; baseline -0.002 -22"><span class='ocrx_word' id='word_1_376' title='bbox 336 3351 397 3412; x_wconf 88' lang='lat' dir='ltr'>que</span> <span class='ocrx_word' id='word_1_377' title='bbox 424 3335 493 3396; x_wconf 90' lang='lat' dir='ltr'>laus</span> <span class='ocrx_word' id='word_1_378' title='bbox 513 3337 564 3397; x_wconf 83' lang='lat' dir='ltr'>rel</span> <span class='ocrx_word' id='word_1_379' title='bbox 587 3336 774 3416; x_wconf 85' lang='lat' dir='ltr'>vituperatio</span> <span class='ocrx_word' id='word_1_380' title='bbox 797 3336 1006 3416; x_wconf 76' lang='lat' dir='ltr'>consequitur.</span> <span class='ocrx_word' id='word_1_381' title='bbox 1035 3337 1107 3396; x_wconf 88' lang='lat' dir='ltr'>Dio·</span> <span class='ocrx_word' id='word_1_382' title='bbox 1155 3333 1404 3414; x_wconf 75' lang='lat' dir='ltr'>gnoseendorum</span> <span class='ocrx_word' id='word_1_383' title='bbox 1417 3334 1500 3395; x_wconf 88' lang='lat' dir='ltr'>hene</span> <span class='ocrx_word' id='word_1_384' title='bbox 1513 3351 1578 3394; x_wconf 90' lang='lat' dir='ltr'>esse</span> <span class='ocrx_word' id='word_1_385' title='bbox 1596 3333 1750 3413; x_wconf 76' lang='lat' dir='ltr'>regulam,</span> <span class='ocrx_word' id='word_1_386' title='bbox 1765 3350 1831 3394; x_wconf 88' lang='lat' dir='ltr'>curn</span> <span class='ocrx_word' id='word_1_387' title='bbox 1841 3332 1902 3391; x_wconf 80' lang='lat' dir='ltr'>ner</span> 
     </span>
     <span class='ocr_line' id='line_1_40' title="bbox 337 3422 1901 3508; baseline -0.002 -23"><span class='ocrx_word' id='word_1_388' title='bbox 337 3427 445 3504; x_wconf 86' lang='lat' dir='ltr'>nysius</span> <span class='ocrx_word' id='word_1_389' title='bbox 458 3427 492 3487; x_wconf 94' lang='lat' dir='ltr'>in</span> <span class='ocrx_word' id='word_1_390' title='bbox 506 3430 606 3508; x_wconf 88' lang='lat' dir='ltr'>capite</span> <span class='ocrx_word' id='word_1_391' title='bbox 620 3434 730 3508; x_wconf 82' lang='lat' dir='ltr'>quarto</span> <span class='ocrx_word' id='word_1_392' title='bbox 747 3425 782 3488; x_wconf 84' lang='lat' dir='ltr'>de</span> <span class='ocrx_word' id='word_1_393' title='bbox 806 3426 926 3488; x_wconf 82' lang='lat' dir='ltr'>Divinis</span> <span class='ocrx_word' id='word_1_394' title='bbox 944 3427 1108 3489; x_wconf 79' lang='lat' dir='ltr'>nominibus</span> <span class='ocrx_word' id='word_1_395' title='bbox 1156 3427 1243 3487; x_wconf 91' lang='lat' dir='ltr'>iniis</span> <span class='ocrx_word' id='word_1_396' title='bbox 1257 3445 1327 3507; x_wconf 77' lang='lat' dir='ltr'>qna</span> <span class='ocrx_word' id='word_1_397' title='bbox 1341 3427 1464 3507; x_wconf 80' lang='lat' dir='ltr'>agimus</span> <span class='ocrx_word' id='word_1_398' title='bbox 1485 3425 1553 3486; x_wconf 91' lang='lat' dir='ltr'>laus</span> <span class='ocrx_word' id='word_1_399' title='bbox 1570 3432 1627 3487; x_wconf 91' lang='lat' dir='ltr'>aut</span> <span class='ocrx_word' id='word_1_400' title='bbox 1640 3425 1821 3506; x_wconf 77' lang='lat' dir='ltr'>vituperatio</span> <span class='ocrx_word' id='word_1_401' title='bbox 1830 3422 1849 3485; x_wconf 85' lang='lat'>¹.</span> <span class='ocrx_word' id='word_1_402' title='bbox 1860 3423 1901 3482; x_wconf 85' lang='lat' dir='ltr'>Po</span> 
     </span>
     <span class='ocr_line' id='line_1_41' title="bbox 337 3517 1901 3602; baseline 0.001 -25"><span class='ocrx_word' id='word_1_403' title='bbox 337 3517 394 3577; x_wconf 89' lang='lat' dir='ltr'>sub</span> <span class='ocrx_word' id='word_1_404' title='bbox 408 3517 515 3596; x_wconf 83' lang='lat' dir='ltr'>tinem,</span> <span class='ocrx_word' id='word_1_405' title='bbox 526 3528 556 3581; x_wconf 75' lang='grc' dir='ltr'>τι</span> <span class='ocrx_word' id='word_1_406' title='bbox 569 3527 725 3598; x_wconf 70' lang='grc' dir='ltr'><strong>αὐτοκίνητον</strong></span> <span class='ocrx_word' id='word_1_407' title='bbox 739 3519 847 3601; x_wconf 82' lang='lat' dir='ltr'>paeda</span> <span class='ocrx_word' id='word_1_408' title='bbox 860 3520 952 3602; x_wconf 83' lang='lat' dir='ltr'>seipso</span> <span class='ocrx_word' id='word_1_409' title='bbox 963 3528 1104 3583; x_wconf 76' lang='grc' dir='ltr'><strong>νιοννιιιν.</strong></span> <span class='ocrx_word' id='word_1_410' title='bbox 1155 3526 1220 3582; x_wconf 90' lang='lat' dir='ltr'>stea</span> <span class='ocrx_word' id='word_1_411' title='bbox 1241 3521 1280 3581; x_wconf 91' lang='lat' dir='ltr'>de</span> <span class='ocrx_word' id='word_1_412' title='bbox 1302 3530 1440 3601; x_wconf 74' lang='grc' dir='ltr'><strong>προαιρέσει</strong></span> <span class='ocrx_word' id='word_1_413' title='bbox 1461 3518 1609 3598; x_wconf 85' lang='lat' dir='ltr'>disputat,</span> <span class='ocrx_word' id='word_1_414' title='bbox 1633 3535 1730 3597; x_wconf 75' lang='lat' dir='ltr'>quam</span> <span class='ocrx_word' id='word_1_415' title='bbox 1751 3517 1806 3579; x_wconf 88' lang='lat' dir='ltr'>sub</span> <span class='ocrx_word' id='word_1_416' title='bbox 1821 3522 1901 3591; x_wconf 69' lang='grc' dir='ltr'><strong>ἐνονιρ</strong></span> 
     </span>
     <span class='ocr_line' id='line_1_42' title="bbox 338 3605 1901 3691; baseline 0 -22"><span class='ocrx_word' id='word_1_417' title='bbox 338 3609 478 3673; x_wconf 84' lang='lat' dir='ltr'>Clemens</span> <span class='ocrx_word' id='word_1_418' title='bbox 487 3611 899 3674; x_wconf 82' lang='lat' dir='ltr'>Alexandrinusinsecundo</span> <span class='ocrx_word' id='word_1_419' title='bbox 909 3612 1104 3682; x_wconf 83' lang='lat' dir='ltr'>Stromoteon,</span> <span class='ocrx_word' id='word_1_420' title='bbox 1156 3613 1379 3687; x_wconf 68' lang='lat' dir='ltr'>rennuerint,</span> <span class='ocrx_word' id='word_1_421' title='bbox 1399 3617 1431 3673; x_wconf 89' lang='lat' dir='ltr'>et</span> <span class='ocrx_word' id='word_1_422' title='bbox 1443 3611 1503 3672; x_wconf 87' lang='lat' dir='ltr'>hoc</span> <span class='ocrx_word' id='word_1_423' title='bbox 1522 3610 1614 3671; x_wconf 88' lang='lat' dir='ltr'>latius</span> <span class='ocrx_word' id='word_1_424' title='bbox 1634 3609 1689 3671; x_wconf 93' lang='lat' dir='ltr'>illo</span> <span class='ocrx_word' id='word_1_425' title='bbox 1702 3615 1814 3691; x_wconf 85' lang='lat' dir='ltr'>patere,</span> <span class='ocrx_word' id='word_1_426' title='bbox 1829 3605 1901 3685; x_wconf 72' lang='lat' dir='ltr'>siqu</span> 
     </span>
     <span class='ocr_line' id='line_1_43' title="bbox 337 3699 1900 3787; baseline -0.002 -25"><span class='ocrx_word' id='word_1_427' title='bbox 337 3707 541 3783; x_wconf 71' lang='grc' dir='ltr'><strong>αὐτοκρατορικὴν</strong></span> <span class='ocrx_word' id='word_1_428' title='bbox 555 3713 646 3785; x_wconf 84' lang='grc' dir='ltr'><strong>αἵρεσιν</strong></span> <span class='ocrx_word' id='word_1_429' title='bbox 660 3714 700 3767; x_wconf 74' lang='grc' dir='ltr'>καὶ</span> <span class='ocrx_word' id='word_1_430' title='bbox 720 3714 808 3786; x_wconf 61' lang='lat' dir='ltr'>poprie,</span> <span class='ocrx_word' id='word_1_431' title='bbox 822 3703 984 3766; x_wconf 74' lang='lat' dir='ltr'>electionem</span> <span class='ocrx_word' id='word_1_432' title='bbox 1006 3725 1042 3767; x_wconf 78' lang='lat' dir='ltr'>at·</span> <span class='ocrx_word' id='word_1_433' title='bbox 1057 3705 1108 3787; x_wconf 79' lang='lat' dir='ltr'>su·</span> <span class='ocrx_word' id='word_1_434' title='bbox 1156 3705 1228 3766; x_wconf 80' lang='lat' dir='ltr'>dem</span> <span class='ocrx_word' id='word_1_435' title='bbox 1256 3723 1320 3765; x_wconf 82' lang='lat' dir='ltr'>non</span> <span class='ocrx_word' id='word_1_436' title='bbox 1348 3721 1441 3764; x_wconf 78' lang='lat' dir='ltr'>omne</span> <span class='ocrx_word' id='word_1_437' title='bbox 1465 3710 1656 3784; x_wconf 68' lang='lat' dir='ltr'>spontaneum</span> <span class='ocrx_word' id='word_1_438' title='bbox 1683 3719 1757 3763; x_wconf 76' lang='lat' dir='ltr'>cum</span> <span class='ocrx_word' id='word_1_439' title='bbox 1782 3699 1900 3762; x_wconf 69' lang='lat' dir='ltr'>eloctione</span> 
     </span>
     <span class='ocr_line' id='line_1_44' title="bbox 337 3792 1900 3879; baseline -0.002 -25"><span class='ocrx_word' id='word_1_440' title='bbox 337 3812 404 3873; x_wconf 77' lang='lat' dir='ltr'>pam</span> <span class='ocrx_word' id='word_1_441' title='bbox 417 3813 484 3875; x_wconf 78' lang='lat' dir='ltr'>pace</span> <span class='ocrx_word' id='word_1_442' title='bbox 495 3794 634 3877; x_wconf 80' lang='lat' dir='ltr'>suijuris</span> <span class='ocrx_word' id='word_1_443' title='bbox 646 3804 696 3872; x_wconf 85' lang='lat' dir='ltr'>est,</span> <span class='ocrx_word' id='word_1_444' title='bbox 715 3796 879 3860; x_wconf 71' lang='lat' dir='ltr'>concitent.</span> <span class='ocrx_word' id='word_1_445' title='bbox 896 3797 958 3858; x_wconf 81' lang='lat' dir='ltr'>alii</span> <span class='ocrx_word' id='word_1_446' title='bbox 972 3805 1108 3879; x_wconf 73' lang='grc' dir='ltr'><strong>οιτονορον</strong></span> <span class='ocrx_word' id='word_1_447' title='bbox 1156 3795 1390 3877; x_wconf 62' lang='lat' dir='ltr'>eonjungiunt</span> <span class='ocrx_word' id='word_1_448' title='bbox 1402 3796 1509 3875; x_wconf 80' lang='lat' dir='ltr'>ltaque</span> <span class='ocrx_word' id='word_1_449' title='bbox 1518 3799 1658 3874; x_wconf 68' lang='grc' dir='ltr'><strong>προαιρεσις</strong></span> <span class='ocrx_word' id='word_1_450' title='bbox 1671 3794 1738 3855; x_wconf 83' lang='lat' dir='ltr'>sive</span> <span class='ocrx_word' id='word_1_451' title='bbox 1750 3792 1839 3855; x_wconf 82' lang='lat' dir='ltr'>electio</span> <span class='ocrx_word' id='word_1_452' title='bbox 1849 3807 1900 3851; x_wconf 83' lang='lat' dir='ltr'>eor</span> 
     </span>
     <span class='ocr_line' id='line_1_45' title="bbox 336 3881 1898 3972; baseline -0.002 -27"><span class='ocrx_word' id='word_1_453' title='bbox 336 3894 378 3946; x_wconf 74' lang='grc' dir='ltr'>ναὶ</span> <span class='ocrx_word' id='word_1_454' title='bbox 392 3893 521 3968; x_wconf 71' lang='grc' dir='ltr'><strong>ἀφειμένην</strong></span> <span class='ocrx_word' id='word_1_455' title='bbox 534 3898 594 3970; x_wconf 78' lang='grc' dir='ltr'><strong>πρὸς</strong></span> <span class='ocrx_word' id='word_1_456' title='bbox 607 3899 729 3953; x_wconf 64' lang='lat' dir='ltr'>eleemos</span> <span class='ocrx_word' id='word_1_457' title='bbox 743 3899 833 3963; x_wconf 70' lang='grc' dir='ltr'><strong>παντὸς</strong></span> <span class='ocrx_word' id='word_1_458' title='bbox 847 3899 975 3972; x_wconf 75' lang='grc' dir='ltr'><strong>ἀννρώνιοο</strong></span> <span class='ocrx_word' id='word_1_459' title='bbox 988 3901 1107 3965; x_wconf 76' lang='grc' dir='ltr'><strong>διάνοιαν,</strong></span> <span class='ocrx_word' id='word_1_460' title='bbox 1156 3890 1263 3951; x_wconf 89' lang='lat' dir='ltr'>silium</span> <span class='ocrx_word' id='word_1_461' title='bbox 1285 3908 1321 3949; x_wconf 86' lang='lat' dir='ltr'>aa</span> <span class='ocrx_word' id='word_1_462' title='bbox 1340 3887 1597 3950; x_wconf 79' lang='lat' dir='ltr'>deliberationem</span> <span class='ocrx_word' id='word_1_463' title='bbox 1619 3886 1843 3948; x_wconf 83' lang='lat' dir='ltr'>antecedentem</span> <span class='ocrx_word' id='word_1_464' title='bbox 1858 3881 1898 3942; x_wconf 84' lang='lat' dir='ltr'>in·</span> 
     </span>
     <span class='ocr_line' id='line_1_46' title="bbox 336 3973 1899 4065; baseline 0.001 -28"><span class='ocrx_word' id='word_1_465' title='bbox 336 3975 479 4058; x_wconf 81' lang='lat' dir='ltr'>suijuris</span> <span class='ocrx_word' id='word_1_466' title='bbox 491 3987 520 4040; x_wconf 89' lang='lat' dir='ltr'>et</span> <span class='ocrx_word' id='word_1_467' title='bbox 536 3980 659 4043; x_wconf 76' lang='lat' dir='ltr'>solutore</span> <span class='ocrx_word' id='word_1_468' title='bbox 675 3981 715 4043; x_wconf 82' lang='lat' dir='ltr'>cd</span> <span class='ocrx_word' id='word_1_469' title='bbox 727 3982 761 4044; x_wconf 86' lang='lat' dir='ltr'>id</span> <span class='ocrx_word' id='word_1_470' title='bbox 776 3981 973 4065; x_wconf 77' lang='lat' dir='ltr'>quodcumque</span> <span class='ocrx_word' id='word_1_471' title='bbox 990 3981 1108 4043; x_wconf 80' lang='lat' dir='ltr'>libitam</span> <span class='ocrx_word' id='word_1_472' title='bbox 1156 3981 1245 4058; x_wconf 55' lang='lat' dir='ltr'>beta,</span> <span class='ocrx_word' id='word_1_473' title='bbox 1261 3986 1292 4042; x_wconf 86' lang='lat' dir='ltr'>et</span> <span class='ocrx_word' id='word_1_474' title='bbox 1308 3980 1460 4060; x_wconf 83' lang='lat' dir='ltr'>judicium</span> <span class='ocrx_word' id='word_1_475' title='bbox 1473 3978 1588 4039; x_wconf 88' lang='lat' dir='ltr'>mentis</span> <span class='ocrx_word' id='word_1_476' title='bbox 1608 3996 1710 4040; x_wconf 88' lang='lat' dir='ltr'>unum</span> <span class='ocrx_word' id='word_1_477' title='bbox 1723 3978 1808 4039; x_wconf 86' lang='lat' dir='ltr'>alteri</span> <span class='ocrx_word' id='word_1_478' title='bbox 1819 3973 1899 4056; x_wconf 62' lang='lat' dir='ltr'>prela</span> 
     </span>
     <span class='ocr_line' id='line_1_47' title="bbox 337 4067 1899 4153; baseline -0.002 -23"><span class='ocrx_word' id='word_1_479' title='bbox 337 4081 391 4144; x_wconf 80' lang='lat' dir='ltr'>est,</span> <span class='ocrx_word' id='word_1_480' title='bbox 414 4069 541 4132; x_wconf 72' lang='lat' dir='ltr'>dominis</span> <span class='ocrx_word' id='word_1_481' title='bbox 561 4082 693 4136; x_wconf 73' lang='lat' dir='ltr'>mentem</span> <span class='ocrx_word' id='word_1_482' title='bbox 724 4077 768 4135; x_wconf 89' lang='lat' dir='ltr'>lta</span> <span class='ocrx_word' id='word_1_483' title='bbox 791 4076 967 4152; x_wconf 87' lang='lat' dir='ltr'>Nemesius,</span> <span class='ocrx_word' id='word_1_484' title='bbox 996 4076 1109 4136; x_wconf 86' lang='lat' dir='ltr'>AEneas</span> <span class='ocrx_word' id='word_1_485' title='bbox 1157 4075 1267 4151; x_wconf 84' lang='lat' dir='ltr'>rantis,</span> <span class='ocrx_word' id='word_1_486' title='bbox 1284 4079 1391 4153; x_wconf 85' lang='lat' dir='ltr'>estque</span> <span class='ocrx_word' id='word_1_487' title='bbox 1410 4071 1564 4132; x_wconf 88' lang='lat' dir='ltr'>«mistum</span> <span class='ocrx_word' id='word_1_488' title='bbox 1577 4070 1697 4151; x_wconf 89' lang='lat' dir='ltr'>aliquid</span> <span class='ocrx_word' id='word_1_489' title='bbox 1707 4090 1747 4132; x_wconf 85' lang='lat' dir='ltr'>ex</span> <span class='ocrx_word' id='word_1_490' title='bbox 1755 4067 1899 4132; x_wconf 78' lang='lat' dir='ltr'>camillen-</span> 
     </span>
     <span class='ocr_line' id='line_1_48' title="bbox 338 4158 1898 4247; baseline -0.001 -24"><span class='ocrx_word' id='word_1_491' title='bbox 338 4162 480 4241; x_wconf 79' lang='lat' dir='ltr'>Gazeeus,</span> <span class='ocrx_word' id='word_1_492' title='bbox 509 4164 625 4246; x_wconf 81' lang='lat' dir='ltr'>aliique</span> <span class='ocrx_word' id='word_1_493' title='bbox 650 4184 729 4245; x_wconf 83' lang='lat' dir='ltr'>quos</span> <span class='ocrx_word' id='word_1_494' title='bbox 756 4167 849 4247; x_wconf 89' lang='lat' dir='ltr'>paulo</span> <span class='ocrx_word' id='word_1_495' title='bbox 876 4174 947 4247; x_wconf 87' lang='lat' dir='ltr'>post</span> <span class='ocrx_word' id='word_1_496' title='bbox 972 4166 1108 4247; x_wconf 89' lang='lat' dir='ltr'>appella·</span> <span class='ocrx_word' id='word_1_497' title='bbox 1153 4165 1273 4246; x_wconf 85' lang='lat' dir='ltr'>judicio</span> <span class='ocrx_word' id='word_1_498' title='bbox 1289 4169 1321 4226; x_wconf 86' lang='lat' dir='ltr'>et</span> <span class='ocrx_word' id='word_1_499' title='bbox 1333 4163 1535 4244; x_wconf 84' lang='lat' dir='ltr'>appetitione,</span> <span class='ocrx_word' id='word_1_500' title='bbox 1550 4158 1898 4224; x_wconf 73' lang='lat' dir='ltr'>sicutenimalexanim</span> 
     </span>
     <span class='ocr_line' id='line_1_49' title="bbox 338 4251 1899 4338; baseline 0.003 -25"><span class='ocrx_word' id='word_1_501' title='bbox 338 4253 452 4315; x_wconf 91' lang='lat' dir='ltr'>bimus.</span> <span class='ocrx_word' id='word_1_502' title='bbox 1158 4265 1189 4319; x_wconf 91' lang='lat' dir='ltr'>et</span> <span class='ocrx_word' id='word_1_503' title='bbox 1202 4275 1331 4338; x_wconf 88' lang='lat' dir='ltr'>corpore</span> <span class='ocrx_word' id='word_1_504' title='bbox 1340 4253 1597 4337; x_wconf 57' lang='lat' dir='ltr'>componunt.»</span> <span class='ocrx_word' id='word_1_505' title='bbox 1614 4256 1716 4330; x_wconf 85' lang='lat' dir='ltr'>Quare</span> <span class='ocrx_word' id='word_1_506' title='bbox 1731 4251 1899 4335; x_wconf 57' lang='lat' dir='ltr'>promittat</span> 
     </span>
    </p>

    <p class='ocr_par' dir='ltr' id='par_1_16' title="bbox 1158 4345 1899 4427">
     <span class='ocr_line' id='line_1_50' title="bbox 1158 4345 1899 4427; baseline -0.013 -14"><span class='ocrx_word' id='word_1_507' title='bbox 1158 4350 1234 4424; x_wconf 83' lang='lat' dir='ltr'>dixi,</span> <span class='ocrx_word' id='word_1_508' title='bbox 1250 4348 1432 4411; x_wconf 88' lang='lat' dir='ltr'>deliberatio</span> <span class='ocrx_word' id='word_1_509' title='bbox 1446 4364 1518 4409; x_wconf 87' lang='lat' dir='ltr'>cum</span> <span class='ocrx_word' id='word_1_510' title='bbox 1526 4345 1644 4425; x_wconf 85' lang='lat' dir='ltr'>judicio</span> <span class='ocrx_word' id='word_1_511' title='bbox 1659 4364 1724 4427; x_wconf 85' lang='lat' dir='ltr'>quo</span> <span class='ocrx_word' id='word_1_512' title='bbox 1737 4362 1827 4409; x_wconf 88' lang='lat' dir='ltr'>unum</span> <span class='ocrx_word' id='word_1_513' title='bbox 1837 4345 1899 4403; x_wconf 77' lang='lat' dir='ltr'>autc</span> 
     </span>
    </p>

    <p class='ocr_par' dir='ltr' id='par_1_17' title="bbox 1157 4433 1896 4522">
     <span class='ocr_line' id='line_1_51' title="bbox 1157 4433 1896 4522; baseline -0.008 -21"><span class='ocrx_word' id='word_1_514' title='bbox 1157 4433 1896 4522; x_wconf 69' lang='lat' dir='ltr'>ponitnralteri‚undeetepoalpwanomeninrenit</span> 
     </span>
    </p>

    <p class='ocr_par' dir='ltr' id='par_1_18' title="bbox 1156 4530 1897 4614">
     <span class='ocr_line' id='line_1_52' title="bbox 1156 4530 1897 4614; baseline -0.004 -20"><span class='ocrx_word' id='word_1_515' title='bbox 1156 4539 1307 4612; x_wconf 78' lang='lat' dir='ltr'>tanqrram</span> <span class='ocrx_word' id='word_1_516' title='bbox 1329 4530 1497 4614; x_wconf 82' lang='lat' dir='ltr'>praelectio</span> <span class='ocrx_word' id='word_1_517' title='bbox 1520 4531 1617 4592; x_wconf 87' lang='lat' dir='ltr'>latine</span> <span class='ocrx_word' id='word_1_518' title='bbox 1644 4532 1830 4603; x_wconf 81' lang='lat' dir='ltr'>nominator,</span> <span class='ocrx_word' id='word_1_519' title='bbox 1852 4541 1897 4604; x_wconf 71' lang='lat' dir='ltr'>qut</span> 
     </span>
    </p>

    <p class='ocr_par' dir='ltr' id='par_1_19' title="bbox 1158 4621 1897 4706">
     <span class='ocr_line' id='line_1_53' title="bbox 1158 4621 1897 4706; baseline -0.008 -20"><span class='ocrx_word' id='word_1_520' title='bbox 1158 4643 1258 4686; x_wconf 92' lang='lat' dir='ltr'>unum</span> <span class='ocrx_word' id='word_1_521' title='bbox 1270 4642 1335 4706; x_wconf 82' lang='lat' dir='ltr'>prae</span> <span class='ocrx_word' id='word_1_522' title='bbox 1349 4624 1446 4685; x_wconf 90' lang='lat' dir='ltr'>altero</span> <span class='ocrx_word' id='word_1_523' title='bbox 1461 4623 1597 4702; x_wconf 78' lang='lat' dir='ltr'>eligitur,</span> <span class='ocrx_word' id='word_1_524' title='bbox 1608 4623 1658 4685; x_wconf 88' lang='lat' dir='ltr'>rel</span> <span class='ocrx_word' id='word_1_525' title='bbox 1667 4622 1796 4703; x_wconf 89' lang='lat' dir='ltr'>simplici</span> <span class='ocrx_word' id='word_1_526' title='bbox 1806 4621 1897 4681; x_wconf 64' lang='lat' dir='ltr'>retenta</span> 
     </span>
    </p>

    <p class='ocr_par' dir='ltr' id='par_1_20' title="bbox 1157 4708 1894 4796">
     <span class='ocr_line' id='line_1_54' title="bbox 1157 4708 1894 4796; baseline -0.005 -19"><span class='ocrx_word' id='word_1_527' title='bbox 1157 4733 1245 4795; x_wconf 83' lang='lat' dir='ltr'>voce,</span> <span class='ocrx_word' id='word_1_528' title='bbox 1260 4715 1358 4777; x_wconf 85' lang='lat' dir='ltr'>electio</span> <span class='ocrx_word' id='word_1_529' title='bbox 1372 4715 1461 4796; x_wconf 88' lang='lat' dir='ltr'>quasi</span> <span class='ocrx_word' id='word_1_530' title='bbox 1470 4715 1564 4777; x_wconf 91' lang='lat' dir='ltr'>unius</span> <span class='ocrx_word' id='word_1_531' title='bbox 1576 4714 1747 4796; x_wconf 87' lang='lat' dir='ltr'>epluribus</span> <span class='ocrx_word' id='word_1_532' title='bbox 1759 4708 1894 4777; x_wconf 70' lang='lat' dir='ltr'>etant</span> 
     </span>
    </p>
   </div>
   <div class='ocr_carea' id='block_1_13' title="bbox 342 4954 1894 5124">
    <p class='ocr_par' dir='ltr' id='par_1_21' title="bbox 342 4954 1894 5124">
     <span class='ocr_line' id='line_1_55' title="bbox 377 4954 1894 5043; baseline 0 -23"><span class='ocrx_word' id='word_1_533' title='bbox 377 4980 398 5020; x_wconf 86' lang='lat' dir='ltr'>a</span> <span class='ocrx_word' id='word_1_534' title='bbox 419 4965 520 5024; x_wconf 68' lang='lat' dir='ltr'>Nautis.</span> <span class='ocrx_word' id='word_1_535' title='bbox 545 4983 604 5039; x_wconf 84' lang='lat' dir='ltr'>cap.</span> <span class='ocrx_word' id='word_1_536' title='bbox 625 4985 719 5024; x_wconf 78' lang='lat' dir='ltr'>xxxin.</span> <span class='ocrx_word' id='word_1_537' title='bbox 738 4964 881 5024; x_wconf 70' lang='lat' dir='ltr'>&#39;Eoris&#39;</span> <span class='ocrx_word' id='word_1_538' title='bbox 853 4989 895 5023; x_wconf 84' lang='grc' dir='ltr'><strong>ουν</strong></span> <span class='ocrx_word' id='word_1_539' title='bbox 923 4968 1007 5043; x_wconf 65' lang='lat' dir='ltr'>paeto</span> <span class='ocrx_word' id='word_1_540' title='bbox 1035 4987 1059 5024; x_wconf 82' lang='grc' dir='ltr'>τι</span> <span class='ocrx_word' id='word_1_541' title='bbox 1083 4966 1110 5022; x_wconf 77' lang='grc' dir='ltr'>ἐκ</span> <span class='ocrx_word' id='word_1_542' title='bbox 1159 4967 1309 5042; x_wconf 65' lang='grc' dir='ltr'><strong>ρήτεψνχὴν</strong></span> <span class='ocrx_word' id='word_1_543' title='bbox 1323 4969 1411 5041; x_wconf 74' lang='grc' dir='ltr'><strong>μόνην,</strong></span> <span class='ocrx_word' id='word_1_544' title='bbox 1422 4965 1487 5022; x_wconf 71' lang='lat' dir='ltr'>atta</span> <span class='ocrx_word' id='word_1_545' title='bbox 1500 4967 1530 5022; x_wconf 69' lang='lat' dir='ltr'>ab</span> <span class='ocrx_word' id='word_1_546' title='bbox 1547 4968 1743 5040; x_wconf 76' lang='grc' dir='ltr'><strong>συναμφότερον,</strong></span> <span class='ocrx_word' id='word_1_547' title='bbox 1756 4954 1894 5020; x_wconf 60' lang='lat' dir='ltr'>abab</span> 
     </span>
     <span class='ocr_line' id='line_1_56' title="bbox 342 5047 1314 5124; baseline 0.003 -24"><span class='ocrx_word' id='word_1_548' title='bbox 342 5047 440 5118; x_wconf 77' lang='grc' dir='ltr'><strong>βουλῆς,</strong></span> <span class='ocrx_word' id='word_1_549' title='bbox 452 5048 493 5101; x_wconf 73' lang='grc' dir='ltr'>καὶ</span> <span class='ocrx_word' id='word_1_550' title='bbox 503 5049 613 5120; x_wconf 78' lang='grc' dir='ltr'><strong>κρίσεως</strong></span> <span class='ocrx_word' id='word_1_551' title='bbox 623 5070 655 5104; x_wconf 78' lang='grc' dir='ltr'>κα</span> <span class='ocrx_word' id='word_1_552' title='bbox 653 5050 788 5124; x_wconf 77' lang='grc' dir='ltr'>ιόρὲξεως,</span> <span class='ocrx_word' id='word_1_553' title='bbox 805 5059 858 5108; x_wconf 84' lang='lat' dir='ltr'>eta.</span> <span class='ocrx_word' id='word_1_554' title='bbox 1160 5050 1314 5123; x_wconf 75' lang='grc' dir='ltr'><strong>προαιρεσιν.</strong></span> 
     </span>
    </p>
   </div>
   <div class='ocr_carea' id='block_1_14' title="bbox 378 5123 1894 5223">
    <p class='ocr_par' dir='ltr' id='par_1_22' title="bbox 378 5123 1894 5223">
     <span class='ocr_line' id='line_1_57' title="bbox 378 5123 1894 5223; baseline 0.007 -40"><span class='ocrx_word' id='word_1_555' title='bbox 378 5129 481 5185; x_wconf 84' lang='lat' dir='ltr'>blbid.</span> <span class='ocrx_word' id='word_1_556' title='bbox 506 5128 608 5205; x_wconf 79' lang='grc' dir='ltr'><strong>Ωςγὰρ</strong></span> <span class='ocrx_word' id='word_1_557' title='bbox 618 5133 722 5205; x_wconf 71' lang='grc' dir='ltr'><strong>λέγομεν</strong></span> <span class='ocrx_word' id='word_1_558' title='bbox 733 5133 762 5187; x_wconf 76' lang='grc' dir='ltr'>τὺ</span> <span class='ocrx_word' id='word_1_559' title='bbox 773 5137 838 5196; x_wconf 69' lang='lat' dir='ltr'>taor</span> <span class='ocrx_word' id='word_1_560' title='bbox 859 5132 885 5187; x_wconf 74' lang='lat' dir='ltr'>a</span> <span class='ocrx_word' id='word_1_561' title='bbox 903 5135 991 5207; x_wconf 71' lang='grc' dir='ltr'><strong>ψυχῆς,</strong></span> <span class='ocrx_word' id='word_1_562' title='bbox 1010 5135 1112 5188; x_wconf 66' lang='lat' dir='ltr'>salodi·</span> <span class='ocrx_word' id='word_1_563' title='bbox 1196 5133 1270 5190; x_wconf 84' lang='lat' dir='ltr'>alb.</span> <span class='ocrx_word' id='word_1_564' title='bbox 1290 5132 1560 5223; x_wconf 71' lang='grc' dir='ltr'><strong>Προαιρετδνγάρὲστι</strong></span> <span class='ocrx_word' id='word_1_565' title='bbox 1577 5134 1608 5188; x_wconf 77' lang='grc' dir='ltr'>τὸ</span> <span class='ocrx_word' id='word_1_566' title='bbox 1621 5123 1894 5206; x_wconf 58' lang='lat' dir='ltr'>responsitando*</span> 
     </span>
    </p>
   </div>
   <div class='ocr_carea' id='block_1_15' title="bbox 342 5201 1894 5372">
    <p class='ocr_par' dir='ltr' id='par_1_23' title="bbox 342 5201 1894 5372">
     <span class='ocr_line' id='line_1_58' title="bbox 342 5201 1894 5367; baseline 0.008 -104"><span class='ocrx_word' id='word_1_567' title='bbox 342 5226 419 5280; x_wconf 74' lang='grc' dir='ltr'><strong>ματος</strong></span> <span class='ocrx_word' id='word_1_568' title='bbox 429 5214 578 5284; x_wconf 73' lang='grc' dir='ltr'><strong>συγκεῖσθαι,</strong></span> <span class='ocrx_word' id='word_1_569' title='bbox 587 5215 649 5289; x_wconf 76' lang='grc' dir='ltr'>μηδὲ</span> <span class='ocrx_word' id='word_1_570' title='bbox 658 5216 726 5271; x_wconf 79' lang='lat' dir='ltr'>at·</span> <span class='ocrx_word' id='word_1_571' title='bbox 693 5235 768 5291; x_wconf 78' lang='grc' dir='ltr'><strong>οωμα</strong></span> <span class='ocrx_word' id='word_1_572' title='bbox 779 5211 905 5271; x_wconf 72' lang='lat' dir='ltr'>alvarmt’</span> <span class='ocrx_word' id='word_1_573' title='bbox 912 5217 986 5272; x_wconf 74' lang='grc' dir='ltr'>ἑαυτὸ</span> <span class='ocrx_word' id='word_1_574' title='bbox 995 5218 1023 5272; x_wconf 76' lang='lat' dir='ltr'>rb</span> <span class='ocrx_word' id='word_1_575' title='bbox 1033 5221 1110 5284; x_wconf 79' lang='grc' dir='ltr'><strong>ζῶον,</strong></span> <span class='ocrx_word' id='word_1_576' title='bbox 1158 5217 1214 5271; x_wconf 82' lang='grc' dir='ltr'><strong>τόν</strong></span> <span class='ocrx_word' id='word_1_577' title='bbox 1207 5216 1303 5367; x_wconf 43' lang='grc' dir='ltr'><strong>(ἐνδεῖς</strong></span> <span class='ocrx_word' id='word_1_578' title='bbox 1285 5217 1339 5271; x_wconf 68' lang='lat' dir='ltr'>ibt</span> <span class='ocrx_word' id='word_1_579' title='bbox 1348 5201 1462 5291; x_wconf 75' lang='grc' dir='ltr'><strong>προκρίνε</strong></span> <span class='ocrx_word' id='word_1_580' title='bbox 1463 5236 1504 5271; x_wconf 78' lang='lat' dir='ltr'>in</span> <span class='ocrx_word' id='word_1_581' title='bbox 1520 5214 1769 5291; x_wconf 75' lang='grc' dir='ltr'><strong>μὴβονλννράριιννς,</strong></span> <span class='ocrx_word' id='word_1_582' title='bbox 1779 5211 1827 5268; x_wconf 61' lang='lat' dir='ltr'>wil</span> <span class='ocrx_word' id='word_1_583' title='bbox 1841 5204 1894 5277; x_wconf 49' lang='lat' dir='ltr'>‘W</span> 
     </span>
     <span class='ocr_line' id='line_1_59' title="bbox 1159 5318 1347 5372; baseline -0.006 -18"><span class='ocrx_word' id='word_1_584' title='bbox 1159 5318 1347 5372; x_wconf 59' lang='lat' dir='ltr'>wpmm</span> 
     </span>
    </p>
   </div>
   <div class='ocr_carea' id='block_1_16' title="bbox 371 5473 727 5535">
    <p class='ocr_par' dir='ltr' id='par_1_24' title="bbox 371 5473 727 5535">
     <span class='ocr_line' id='line_1_60' title="bbox 371 5473 727 5535; baseline 0.028 -19"><span class='ocrx_word' id='word_1_585' title='bbox 371 5473 381 5516; x_wconf 85' lang='lat' dir='ltr'>t</span> <span class='ocrx_word' id='word_1_586' title='bbox 396 5474 447 5531; x_wconf 81' lang='lat' dir='ltr'>cap.</span> <span class='ocrx_word' id='word_1_587' title='bbox 460 5487 515 5522; x_wconf 83' lang='lat' dir='ltr'>mr.</span> <span class='ocrx_word' id='word_1_588' title='bbox 524 5500 551 5512; x_wconf 92' lang='lat'><em>-</em></span> <span class='ocrx_word' id='word_1_589' title='bbox 564 5478 578 5522; x_wconf 76' lang='lat' dir='ltr'>t</span> <span class='ocrx_word' id='word_1_590' title='bbox 590 5479 642 5535; x_wconf 81' lang='lat' dir='ltr'>Gap.</span> <span class='ocrx_word' id='word_1_591' title='bbox 654 5491 727 5526; x_wconf 81' lang='lat' dir='ltr'>min.</span> 
     </span>
    </p>
   </div>
   <div class='ocr_carea' id='block_1_17' title="bbox 0 0 1982 6164">
    <p class='ocr_par' dir='ltr' id='par_1_25' title="bbox 0 0 1982 6164">
     <span class='ocr_line' id='line_1_61' title="bbox 0 0 1982 6164; baseline 0 0"><span class='ocrx_word' id='word_1_592' title='bbox 0 0 1982 6164; x_wconf 95' lang='lat' dir='ltr'> </span> 
     </span>
    </p>
   </div>
  </div>
 </body>
</html>
