3942 6168
301 344 361 404 2³2
804 342 1129 406 rusumurconuu
1154 343 1383 407 DOGMATUM.

303 524 429 588 prorsus
438 507 548 567 inscite
557 507 752 587 ctimperite,
763 508 878 587 quibus
887 511 1071 590 pruterlln-
1122 508 1177 569 nia
1192 528 1257 569 nou
1272 509 1364 588 plura
1376 509 1430 570 sed
1444 526 1547 570 unum
1562 508 1635 570 siut.
1653 530 1669 567 o
1686 510 1876 585 Quamobrem

302 600 436 661 selmum
457 601 661 679 opponendus
688 605 734 661 est
761 602 968 680 Augustinus,
991 620 1073 682 saepe
1123 619 1195 662 cum
1205 601 1321 662 divinae
1331 607 1450 662 netnroe
1465 601 1663 682 simplicitate
1671 603 1726 664 illa
1739 622 1828 683 quam
1836 624 1875 667 ca·

302 694 362 754 hoc
375 710 540 772 usurpans,
557 695 655 753 Deum
669 693 702 753 id
720 711 785 755 esse
799 694 883 773 quod
896 695 1010 755 hebere
1024 695 1072 755 di·
1122 693 1238 754 tholicu
1247 694 1444 755 commendet
1453 694 1540 772 tides,
1551 714 1616 756 non
1629 701 1731 774 potest
1743 696 1808 757 brec
1819 696 1877 758 illo·

303 785 394 861 citur,
410 789 504 863 etque
522 786 618 845 uideo
633 786 776 865 simplex,
787 787 842 863 eit,
858 787 983 863 dicitur,
999 789 1074 867 quie
1123 803 1195 846 rum
1213 786 1321 866 opinio
1336 786 1504 848 consistere
1519 788 1575 866 qui
1592 789 1795 867 proprietates
1808 788 1878 851 illins

303 877 387 955 quod
402 877 496 937 habet
510 877 569 937 hoc
582 884 639 952 est,
655 885 782 958 excepto
796 898 833 940 eo
849 880 932 958 quod
946 881 1073 943 relative
1124 897 1195 939 cum
1213 879 1253 939 ab
1273 879 1341 959 ipse
1353 884 1423 939 tum
1438 898 1456 939 a
1473 898 1506 940 se
1526 885 1638 940 mutuo
1656 880 1706 941 vel
1726 881 1824 959 reipsa
1838 883 1878 942 vel

303 987 435 1048 quosque
455 988 587 1049 persone
614 972 653 1031 ed
676 971 805 1032 alteram
825 971 969 1033 dicitur¹.
995 974 1074 1035 Num
1123 970 1185 1030 alio
1199 971 1293 1032 modo
1307 989 1402 1051 quem
1416 971 1576 1033 intellectu
1588 991 1625 1033 ac
1638 973 1766 1033 notione
1779 972 1878 1034 discer-

304 1061 412 1141 utique
426 1062 617 1123 Peterhubet
632 1064 756 1139 Filium,
768 1083 825 1126 nec
834 1072 938 1127 temen
949 1067 1014 1146 ipse
1028 1073 1074 1128 est
1125 1069 1205 1124 nunt
1221 1083 1229 1123 ι
1245 1064 1352 1124 «Cum
1368 1082 1425 1125 neo
1441 1064 1549 1126 divine
1562 1064 1755 1143 simplicitas,
1766 1069 1800 1124 ut
1811 1070 1879 1126 recte

305 1153 411 1228 Filius,
427 1158 459 1213 et
472 1153 568 1214 Filius
581 1155 675 1217 babet
685 1157 817 1232 Patrem,
829 1178 887 1220 neo
894 1165 1000 1221 tamen
1008 1161 1074 1240 ipse
1125 1155 1304 1234 Fulgentius
1318 1155 1418 1231 docet,
1433 1155 1653 1236 particularem
1665 1156 1726 1218 sibi
1739 1155 1880 1218 diversitos

304 1250 351 1304 est
365 1246 465 1306 Peter.
478 1247 585 1325 lnquo
602 1249 726 1327 ergoad
740 1249 877 1330 seipsum
886 1251 1001 1312 dicitur
1010 1272 1075 1313 non
1124 1254 1188 1309 tem
1208 1248 1342 1308 adscribi
1362 1248 1532 1327 permittet,
1553 1249 1637 1310 unde
1655 1268 1720 1310 nou
1739 1248 1880 1310 immerito

304 1337 498 1413 adulterum,
511 1339 719 1420 hocestquod
728 1342 832 1404 hebet.
845 1344 931 1404 Sicut
944 1345 983 1405 ad
993 1346 1074 1426 seip—
1125 1340 1344 1419 compositioni
1358 1340 1515 1419 subjaceat
1523 1338 1547 1401 ⁸.
1564 1363 1579 1399 o

305 1446 375 1489 sum
389 1429 504 1491 dicitur
515 1431 635 1509 vivens,
647 1433 789 1495 habendo
803 1435 911 1514 utiquc
926 1436 1034 1514 vitam,
1046 1446 1075 1500 et
1197 1457 1202 1466 ’

305 1522 414 1581 eadem
423 1522 487 1583 vita
501 1523 568 1602 ipse
582 1530 638 1585 est.
654 1547 669 1582 o
688 1527 739 1587 Sic
753 1527 883 1608 Prosper
899 1548 906 1588 :
927 1530 1073 1609 «Virtus,

306 1612 419 1691 inquit,
437 1616 650 1695 principaliter
670 1620 751 1679 Deus
771 1625 827 1695 est,
846 1621 896 1680 cui
909 1639 974 1682 non
990 1623 1076 1685 aliud
1334 1639 1362 1717 C
1370 1639 1480 1719 ApU
1489 1640 1522 1719 T
1564 1641 1666 1721 vm

306 1709 352 1764 est
371 1705 485 1768 habere
506 1709 654 1771 virtutem
667 1729 763 1789 quem
779 1731 844 1773 esse
862 1713 1040 1776 virtutem’.
1057 1739 1072 1774 s
1674 1705 1681 1720 ’

306 1797 481 1860 Bernardus
501 1818 625 1880 quoque
645 1804 850 1883 simplicitatis
870 1805 930 1866 boc
947 1825 1013 1867 esse
1032 1809 1077 1867 di-

305 1889 388 1949 vinae
409 1891 529 1969 usserit,
547 1895 630 1972 quod
651 1917 665 1953 u
687 1897 719 1955 in
734 1903 831 1957 semet
846 1915 977 1959 manens
993 1902 1076 1978 quod
1125 1907 1170 1969 lle
1182 1906 1284 1967 divino
1295 1905 1416 1967 monade
1429 1906 1490 1967 sice
1502 1906 1629 1974 onitate,
1645 1906 1751 1987 ecquid
1763 1907 1880 1968 indetur

305 1981 484 2044 habetest³.
497 2007 512 2042 o
530 1986 629 2059 Quare
639 1988 666 2048 si
675 1987 779 2049 differt
788 1990 828 2050 ub
838 2008 875 2050 eo
889 1992 974 2070 quod
983 1992 1078 2053 hehet
1165 2007 1319 2080 competat,
1336 2018 1429 2080 quoue
1442 2000 1566 2060 rotrone.
1588 1998 1687 2061 Varia
1699 1997 1736 2059 de
1750 2019 1783 2060 eo
1800 2018 1830 2059 re
1845 2019 1882 2060 rr

306 2079 418 2135 nature
432 2077 499 2153 Dei,
515 2078 600 2138 velut
616 2098 635 2139 e
650 2081 804 2159 sapientia
820 2086 851 2142 θῖ
862 2082 995 2161 justitia,
1011 2103 1076 2146 non
1166 2100 1261 2152 terum
1287 2092 1446 2160 sententio,
1473 2092 1588 2173 purtim
1608 2091 1763 2161 orbatium,
1780 2092 1881 2173 purtim

306 2166 366 2226 erit
374 2167 517 2248 simplex.
528 2171 628 2250 Atque
638 2178 673 2232 ut
685 2174 807 2234 Greecos
821 2175 926 2236 Graeco
941 2178 1077 2238 maxime
1165 2184 1345 2266 sepontium.
1378 2183 1502 2264 Utnooe
1526 2202 1617 2263 porro
1643 2182 1882 2251 decurrendum!

306 2264 383 2319 teste
411 2262 646 2340 convincamus,
671 2266 909 2327 meminerimus
936 2275 1077 2330 sunctum
1165 2276 1327 2339 ostorditur
1346 2275 1440 2337 mam
1461 2276 1608 2356 eoquuito
1633 2274 1762 2356 quodum
1785 2276 1882 2336 rotr'oru

306 2352 479 2413 Maximum
488 2355 571 2432 quod
581 2357 672 2435 peulo
680 2364 752 2419 ante
764 2363 1077 2423 commemoravimus
1165 2368 1319 2431 modom
1332 2368 1484 2430 essentium
1494 2387 1583 2427 unum
1593 2386 1661 2436 esse,
1675 2368 1735 2428 imo
1745 2368 1879 2428 unitatem.

307 2442 408 2504 dicere
424 2446 517 2506 Deum
531 2465 588 2508 esec
603 2448 873 2511 immortalitatem.
892 2452 955 2513 Nec
970 2458 1077 2515 tamen

210 2548 214 2556 ·
307 2534 451 2613 ignorare
461 2538 561 2616 potuit
575 2542 748 2621 qnodepud
757 2543 939 2621 Apostolum
949 2545 1075 2625 legeret,
1167 2542 1190 2603 l.
1214 2543 1331 2604 Divinae
1347 2547 1469 2602 neturee
1482 2540 1709 2620 simplicitatem
1725 2540 1881 2620 quamlon·

307 2626 402 2688 Deum
417 2628 522 2691 labere
537 2632 790 2695 immortalitatem
803 2634 826 2695 ⁸.
844 2637 924 2716 Ergo
938 2638 1022 2698 idem
1032 2646 1078 2701 est
1126 2654 1166 2715 gu
1185 2635 1392 2714 disputatione
1408 2632 1705 2709 commendavimus,
1727 2633 1881 2713 plurimum

306 2719 340 2780 in
359 2721 501 2783 Decesse
517 2725 602 2802 quod
617 2726 732 2788 hebere
745 2728 1023 2805 immortalitatem,
1034 2733 1078 2793 vi·
1126 2727 1290 2789 illustrabit
1315 2745 1351 2788 ee
1374 2744 1469 2805 quem
1496 2725 1555 2785 hoc
1581 2725 1678 2803 capite
1704 2727 1880 2805 suscipimus,

305 2817 370 2873 tem
380 2821 411 2874 et
424 2822 543 2877 csetera.
564 2819 658 2879 «Nou
673 2820 758 2880 cuim
767 2826 815 2880 θεῖ
827 2822 912 2883 eliud
926 2826 1078 2903 sapientia
1098 2824 1106 2851 '
1126 2821 1264 2900 ejusdem
1277 2818 1456 2881 substantie
1476 2827 1580 2898 melec<
1593 2818 1658 2878 sive
1677 2824 1763 2888 ἐνάδος
1779 2818 1832 2878 hoc
1845 2823 1882 2879 esi

306 2905 384 2984 ejus,
400 2908 486 2969 eliud
499 2911 705 2987 esseutia,eui
718 2914 778 2974 hoc
791 2919 837 2973 est
851 2933 916 2975 esse
931 2917 1014 2994 qued
1028 2936 1076 2978 se-
1127 2914 1254 2975 unitutie
1281 2911 1453 2992 explicatio.
1479 2911 1558 2971 Sunt
1584 2910 1669 2970 enim
1692 2909 1747 2969 illa
1768 2910 1881 2969 invicem

305 2998 444 3078 pientem
458 3020 557 3079 esse,»
567 3005 820 3083 aitAugustinus‚
833 3011 879 3067 et:
899 3008 1077 3087 «Quidquid
1126 3007 1219 3068 umbo
1232 3023 1383 3079 connexa,
1398 3009 1434 3063 ut
1450 3024 1466 3062 u
1479 3003 1563 3083 quod
1577 3008 1689 3062 nauus
1704 3003 1834 3063 maxime
1846 3006 1882 3062 est

306 3093 476 3154 secundum
486 3096 650 3173 qualitates
664 3097 728 3157 illic
742 3098 804 3158 dici
818 3098 953 3175 videtur,
970 3119 1077 3162 secun·
1126 3099 1257 3177 simplex
1270 3102 1301 3158 et
1315 3096 1410 3171 idem,
1428 3096 1461 3156 id
1474 3094 1629 3174 praecipue
1647 3095 1686 3154 sit
1704 3112 1814 3168 unum,
1827 3115 1840 3151 o
1854 3099 1882 3153 ut

305 3183 382 3244 dum
391 3186 596 3247 substantium
610 3189 833 3251 velessentiem
843 3198 889 3251 est
903 3192 1077 3271 iutelligen-
1126 3192 1169 3252 eit
1182 3191 1348 3269 Gregorius
1360 3184 1600 3249 Nazianzenus&
1617 3186 1678 3245 Sed
1700 3191 1773 3246 unte
1795 3185 1882 3246 omnio

305 3275 392 3336 dum.
409 3277 498 3337 Absit
517 3281 603 3339 enim
617 3286 653 3340 ut
667 3282 795 3360 spiritus
812 3283 983 3344 secundum
1001 3286 1075 3346 snb-
1126 3284 1205 3344 ratio
1219 3283 1286 3362 ipsu
1298 3280 1509 3359 cognoscenda
1519 3285 1565 3339 est
1577 3277 1704 3338 unitatis
1717 3278 1766 3338 vel
1781 3278 1880 3349 onim,

306 3369 452 3429 stantium
467 3370 587 3431 dicatur
606 3373 703 3451 Deus,
720 3378 752 3433 et
777 3373 878 3434 bonus
904 3378 1077 3439 secundum
1126 3393 1221 3456 quam
1243 3375 1277 3434 in
1301 3371 1514 3453 Metopbysicis
1535 3369 1662 3450 exponit
1685 3366 1880 3431 Aristoteles⁸.

306 3461 496 3539 qualitatem,
513 3464 567 3524 sed
580 3467 1078 3543 utrumqueseoundumsubsten-
1127 3469 1172 3528 Ex
1194 3485 1257 3547 quo
1280 3470 1400 3526 certum
1424 3469 1470 3524 θεῖ
1490 3461 1572 3523 istud
1591 3462 1747 3541 imprimis
1765 3462 1820 3523 clici
1835 3462 1882 3521 hoc

305 3552 416 3614 bamb
433 3575 448 3612 o
1126 3577 1227 3621 unum
1249 3557 1334 3638 quod
1355 3574 1420 3616 non
1440 3559 1487 3616 est
1511 3555 1645 3616 divisum
1665 3572 1702 3614 ec
1726 3553 1879 3633 multiplex.
1956 3538 1957 3551 ¹

347 3646 439 3706 xvu.
463 3647 566 3708 Redeo
586 3650 622 3708 ad
647 3650 830 3711 Anselmum
850 3652 905 3729 qui
925 3653 959 3711 in
977 3655 1076 3734 capite
1125 3654 1205 3714 Nam
1215 3647 1510 3731 «queecumque,ait,
1518 3647 1701 3707 divisionem
1711 3664 1777 3706 non
1784 3645 1881 3707 habent

305 3737 521 3800 decimosexto
532 3740 1075 3822 llonoloqiipostquamstatuitsum-
1125 3735 1877 3825 qiiaunmnonhment,eoipsodicunuounumu

306 3848 390 3891 mam
404 3838 548 3893 naturam
561 3833 892 3914 totbonispraeditam,
903 3837 954 3897 vel
970 3857 1076 3899 «com-
1125 3839 1163 3898 Et
1184 3830 1358 3899 Maximus⁹
1376 3852 1413 3892 :o
1432 3831 1501 3907 Qui,
1525 3831 1637 3910 inquit,
1658 3848 1776 3891 nomen
1797 3832 1880 3910 ipsum

305 3923 438 4002 positam
461 3944 526 3986 essc
547 3932 593 3986 tot
613 3926 755 4006 pluribus
778 3927 880 4005 honis,
901 3929 950 3988 vel
971 3933 1075 4010 potius
1126 3931 1218 3990 unius
1236 3925 1380 4007 appellet,
1396 3922 1630 4003 multiplicitatis
1645 3921 1879 4001 negationemsi·

304 4033 369 4076 non
388 4035 453 4078 csse
470 4017 561 4096 plure
578 4018 661 4079 bona
680 4021 734 4081 sed
754 4039 854 4081 unum
872 4022 992 4082 bonum
1009 4030 1075 4085 tam
1124 4022 1304 4101 gnificatt»
1322 4018 1407 4078 idem
1421 4022 1526 4077 eutem
1539 4016 1718 4076 Aristoteles
1726 4015 1785 4077 dici
1798 4029 1880 4075 unum

305 4108 446 4188 pluribus
461 4111 641 4173 nominibus
656 4112 876 4191 significatum,
888 4135 904 4172 ε
920 4116 1076 4194 posterius
1124 4115 1225 4176 modis
1238 4110 1359 4173 duobus
1372 4108 1425 4184 ait,
1441 4109 1538 4169 altero
1558 4116 1621 4169 κατὰ
1634 4115 1785 4187 <ruptaeque
1798 4125 1832 4167 eo·
1841 4122 1879 4164 oc·

303 4200 363 4262 hoc
373 4203 434 4262 Deo
449 4204 626 4279 convenire,
642 4205 728 4283 prius
741 4211 847 4265 eutem
856 4206 1022 4268 abhorrere
1036 4209 1075 4268 ab
1123 4206 1242 4277 ridenti,
1259 4202 1343 4283 quod
1353 4207 1398 4262 est
1410 4210 1474 4263 κατὰ
1487 4210 1517 4263 rt
1530 4209 1690 4281 ὑποκείμενον
1704 4200 1818 4260 ratione
1828 4195 1880 4258 ut

304 4292 388 4353 illius
408 4293 559 4372 dignitate
582 4297 627 4356 sic
645 4297 779 4356 ostendit
800 4317 807 4356 :
834 4319 850 4355 o
870 4299 969 4358 Omne
989 4301 1075 4360 enim
1116 4298 1206 4379 jecti,
1222 4302 1258 4357 ut
1278 4314 1318 4356 ex
1336 4294 1472 4371 subjecto
1494 4299 1525 4353 et
1544 4311 1581 4353 eo
1603 4293 1687 4372 qnod
1705 4292 1777 4354 huic
1789 4287 1881 4352 occidit

304 4387 510 4464 compositum
523 4388 714 4448 utsubsistut
725 4388 904 4467 indigethis
914 4391 1075 4469 exquibus
1124 4408 1225 4451 unum
1251 4387 1319 4449 lieri
1345 4386 1468 4460 dicitur,
1498 4403 1537 4446 ex
1564 4385 1697 4445 rendore
1725 4389 1757 4445 et
1782 4383 1880 4463 pmiete

304 4478 513 4555 componitur,
528 4485 560 4539 et
579 4479 642 4540 illis
662 4480 754 4540 debet
771 4481 900 4559 quidem
918 4482 1002 4561 quod
1016 4488 1072 4558 est,
1124 4481 1302 4543 candidum.
1314 4480 1391 4539 item
1405 4496 1475 4557 quse
1490 4477 1581 4557 plura
1596 4476 1699 4537 eidem
1712 4477 1846 4537 accidunt
1855 4476 1881 4531 et

304 4567 379 4645 quia
399 4569 550 4649 quidquid
571 4577 627 4642 est,
646 4571 772 4650 perillo
791 4579 852 4647 est,
870 4579 900 4633 ct
917 4574 972 4633 illa
990 4575 1075 4653 quod
1124 4575 1289 4647 inhaerent,
1305 4587 1406 4630 unum
1425 4570 1507 4629 inter
1533 4588 1566 4630 se
1590 4574 1674 4644 sunt,
1694 4568 1741 4628 uti
1763 4566 1880 4630 musicus

305 4664 388 4731 sunt,
411 4679 467 4739 per
486 4662 564 4722 illud
579 4681 644 4722 non
667 4670 751 4739 sunt,
767 4668 799 4723 et
818 4664 932 4726 idcirco
950 4667 1074 4745 penitus
1124 4666 1207 4726 idem
1221 4664 1359 4742 etjustus
1372 4666 1429 4721 est.
1447 4661 1553 4722 Altero
1569 4661 1663 4721 modo
1679 4678 1735 4740 per
1753 4679 1786 4722 se
1798 4671 1880 4719 unum

305 4769 465 4813 summum
478 4760 609 4829 nonest,
625 4760 682 4815 etc.
695 4756 772 4816 Cum
786 4755 884 4835 igitur
896 4757 950 4817 ille
963 4764 1075 4819 ueture
1124 4762 1262 4833 vocatru,
1278 4755 1372 4833 idque
1384 4753 1469 4813 varie
1485 4752 1525 4813 eb
1540 4753 1651 4813 eodem
1665 4752 1823 4813 Aristotele
1834 4746 1880 4809 db

305 4844 391 4905 nullo
415 4846 509 4906 modo
536 4848 706 4926 composita
730 4847 781 4923 sit,
807 4854 965 4910 ettamen
987 4851 1074 4911 omni
1123 4849 1270 4910 tribuitur
1284 4844 1321 4906 ¹⁰.
1342 4845 1402 4906 Sed
1415 4845 1497 4905 huno
1506 4845 1604 4905 solem
1618 4863 1657 4905 ex
1671 4844 1881 4904 eodivisionem

304 4938 397 4998 modo
411 4943 457 4999 tot
470 4938 679 5015 illebonasit,
694 4957 818 5001 necesse
831 4946 878 5002 est
891 4946 926 5002 ut
939 4941 1073 5003 illeom-
1124 4942 1277 5003 sumimus
1306 4953 1400 5018 quam
1425 4941 1456 4997 θῖ
1484 4938 1692 4999 Damascenus
1718 4931 1881 4997 edbibelel

341 5132 363 5171 a
380 5116 445 5174 Nm.
466 5111 511 5178 el<
521 5115 547 5170 δὲ
558 5116 623 5185 ἁπλῆ
633 5118 712 5189 φύσις,
727 5119 768 5172 καὶ
786 5102 815 5173 eb
835 5114 898 5173 εἶναι
907 5118 1008 5185 ταύτὸν,
1019 5121 1075 5173 roi-
1126 5118 1189 5193 ἔχει,
1200 5118 1275 5192 ταύτῃ
1288 5120 1314 5172 lv
1323 5118 1431 5190 λέγεται.

305 5199 582 5273 ῖῡῑεκαῖῒδὲῖκῦρῑῡῖ·
1161 5218 1176 5258 0
1194 5203 1300 5259 Mulli.
1323 5200 1443 5273 Αὖτὸγὰρ
1462 5199 1491 5253 rb
1501 5199 1582 5272 ὄνομα
1598 5198 1628 5252 rb
1646 5198 1673 5253 lv
1692 5197 1707 5252 ὁ
1724 5198 1815 5270 λέγων,
1830 5184 1880 5245 mi
1956 5212 1957 5215 ’

342 5283 359 5337 b
378 5283 469 5337 lurs'r.
488 5283 600 5338 Καθόλου
610 5284 667 5357 γὰρ,
679 5286 726 5339 ὅσα
746 5286 779 5357 μὴ
799 5284 987 5359 ἔχειδιαῖρτσιν,
1007 5281 1023 5359 ᾖ
1044 5285 1077 5359 μὴ
1126 5286 1247 5358 ἀπόφασιν
1258 5289 1302 5340 τοῦ
1311 5285 1458 5340 concubuit
1467 5287 1542 5337 τοῦτο
1550 5282 1674 5355 σημαίνει.
1956 5296 1957 5299 ’

333 5434 405 5479 suu
421 5435 449 5478 11.
462 5436 489 5479 aa
501 5435 564 5479 civo.
577 5436 623 5479 oe.
636 5446 684 5489 cap.
697 5437 765 5481 1.-o
780 5436 843 5481 cont.
857 5438 909 5482 0011.
924 5450 972 5493 up.
985 5438 1103 5481 nvn-s
1113 5439 1183 5483 scm
1196 5436 1230 5481 eo.
1242 5422 1269 5481 u
1285 5435 1404 5483 sau-s
1415 5435 1489 5481 rum.
1507 5446 1538 5480 u.
1555 5433 1645 5479 ro.-s
1656 5432 1704 5477 no.
1721 5432 1765 5477 xv.
1778 5431 1804 5475 u
1814 5423 1879 5472 nutt-

307 5510 355 5555 eop.
368 5510 416 5542 xm.
425 5498 472 5541 -8
485 5497 533 5541 lib.
545 5498 563 5540 l.
575 5498 604 5539 ot
615 5497 708 5542 meum.
721 5508 770 5552 cop.
784 5501 871 5544 iix-'l
884 5499 944 5545 Orat.
959 5512 1024 5546 mu.
1032 5499 1156 5544 -ttArlst
1170 5500 1210 5544 llb.
1225 5499 1261 5544 lv.
1277 5499 1369 5553 uuam.
1383 5509 1432 5554 cap.
1445 5509 1475 5541 u.
1483 5497 1532 5543 -9
1543 5495 1577 5541 aa
1590 5507 1639 5551 cap.
1650 5506 1699 5539 xru.
1711 5494 1774 5540 lllou.
1786 5493 1810 5536 de
1819 5486 1878 5533 bivio
1956 5512 1957 5557 3

306 5572 365 5606 nom.
374 5560 435 5604 -lo
446 5560 503 5605 illul.
517 5571 565 5616 cap.
577 5569 656 5603 mvii.
