3956 6168
349 329 400 390 DE
420 327 494 389 uuo
515 327 658 400 DEIQUE
677 323 1019 400 PROPRIETATIBUS,
1041 324 1113 386 ΗΒ.
1137 324 1188 401 lV,
1210 324 1294 387 (ᾺΡ.
1313 323 1367 385 ΧΙ.
1594 323 1652 384 397

77 495 150 557 cedit
161 494 266 556 oratio.
279 495 324 555 Aa
341 493 464 556 tametsi
478 493 539 554 diei
552 494 612 555 hoc
625 498 707 555 reete
723 510 832 554 conce·
881 492 1139 570 quaestionario,
1150 510 1240 572 equo
1249 490 1459 553 hicnonnulla
1468 491 1651 553 describam.

76 587 194 663 damus,
231 586 394 666 theologiae
425 592 531 647 tamen
567 586 744 647 meminisse
775 603 832 645 nos
882 583 1023 644 Primum
1035 585 1177 646 idearum
1191 602 1308 646 nomen
1321 584 1365 644 sie
1386 583 1550 645 aPlatone
1564 602 1654 645 exco-

76 685 187 758 oportet
198 696 268 757 quea
286 678 379 739 dicit:
403 679 477 739 Hae
499 677 557 738 tibi
580 696 645 739 non
661 676 781 738 ostendi
797 681 833 737 ut
880 674 1013 752 gitatum
1028 675 1081 753 ait,
1098 682 1212 738 utnon
1232 677 1352 757 primus
1369 693 1437 736 rem
1451 693 1488 737 eo
1501 675 1652 737 vocabulo

75 770 204 831 ambules
215 770 360 850 postilla,
376 770 430 832 sed
449 776 486 831 ut
503 788 559 850 per
572 769 764 848 analogicum
778 786 831 829 eo·
881 765 1068 830 declaratam
1082 770 1245 845 invenerit,
1265 773 1417 848 watenes
1435 775 1517 829 touta
1535 766 1570 828 in
1587 768 1653 830 istis

74 881 138 924 ruru
161 863 303 924 notitiam
331 863 370 924 ad
397 864 615 924 universorum
645 860 832 943 principium
881 855 958 920 ideis
970 879 989 920 a
1002 861 1129 922 Platone
1143 861 1189 923 vis
1202 860 1405 935 emutituitor,
1424 867 1458 920 ut
1477 859 1538 920 uisi
1552 859 1590 920 iia
1604 860 1650 920 iu·

76 956 166 1035 quoad
185 972 349 1035 possumus
379 955 594 1017 attollamurt.
618 976 634 1013 a
664 955 750 1015 Hanc
768 953 833 1031 Cle·
880 948 998 1012 tellecta
1010 954 1125 1034 sapien
1148 972 1205 1015 esse
1224 972 1306 1014 aeuo
1323 952 1428 1034 pessit.
1443 951 1538 1032 lltqui
1559 953 1651 1014 multi

75 1047 175 1108 mentis
201 1047 283 1109 illius
310 1046 502 1127 opinionem,
532 1064 626 1127 quem
654 1047 830 1108 Romanum
879 1048 992 1120 praeter
1019 1045 1180 1107 Platonem
1204 1051 1236 1107 et
1270 1051 1343 1106 ante
1369 1045 1471 1126 ipsum
1498 1045 1652 1126 sapientes

75 1138 239 1218 pontificem
272 1139 370 1201 Graeci
406 1139 591 1219 interpretes
621 1138 774 1201 Maximus
800 1143 832 1199 et
879 1135 1056 1197 extiterant.

75 1230 210 1310 Georgius
223 1231 428 1311 Pachymeres
442 1250 507 1293 esse
516 1234 665 1307 sentiunt,
681 1230 830 1292 sieiidem
919 1227 956 1286 V.
973 1228 1059 1290 ideas
1076 1228 1211 1309 uigitrrr,
1227 1229 1327 1309 pergit
1335 1229 1538 1307 Augustinus,
1554 1228 1649 1292 latine
1710 1225 1769 1322 ἵξῃ

74 1321 291 1402 illierplicant:
308 1323 393 1383 ideas
410 1329 442 1384 et
463 1323 651 1404 exemplaria
667 1323 777 1383 uolunt
790 1323 830 1383 ab
879 1335 1043 1395 possumus
1065 1322 1116 1382 vel
1139 1322 1255 1383 formas
1275 1322 1325 1382 uel
1343 1322 1458 1402 speeies
1476 1322 1589 1399 dicere,
1614 1330 1649 1385 ut
1769 1312 1774 1322 ’

73 1413 434 1476 illumnatitutainrebus
447 1416 557 1477 creatis
572 1414 630 1476 sub
643 1432 769 1476 sensum
783 1433 830 1476 ea-
878 1411 1010 1473 verbum
1046 1432 1063 1475 e
1099 1414 1195 1475 verbo
1222 1413 1388 1475 transferre
1413 1413 1586 1476 videamur.
1616 1416 1648 1478 Si

73 1506 240 1568 mndhmet
248 1507 425 1583 individuis,
437 1513 473 1568 ut
485 1508 599 1568 horum
609 1507 829 1586 aliquaformffi
878 1508 984 1565 autem
997 1507 1133 1567 rationes
1142 1525 1194 1566 eas
1207 1522 1364 1580 vocemus,
1376 1506 1415 1566 ab
1424 1505 1649 1586 interpretandi

73 1603 164 1659 essem
183 1599 222 1660 ad
243 1617 320 1678 quas
342 1598 503 1660 inferiores
529 1604 561 1659 et
587 1599 732 1677 subjectae
753 1599 830 1661 refe·
878 1595 1004 1673 quidem
1013 1598 1400 1678 proprietatediseedimus.
1410 1598 1555 1660 Rationes
1563 1600 1648 1661 euim

72 1696 185 1765 mnan,
199 1691 284 1751 velut
297 1692 379 1770 ignis
391 1691 443 1752 ille
466 1709 529 1771 quo
540 1691 660 1752 utimur
679 1690 718 1751 ad
732 1691 828 1753 aethe·
877 1705 978 1766 graece
987 1699 1060 1770 λόγοι
1075 1689 1279 1770 appellantur,
1296 1708 1361 1750 non
1374 1691 1528 1765 ideae;sed
1540 1698 1648 1753 tamen

71 1799 153 1843 reum
168 1789 198 1844 et
214 1783 292 1844 eoelo
310 1784 462 1857 citimum,
489 1788 638 1862 tanquam
662 1782 702 1843 ad
723 1801 827 1845 exem·
877 1779 1016 1860 quisquis
1035 1781 1095 1843 hoc
1111 1782 1262 1843 vocabulo
1277 1783 1323 1844 uti
1335 1783 1479 1859 voluerit,
1500 1802 1566 1844 are
1580 1784 1646 1864 ipsa

72 1873 133 1952 pler
144 1892 231 1935 suum
244 1873 440 1935 revomunt.
455 1876 573 1936 Verum
580 1873 762 1955 Dionysium
771 1895 827 1938 ne·
877 1889 942 1932 non
960 1874 1086 1935 errabit.
1112 1876 1192 1935 sunt
1214 1893 1349 1955 namque
1368 1874 1445 1936 ideae
1463 1875 1648 1955 principales

74 1983 140 2043 gare
157 1986 206 2028 eas
224 1967 349 2048 proprie
362 1967 447 2027 ideas
455 1985 531 2029 esse.
547 1967 635 2041 Quod
649 1967 675 2027 si
696 1986 767 2047 quae
778 1987 828 2030 res
876 1963 984 2026 formae
1007 1966 1151 2044 quaedam
1173 1966 1224 2028 vel
1246 1967 1380 2028 rationes
1401 1982 1509 2029 rerum
1523 1967 1647 2029 stabiles

72 2065 171 2120 creatae
180 2058 259 2120 ideae
271 2059 486 2135 nominantur,
498 2077 563 2120 non
572 2077 624 2120 eas
632 2064 738 2120 tamen
751 2060 827 2121 ado-
876 2061 969 2136 atque
992 2056 1277 2135 incommutabiles,
1307 2076 1376 2138 quae
1403 2058 1479 2139 ipsae
1505 2057 1647 2120 formatae

71 2150 172 2211 randas
191 2169 268 2225 esse,
292 2151 557 2230 quemadmodum
576 2151 685 2212 lormae
708 2151 769 2213 illae
791 2171 828 2214 ae
876 2167 942 2209 uon
963 2155 1047 2224 umt,
1071 2169 1107 2211 ae
1125 2167 1182 2230 per
1194 2150 1254 2210 boe
1269 2156 1394 2211 aeternae
1407 2170 1443 2211 ae
1457 2169 1579 2231 semper
1593 2169 1646 2212 eo·

71 2241 166 2319 ligura
180 2262 257 2322 quas
269 2244 303 2304 in
317 2249 423 2305 monte
432 2244 510 2305 illusi
517 2243 668 2305 Dominus
680 2245 825 2323 ostendit,
876 2239 948 2302 dein
960 2243 1053 2304 modo
1064 2260 1130 2304 sese
1141 2241 1301 2317 habentes,
1314 2261 1384 2321 quae
1398 2242 1433 2303 in
1442 2242 1548 2303 divina
1559 2243 1647 2305 intel·

71 2338 101 2393 ut
117 2335 153 2395 ad
171 2354 223 2396 eas
241 2336 434 2397 tabernaculi
453 2353 658 2397 cerasorum
684 2336 826 2397 omnium
875 2331 1004 2411 ligantia
1029 2336 1239 2397 eontinentur.
1276 2335 1314 2395 Et
1340 2353 1413 2395 cum
1439 2335 1514 2415 ipsae
1545 2354 1646 2417 neque

70 2424 288 2488 fabricationem
311 2428 458 2507 exigeret,
481 2428 670 2508 exemplaria
686 2427 823 2505 bierunt,
875 2425 1017 2487 edantur
1039 2446 1141 2507 neque
1163 2428 1327 2503 intereant,
1348 2427 1519 2488 secundum
1533 2435 1645 2490 easta·

70 2517 115 2577 sed
134 2518 314 2599 neutiquam
341 2538 397 2600 pro
421 2520 534 2581 diuinis
556 2520 755 2581 veneratione
782 2521 827 2582 di·
874 2533 948 2578 men
961 2518 1090 2580 formari
1104 2520 1216 2582 dieitur
1229 2538 1323 2581 omne
1337 2520 1421 2598 quod
1434 2519 1509 2580 oriri
1522 2525 1554 2581 et
1565 2521 1645 2583 inte-

69 2610 190 2685 granda.
874 2607 937 2670 rire
950 2616 1061 2689 potest,
1077 2616 1109 2672 et
1122 2630 1215 2674 omne
1235 2614 1318 2692 quod
1339 2611 1438 2673 oritur
1454 2619 1486 2673 et
1499 2612 1642 2674 interit.»

103 2702 161 2781 ligo
178 2720 251 2764 rere
274 2704 364 2764 aliter
382 2703 574 2765 Clementem
587 2702 825 2781 intelligendum
875 2700 1005 2780 Subjicit
1017 2712 1239 2784 argumentum
1260 2705 1366 2784 quod
1357 2723 1392 2765 ιιι
1405 2705 1469 2765 Deo
1483 2722 1548 2766 esse
1561 2705 1645 2767 ideas
1669 2698 1818 2806 {mg-{2⁸2

69 2792 189 2854 arbitror
208 2813 332 2856 necnon
346 2795 542 2875 Dionysium,
560 2813 596 2855 ae
611 2813 675 2856 non
688 2800 825 2874 aspecta·
875 2794 1018 2869 ostendit,
1036 2797 1120 2874 quod
1138 2814 1232 2857 nemo
1256 2797 1295 2857 sit
1317 2797 1393 2876 quin
1419 2818 1435 2853 a
1448 2796 1642 2876 profiteatur,
1722 2812 1764 2848 tur·

70 2881 259 2966 hilesspeeies
279 2892 311 2947 et
326 2887 525 2966 particidares
542 2887 582 2947 ab
606 2886 659 2946 illo
672 2904 729 2966 pro
748 2887 826 2948 ideis
875 2886 980 2946 omnia
1003 2905 1073 2965 quae
1095 2893 1179 2965 sunt,
1200 2887 1303 2963 idest,
1320 2888 1644 2967 quercumqueinsuo

69 2983 203 3057 sumptas,
227 2978 504 3058 sedintelligibiles
520 2984 647 3038 naturas
661 2978 699 3039 de
713 2978 825 3057 quibus
873 2994 988 3054 genere
1001 2979 1127 3059 propria
1140 2980 1275 3058 quadam
1298 2985 1412 3039 natura
1431 2980 1642 3060 eontinentur,

69 3070 155 3148 capite
176 3071 380 3145 antecedenti,
402 3077 433 3131 et
456 3070 596 3151 Dionysii
615 3070 653 3131 de
679 3069 739 3130 illis
758 3071 823 3151 opi·
874 3075 910 3130 ut
935 3071 1008 3147 sint,
1034 3074 1096 3131 lleo
1119 3077 1244 3132 auctore
1265 3090 1330 3132 esse
1353 3077 1524 3151 procreata,
1544 3092 1645 3153 eoque

69 3159 151 3222 uione
173 3162 306 3223 multum
325 3161 456 3240 egimus.
478 3164 539 3222 Has
558 3162 642 3222 enim
663 3162 747 3222 ideas
759 3181 824 3223 non
873 3167 1000 3222 auctore
1014 3163 1120 3223 omnia
1131 3182 1202 3243 quae
1216 3163 1326 3223 vivum
1339 3163 1454 3239 rivere,
1469 3169 1561 3244 atque
1575 3167 1645 3227 uni·

68 3249 194 3313 absolute
207 3254 406 3329 etuniverse,
421 3253 476 3314 sed
494 3254 720 3332 quadamtenus
742 3261 773 3315 et
787 3274 825 3315 ex
873 3254 1024 3315 versalem
1043 3273 1150 3317 rerum
1176 3255 1421 3316 incolumitatem
1439 3256 1644 3337 ordinemque

68 3344 371 3419 parteClemensesse
385 3345 494 3421 volitit,
509 3346 623 3406 hoeest
636 3346 825 3426 aptataquia
873 3344 987 3424 ipsum,
1013 3364 1075 3426 quo
1095 3365 1132 3407 ea
1155 3366 1225 3428 quae
1246 3351 1420 3423 mutantur,
1437 3354 1642 3429 suostampo-

68 3433 246 3513 singularum
270 3456 377 3499 rerum
397 3455 462 3499 suaa
485 3438 618 3518 propriae
637 3442 710 3498 sunt
723 3438 821 3500 ideae:
873 3437 952 3499 rales
979 3457 1086 3500 cursus
1113 3445 1196 3500 certo
1230 3439 1442 3500 moderamine
1475 3440 1642 3519 celebrant,

68 3526 216 3591 telutidea
225 3530 442 3611 estoqui,idea
450 3528 821 3608 huminis,ideajustitiae,
873 3531 988 3591 summi
1017 3531 1071 3593 Dei
1096 3530 1217 3610 legibus
1231 3531 1383 3592 contineri
1408 3536 1439 3593 et
1461 3533 1642 3611 gubernari.

67 3622 92 3676 et
110 3627 299 3696 eaeterorum,
314 3628 350 3682 ut
364 3640 382 3682 a
397 3621 532 3682 Platonis
546 3622 701 3683 sententia
719 3623 824 3683 minus
873 3622 940 3694 Quo
961 3624 1127 3684 constituto
1153 3629 1246 3703 atque
1268 3642 1422 3700 concesso,
1443 3625 1513 3703 quis
1532 3626 1645 3686 audeat

68 3713 210 3775 recederet
223 3721 254 3775 et
271 3733 309 3775 eo
326 3713 427 3774 solum
442 3713 686 3793 differret,quod
700 3714 823 3775 easdem
873 3714 974 3775 dicere
1000 3715 1100 3776 Deum
1126 3714 1378 3776 irrationabiliter
1404 3718 1511 3777 omnia
1536 3718 1642 3778 condi·

68 3800 167 3866 lormas
188 3806 378 3867 universales
398 3811 471 3867 ante
494 3806 543 3867 vel
563 3810 651 3867 eruo
664 3806 825 3868 individua
872 3805 976 3867 disse?
995 3806 1084 3880 Quod
1097 3805 1123 3866 si
1136 3814 1217 3867 reete
1231 3806 1291 3867 diei
1305 3812 1337 3868 et
1354 3807 1438 3868 credi
1452 3826 1516 3869 non
1531 3814 1641 3887 potest,

67 3895 251 3959 subsistentes
269 3917 334 3958 non
356 3902 497 3978 poneret.
517 3898 557 3960 at
571 3898 737 3978 Dionysius
754 3899 824 3961 illas
872 3902 966 3959 restet
991 3905 1027 3958 ut
1053 3898 1158 3959 omnia
1184 3898 1304 3958 ratione
1328 3899 1391 3959 sint
1424 3900 1558 3976 condita,
1585 3920 1644 3963 nec

67 3983 165 4050 idcireo
187 3990 344 4050 nominari
370 3989 453 4051 ideas
480 3990 625 4069 credique
652 4009 717 4051 non
743 3992 821 4068 uult,
872 3991 981 4051 eadem
1007 3989 1127 4052 ratione
1145 3989 1240 4050 homo
1262 4006 1324 4067 qua
1347 4008 1461 4069 equus;
1484 3992 1543 4052 hoc
1557 3992 1642 4054 euim

67 4082 200 4156 uariam
208 4081 400 4160 exemplares
408 4081 709 4143 formassetuosaset
717 4101 823 4144 rerum
871 4081 1042 4142 ebandum
1056 4086 1102 4142 est
1115 4079 1301 4141 existimare.
1318 4080 1448 4160 Singula
1461 4082 1556 4161 igitur
1568 4103 1641 4163 pro·

67 4169 217 4235 efficientes
231 4192 297 4235 esse
315 4177 414 4252 putat,
431 4179 550 4234 nauum
559 4178 664 4234 autem
673 4173 735 4235 illae
744 4176 823 4236 nihil
872 4173 947 4252 priis
959 4178 1032 4234 sunt
1046 4176 1148 4233 ereata
1156 4171 1338 4232 rationibus.
1353 4174 1414 4235 llas
1427 4180 1534 4235 autem
1546 4176 1641 4237 ratio-

66 4260 185 4344 inopus
202 4270 316 4345 praeter
339 4266 458 4325 nudam
471 4265 520 4326 sui
532 4265 741 4327 ostensionem
751 4285 822 4328 con-
869 4282 925 4325 nes
949 4264 1004 4325 ubi
1030 4263 1247 4324 arbitrandum
1268 4269 1314 4324 est
1339 4281 1414 4339 esse,
1439 4266 1500 4326 nisi
1521 4265 1556 4327 in
1575 4267 1643 4347 ipsa

66 4351 167 4416 lerant.
869 4354 1642 4438 mentecreatoris‘lNoneuimextrasequidquam

99 4446 180 4509 Nune
198 4453 233 4509 ut
246 4447 284 4508 de
298 4447 375 4509 ideis
388 4447 502 4508 certius
515 4447 632 4528 aliquid
651 4454 682 4509 et
699 4468 822 4512 acerua-
869 4449 1003 4528 positum
1028 4448 1179 4524 intuetur,
1210 4452 1246 4507 ut
1272 4448 1443 4510 seeundum
1470 4449 1502 4510 id
1531 4453 1642 4512 consti·

65 4535 116 4598 tius
128 4558 163 4600 ex
175 4540 376 4619 antiquorum
387 4538 506 4619 placitis
515 4558 672 4615 eruamus,
683 4542 821 4622 primum
869 4546 971 4602 tueret
988 4539 1072 4620 quod
1095 4538 1318 4615 constituebat3
1347 4558 1422 4601 uam
1444 4541 1503 4604 hoe
1521 4543 1642 4623 opinari

65 4628 241 4708 Augustinus
267 4632 440 4693 audiendus
473 4636 544 4709 est,
579 4632 667 4711 cujus
695 4633 821 4695 illustris
869 4633 1053 4712 sacrilegum
1076 4637 1133 4693 est.
1157 4632 1245 4706 Quod
1269 4632 1296 4691 si
1309 4631 1358 4693 hae
1372 4651 1480 4696 rerum
1494 4637 1641 4698 creanda-

65 4721 142 4784 ralde
152 4724 238 4785 locus
250 4724 344 4785 estin
357 4723 438 4785 libro
454 4723 607 4805 Octoginta
627 4726 820 4806 quaestionum
869 4744 953 4803 rum,
972 4730 1183 4787 creatarumve
1207 4724 1342 4784 rationes
1357 4725 1392 4785 in
1412 4727 1518 4789 divina
1536 4735 1642 4790 mente

94 4925 196 4981 allicit.
204 4924 271 4982 ibid.
278 4923 340 4978 Elbl
353 4924 512 4997 ὀφιλόοοφος
521 4924 587 4988 ἄξιοι
599 4925 651 4995 litt
635 4926 749 4998 pareat
761 4928 820 5000 πρός
868 4927 949 4983 ὀπίσω
964 4926 1054 4981 οὔτῶν
1071 4923 1153 4979 ἀλλ”ί
1152 4944 1183 4977 να
1197 4924 1293 4992 ὃιᾶτῆς
1307 4925 1399 4980 totam
1414 4924 1560 5000 ἂναλογικῆς
1574 4934 1640 5004 qud>-

65 5008 271 5080 τικοροδιὶγματα
292 5008 415 5080 λέγεσθαι,
437 5007 469 5062 τὰ
488 5007 512 5061 ἐν
528 5010 581 5070 τοῖς
595 5004 663 5061 οὖσιν
679 5008 818 5082 ἄρχηγιιιώ-
868 5030 930 5073 οεως
943 5008 1036 5075 tultis
1051 5008 1149 5061 πάντων
1158 5000 1349 5070 αἰτίανωςοῖοί
1359 5005 1474 5079 catapli
1484 5008 1636 5085 daupidane.

64 5104 123 5160 τερα,
142 5094 234 5164 πρόεισι
253 5090 297 5162 μὲν
319 5088 348 5142 οὗ
370 5090 411 5143 διὰ
429 5092 505 5163 euplo
484 5111 535 5153 ω,ν
557 5093 597 5144 καὶ
618 5093 755 5156 παντελῶν,
779 5094 820 5146 καὶ
905 5093 1044 5149 szxtu
1061 5090 1093 5145 in
1111 5089 1190 5144 Dion.
1214 5089 1262 5141 'l'bt
1284 5084 1328 5142 olla
1349 5089 1414 5161 ἱερὸν
1436 5091 1568 5163 Κλήμεντά
1582 5116 1640 5167 φησι

64 5169 149 5237 tatae
167 5174 297 5245 ὀνομάτων
313 5173 413 5245 itaqu
436 5172 514 5247 atra
539 5173 766 5247 ωγχωροΰνταςδὲ
779 5177 820 5229 καὶ
868 5176 978 5248 ligatam
967 5168 1029 5228 εἶναι
1044 5172 1086 5226 καὶ
1102 5170 1178 5225 tuot
1165 5190 1187 5232 ις
1200 5173 1320 5243 ποιήμασι
1334 5171 1641 5249 παραδείγματογεννικώ.

65 5258 129 5308 reato
152 5256 228 5329 ὀρθῶς
254 5255 378 5327 λέγεσθαι,
409 5260 454 5323 τῆς
474 5257 602 5330 θεολογίας
640 5260 819 5331 μνημονευτέον
868 5277 936 5330 τερα·
947 5259 1016 5326 ἤτοι
1031 5255 1095 5318 ἰδέας
1109 5261 1159 5308 τῶν
1173 5255 1234 5325 πρός
1248 5272 1281 5317 τι,
1297 5252 1352 5306 ἀντὶ
1366 5257 1409 5307 τοῦ
1423 5260 1474 5307 τῶν
1488 5256 1639 5331 δοοᾶεᾶηχό.

65 5339 194 5408 φονώσης,
217 5340 255 5392 ὅτι
279 5337 309 5391 οὗ
329 5337 512 5410 παρέδοιξάοοι
533 5339 819 5413 eramusmaerore
869 5361 905 5395 τω
883 5359 917 5392 ων
942 5339 1013 5394 εἰδῶν
1031 5342 1080 5392 τῶν
1103 5337 1188 5409 πρός
1184 5355 1207 5390 τι
1229 5342 1278 5389 τῶν
1292 5335 1338 5390 bue
1339 5334 1640 5419 ρὸεὕηιιότωνῦπόοειγμο

868 5422 1000 5477 blacarder
1000 5440 1036 5475 ον
1029 5414 1105 5474 mles
1114 5419 1143 5474 rb
1155 5405 1280 5472 laudor
1250 5438 1298 5490 stop
1311 5419 1371 5489 πρὸς
1385 5417 1414 5471 rb
1425 5418 1539 5493 αἰθέριον

208 5505 284 5565 Τοιν.
308 5505 331 5564 l.
1561 5512 1600 5572 st
