3956 6168
330 296 381 356 DE
404 295 479 356 ΠΕΟ
505 295 648 369 uncus
669 295 1010 377 PROPRIETATIBUS,
1032 301 1105 363 LIB.
1128 302 1165 379 V,
1188 302 1272 365 GAP.
1295 305 1347 366 IV.
1579 309 1639 368 tut

55 459 306 521 uehementibus.
322 461 531 534 Quamobrem
542 462 616 541 qrria
629 460 760 542 simplex
773 469 819 525 est
866 464 1004 543 homine,
1021 469 1168 547 φιοθιθθι
1188 470 1283 530 homo
1304 489 1369 531 non
1389 474 1436 531 est
1454 471 1545 532 Deus.
1560 472 1639 532 Con-

55 555 126 615 lleus
138 558 167 613 et
183 554 270 614 omni
286 554 507 634 compositione
527 555 736 633 praesteutior,
753 575 818 618 θοθ
866 565 1013 621 sentauae
1026 561 1130 640 itaquae
1144 562 1428 642 naturisdequibus
1440 565 1553 641 agitur,
1562 564 1640 625 illud

55 652 94 706 est
104 646 140 706 ab
155 646 220 726 ipso
234 646 355 707 diversa
368 647 536 707 voluntatis
551 648 617 726 eJ'us
630 648 742 708 actio⁰.
757 668 774 705 o
866 652 950 729 quod
964 653 1137 715 consultare
1151 654 1524 734 dicimusintelligendum
1538 662 1636 718 esta»

87 738 161 799 lIIII.
182 739 277 799 Porro
298 757 337 800 ex
356 744 473 799 aeterno
492 739 585 800 fuisse
602 740 770 800 voluntatis
783 739 817 800 in
866 744 940 805 Haec
952 746 1123 821 Zacharias,
1146 765 1216 826 quae
1231 748 1269 808 de
1283 749 1403 809 achone
1416 749 1514 809 libera
1527 749 1641 810 divium

57 832 109 891 beo
121 831 272 895 actionem
287 831 378 892 istam
390 833 485 892 etiam
498 850 561 910 qua
575 832 667 893 resiu
677 837 817 911 tempore
866 837 1034 899 voluntatis
1067 840 1195 919 perinde
1232 842 1375 920 usurpari
1402 847 1540 921 possunt.
1570 843 1640 902 Non

55 941 146 984 meare
154 924 324 1001 constitnit,
335 923 425 985 docet
438 924 598 985 Zacharias
608 924 815 1003 Mitylenaeus,
866 928 951 989 enim
963 930 1104 992 accidens
1117 931 1243 1011 aliquod
1256 939 1302 994 est
1316 934 1399 1012 quod
1415 935 1552 995 divinam
1566 936 1638 996 sub-

55 1016 133 1094 eique
146 1016 309 1095 quaestioni
323 1035 418 1097 pram
440 1017 475 1076 iu
495 1017 609 1077 scholis
622 1034 817 1078 commovere
865 1023 1010 1082 santiam
1030 1023 1153 1099 afficiat,
1175 1024 1228 1085 sed
1248 1024 1379 1104 ipsamet
1400 1026 1570 1086 substantia
1590 1046 1641 1090 rcs

55 1108 153 1176 solent,
167 1114 274 1188 etquse
286 1108 466 1170 dIfficilI'rma
476 1109 592 1187 judicto
606 1109 739 1169 habetur
753 1127 818 1170 om·
865 1119 982 1174 cresus
1001 1120 1033 1175 et
1052 1115 1148 1177 libere
1169 1118 1332 1196 productas
1351 1119 1383 1179 ui
1406 1137 1463 1179 sua
1482 1120 1641 1198 proterens

56 1201 142 1275 ιιίιιιθ,
158 1202 244 1281 quasi
257 1202 343 1263 aliud
356 1220 451 1282 agens
471 1202 614 1263 occurrit.
630 1203 710 1262 Nam
723 1201 816 1281 vulgo
866 1209 898 1265 et
909 1205 1070 1284 inducens,
1086 1227 1163 1288 quas
1177 1209 1243 1270 siue
1255 1209 1319 1270 ulla
1328 1210 1376 1270 sui
1384 1211 1556 1271 mutatione
1570 1231 1641 1292 sup·

56 1293 91 1353 sic
101 1294 248 1370 dcrbitant,
269 1293 295 1354 si
316 1299 363 1355 est
375 1294 545 1355 uoluntatis
559 1294 639 1355 actio
653 1292 752 1354 libera
763 1295 818 1355 Dei
866 1297 1001 1377 primere
1015 1300 1155 1380 adeoque
1168 1320 1233 1361 nou
1246 1302 1325 1363 velle
1339 1303 1451 1382 poterii.

56 1385 127 1446 idem
139 1386 221 1465 quod
231 1386 403 1447 substantia
418 1386 484 1467 ejus
494 1387 672 1462 etessentia,
681 1386 817 1447 duorum
905 1390 985 1471 xlv.
1002 1393 1090 1465 Quod
1104 1393 1244 1472 pluribus
1273 1395 1400 1474 exponit
1421 1400 1544 1456 sanctus
1557 1396 1639 1458 Tho-

56 1496 111 1539 esse
130 1497 319 1559 consequens
337 1498 449 1540 unum.
466 1480 528 1540 Aut
546 1479 633 1541 enim
646 1480 817 1540 necessario
865 1500 932 1543 mas
945 1484 979 1544 iu
993 1485 1094 1563 primo
1109 1492 1212 1545 contra
1224 1484 1352 1548 Gentiles
1363 1485 1386 1563 ¹,
1399 1487 1453 1547 uhi
1464 1489 1547 1548 inter
1559 1489 1637 1550 alia:

56 1571 172 1632 existere
191 1591 228 1633 ac
251 1572 381 1651 produci
404 1590 474 1651 quae
499 1572 555 1632 Dei
574 1571 733 1632 voluntate
747 1590 817 1650 pro-
869 1575 1060 1652 «Voluntas,
1078 1577 1132 1653 ait,
1152 1578 1207 1638 Dei
1225 1597 1289 1638 uno
1309 1583 1340 1639 et
1360 1580 1469 1640 eodem
1490 1585 1561 1641 actu
1574 1583 1641 1643 vult

56 1669 194 1741 creantur,
210 1665 361 1744 quoniam
378 1670 444 1725 tam
469 1683 534 1725 non
555 1664 656 1743 potuit
672 1682 738 1724 non
751 1681 816 1726 esse
865 1684 897 1727 se
911 1673 943 1728 et
954 1668 1025 1728 alia.
1043 1669 1104 1730 Sed
1114 1668 1264 1730 habitudo
1285 1670 1352 1749 ejus
1373 1672 1413 1731 ad
1431 1690 1463 1732 se
1480 1677 1526 1732 est
1539 1691 1641 1735 neces

56 1754 100 1815 illa
119 1756 170 1817 Dei
186 1758 265 1817 actio
284 1775 380 1836 quum
400 1757 497 1837 ipsius
517 1755 697 1832 substantia,
719 1761 774 1816 aut
791 1757 817 1816 si
865 1760 946 1820 saria
959 1766 990 1821 et
1001 1761 1160 1838 neutralis,
1174 1763 1437 1825 habitudoautem
1449 1766 1516 1843 ejus
1529 1766 1568 1825 ad
1581 1766 1641 1827 alia

56 1865 112 1908 ιιοθ
123 1866 184 1910 ease
196 1849 299 1929 potuit
311 1867 361 1911 res
375 1850 495 1911 actione
514 1850 573 1909 ista
587 1849 747 1927 producta,
763 1849 817 1910 ali-
865 1857 911 1912 est
924 1853 1096 1914 secundum
1116 1855 1363 1916 convenientiam
1381 1857 1559 1935 quamdam,
1576 1877 1640 1918 θοθ

56 1941 254 2020 qrridpotuisae
265 1961 407 2004 nonesse
418 1941 814 2023 quodestbeisubstantia.
865 1945 991 2022 quidem
1015 1945 1185 2007 necessaria
1211 1953 1241 2008 et
1263 1949 1423 2025 naturalis,
1453 1968 1555 2028 neque
1577 1951 1641 2011 vio

57 2032 214 2114 Utrumque
231 2039 336 2096 autem
352 2053 417 2096 nou
436 2041 482 2098 est
502 2034 615 2095 falsum
633 2033 741 2103 modo,
763 2035 816 2097 sed
865 2035 948 2097 lenta
968 2043 1023 2098 aut
1043 2038 1242 2113 iunatruaIIs,
1264 2040 1318 2101 sed
1340 2041 1524 2101 voluntaria.
1551 2042 1640 2115 Quod

57 2125 278 2206 etiamimpium
289 2128 386 2191 dictu
865 2133 971 2190 autem
983 2131 1196 2192 voluntarium
1206 2137 1262 2208 est,
1274 2133 1524 2212 nequenaturale
1537 2153 1640 2213 neque

88 2217 123 2277 At
135 2219 291 2281 Zacharim
305 2238 371 2281 θοθ
388 2219 431 2280 εἰσ
449 2219 578 2280 omniuo
596 2224 816 2299 argumentum
864 2220 1037 2284 violentum
1056 2242 1157 2302 neque
1177 2242 1300 2286 necesse
1323 2231 1491 2286 estesse.»
1510 2226 1641 2306 Insignis

60 2308 188 2371 hlormat
211 2330 315 2388 suum,
335 2312 390 2373 sed
409 2313 636 2391 propemodum
658 2312 712 2372 Ita.
736 2312 817 2372 Nam
865 2319 911 2375 est
922 2315 973 2376 hic
986 2316 1082 2392 locus,
1098 2335 1138 2377 ex
1155 2335 1217 2395 quo
1238 2318 1375 2396 primum
1392 2318 1469 2378 illud
1483 2318 1638 2397 dIscimus,

58 2400 239 2480 objicientem
255 2404 426 2465 introducit
436 2405 657 2465 Ammonium:
677 2404 738 2465 «si
751 2422 816 2464 nou
865 2407 894 2467 ei
912 2409 997 2486 quod
1015 2410 1227 2471 vohrntarium
1247 2414 1303 2485 est,
1326 2430 1391 2471 θοθ
1408 2411 1511 2472 solum
1524 2413 1641 2491 opponi

58 2512 90 2553 ex
101 2501 207 2557 aterno
222 2502 332 2559 creatae
345 2515 395 2559 res
406 2497 563 2558 extiterint
577 2498 630 2558 sed
644 2501 726 2558 certo
739 2502 817 2557 tem
865 2498 897 2559 id
910 2501 995 2579 quod
1003 2506 1049 2562 est
1063 2501 1245 2579 violentum,
1261 2502 1314 2563 scd
1325 2503 1419 2563 ctiam
1433 2504 1641 2565 necessarium

59 2604 120 2664 pore
133 2607 150 2649 a
163 2591 225 2650 lieo
239 2595 350 2651 creatae
371 2590 443 2663 siut,
468 2588 500 2650 id
514 2607 553 2650 ex
574 2607 610 2650 eo
622 2588 737 2650 iactum
751 2607 817 2650 csse
865 2596 896 2652 et
908 2594 1060 2655 nauuale.
1077 2594 1165 2668 Quod
1186 2594 1332 2655 adversus
1349 2600 1506 2656 recentem
1524 2596 1642 2675 opinio·

59 2681 128 2756 quod
153 2683 275 2744 meandi
311 2682 504 2743 voluntatem
539 2682 681 2743 noudum
707 2681 818 2742 hahuit
865 2703 938 2746 θθιθ
952 2686 991 2747 de
1003 2686 1144 2748 libertate
1157 2686 1325 2748 voluntatis
1342 2687 1552 2766 superioribus
1571 2707 1641 2749 con-

60 2771 135 2848 beus,
159 2775 212 2835 sed
239 2779 345 2854 postea
372 2773 535 2854 sunepiti.
564 2795 580 2833 ιι
602 2776 702 2849 Quare
718 2779 817 2835 muta-
864 2776 995 2838 hrtamrn
1016 2779 1165 2857 capitibus
1182 2778 1338 2840 observari
1358 2779 1460 2840 debet.
1476 2780 1592 2841 Deinde
1606 2781 1641 2841 li-

59 2862 135 2925 tionis
146 2867 289 2928 nonnihil
302 2867 425 2928 videtur
437 2869 472 2927 iu
484 2885 557 2928 eum
570 2868 688 2928 cadere.
705 2867 766 2928 Sed
780 2885 818 2927 ea
865 2868 972 2930 beram
986 2871 1098 2930 divium
1110 2871 1277 2931 voluntatis
1284 2871 1437 2931 actionem
1448 2890 1511 2951 qiua
1525 2878 1641 2934 creatas

59 2973 105 3016 ms
127 2959 350 3039 argumentatio
383 2960 513 3021 minime
550 2960 733 3036 conturbat,
762 2960 816 3039 qui
864 2979 914 3022 res
933 2962 1067 3042 respicit,
1092 2981 1156 3023 θοθ
1185 2961 1307 3022 differre
1327 2962 1367 3022 ab
1385 2963 1556 3023 necessaria
1579 2984 1641 3043 qua

60 3066 145 3129 neque
169 3053 322 3114 actionem
346 3052 444 3113 ubam
472 3071 512 3113 ex
545 3071 655 3114 earum
686 3071 756 3132 quae
781 3052 815 3112 iu
864 3055 1001 3134 seipsum
1012 3054 1079 3115 vult
1088 3059 1119 3114 et
1131 3059 1226 3129 amat,
1242 3054 1302 3114 nisi
1310 3054 1491 3117 hahItudiue
1505 3057 1640 3135 οθοοιιιθ

60 3149 153 3218 agente
170 3150 298 3206 manent
317 3163 447 3224 genere,
472 3163 573 3225 neque
598 3163 667 3206 rem
687 3145 816 3206 alteram
864 3151 896 3207 et
909 3146 1123 3207 convenientia
1136 3164 1199 3225 qua
1212 3164 1303 3207 causa
1321 3164 1394 3207 cum
1407 3165 1441 3208 ιθ
1455 3166 1474 3207 ιι
1486 3165 1519 3209 se
1533 3148 1641 3210 effecta

60 3234 186 3298 aduenire
208 3239 270 3298 Deo
291 3241 438 3317 putamus
454 3255 562 3316 posse,
592 3238 645 3298 sed
666 3237 816 3318 quidquid
865 3239 1018 3318 congrunt,
1045 3244 1195 3318 tanquam
1208 3239 1342 3300 termino
1355 3239 1491 3318 quodam
1504 3240 1538 3301 iu
1546 3259 1641 3319 quem

60 3324 196 3390 heaseilli
209 3331 381 3409 cogItamus
400 3330 440 3391 ab
461 3331 527 3409 ejus
550 3335 662 3391 uatum
684 3329 750 3390 sola
768 3348 815 3390 ru·
864 3330 962 3392 libera
975 3332 1031 3392 Dei
1043 3332 1122 3393 actio
1136 3331 1290 3411 dirigitur.
1309 3332 1382 3392 llaec
1401 3331 1453 3393 ille
1470 3332 1562 3393 latius
1574 3332 1641 3396 aliit

60 3418 130 3481 tiore
140 3422 307 3499 diuersum,
322 3422 356 3484 id
369 3440 408 3484 ex
421 3423 509 3483 omni
522 3423 692 3484 aeternitate
709 3422 813 3482 fuisse.
864 3422 899 3483 iu
913 3423 1062 3503 capitibus
1076 3423 1214 3501 ejusdem
1237 3423 1318 3499 libri,
1341 3442 1412 3503 quae
1431 3425 1523 3485 variis
1541 3427 1641 3487 modis

61 3510 95 3571 lle
106 3531 161 3591 quo
174 3515 243 3576 vide
257 3533 328 3594 quae
341 3514 420 3576 etin
434 3515 535 3593 primo
544 3514 625 3576 libro
638 3514 736 3594 capite
749 3532 816 3594 sep-
863 3515 1074 3596 loquendique
1094 3515 1235 3577 formulis
1255 3523 1286 3577 et
1299 3517 1493 3578 candoribus
1504 3517 1543 3579 ab
1555 3519 1642 3580 scho

59 3602 133 3681 imo,
155 3612 185 3669 et
203 3608 237 3668 in
260 3608 396 3669 secundo
419 3607 498 3668 hhro
524 3607 622 3687 capite
645 3607 816 3686 praesertim
864 3608 976 3670 laeticia
1001 3609 1214 3686 disseruntur,
1242 3627 1320 3690 quos
1343 3610 1503 3672 consulere
1530 3612 1640 3691 cuique

60 3702 150 3759 ochra
162 3699 252 3761 latius
265 3701 497 3781 explicavimus.
517 3700 565 3761 Ad
578 3699 611 3759 id
625 3716 717 3778 porro
731 3700 816 3778 quod
864 3702 1021 3781 integrum
1051 3708 1106 3763 est.
1137 3703 1207 3763 Nou
1234 3703 1319 3764 enim
1340 3705 1443 3783 spinas
1455 3706 1528 3766 istas
1542 3711 1573 3767 et
1585 3705 1641 3766 du-

60 3789 134 3850 uobis
146 3793 354 3872 opposuimus,
374 3793 472 3854 rideri
485 3791 601 3871 aliquid
620 3791 654 3850 in
669 3792 732 3852 Deo
750 3810 816 3852 non
865 3800 949 3855 meta
970 3813 1182 3874 peragramus,
1204 3813 1340 3874 qrrorarm
1360 3801 1473 3876 prseter
1491 3799 1551 3858 ista
1571 3817 1642 3877 quae

61 3887 254 3952 anepotuisse
277 3885 362 3965 quod
382 3890 429 3946 est
449 3885 554 3961 modo,
573 3882 725 3944 nimirum
742 3884 817 3945 libe-
865 3886 924 3948 hoo
945 3887 1044 3967 capite
1071 3891 1103 3948 ct
1125 3887 1212 3947 libris
1234 3889 1501 3949 antecedentibus¹
1525 3891 1641 3951 adduxi

60 3975 202 4038 anitum
212 3977 381 4039 voluntatis
388 3977 569 4038 electionem
576 3994 639 4056 qua
648 3975 814 4056 muudum,
865 3997 938 4040 cum
945 3980 983 4040 de
990 3979 1182 4059 simplicitate
1196 3984 1227 4039 et
1240 3980 1490 4042 immutabilitate
1501 3982 1556 4042 Dei
1567 4001 1639 4061 age-

60 4070 231 4149 autangelcs
242 4089 346 4132 creare
359 4070 527 4146 constituit,
542 4087 643 4130 unum
653 4069 730 4130 illud
745 4088 817 4130 cum
864 4089 943 4148 rem,
959 4073 1082 4133 nullum
1094 4071 1177 4151 apud
1191 4073 1296 4132 Patres
1315 4073 1458 4153 antiquos
1476 4073 1640 4153 vestigium

61 4156 187 4222 Zacharia
207 4163 452 4243 praescribimus:
480 4185 495 4222 u
514 4164 579 4223 Hoc
592 4162 720 4241 cpridem
732 4162 817 4242 quod
865 4169 1004 4244 apparet.

61 4265 108 4310 nos
118 4253 241 4317 dicimus
254 4256 418 4317 consilium
439 4273 559 4335 capere;
580 4271 652 4315 cum
669 4255 708 4315 de
718 4255 818 4315 homi-
906 4258 1063 4319 Postremo
1077 4256 1118 4317 ad
1130 4275 1168 4318 ea
1185 4274 1255 4337 que
1274 4257 1313 4317 de
1330 4256 1429 4318 libero
1442 4257 1498 4319 Dei
1511 4257 1640 4319 arbitrio

62 4341 138 4405 nibus
152 4346 273 4425 diuitum
294 4348 526 4410 conversionem
547 4347 685 4427 aliquam
702 4351 734 4407 et
750 4364 817 4408 mu·
866 4368 905 4410 ex
918 4349 1090 4410 christianis
1103 4350 1255 4429 theologis
1268 4349 1381 4410 tradita
1395 4356 1477 4427 sunt,
1492 4351 1570 4411 illud
1589 4353 1642 4413 ad·

60 4435 189 4499 anonam
210 4440 421 4519 intelligentia
452 4445 565 4501 uostrae
591 4439 752 4519 subjicere.
777 4440 817 4500 At
861 4441 985 4520 jiciam:
1003 4441 1159 4503 Plotinum
1172 4442 1320 4521 gentilem
1338 4442 1408 4503 lieet
1420 4443 1640 4524 philosophum

61 4541 122 4589 ιθιο
136 4530 166 4591 in
180 4533 240 4594 Deo
255 4533 430 4595 consultare
443 4552 509 4595 non
523 4533 632 4594 itidem
645 4550 710 4595 esse
727 4539 764 4593 ut
783 4533 817 4594 in
866 4534 1051 4596 intellexisse
1071 4540 1139 4595 tum
1160 4536 1194 4596 iu
1215 4534 1336 4615 agendo
1355 4534 1461 4596 libere
1474 4537 1641 4599 voluntatis

91 4752 210 4810 actutu.
225 4753 291 4811 dial.
307 4755 334 4811 5.
362 4771 389 4827 p.
418 4755 482 4812 554.
510 4754 538 4810 Β.
561 4754 607 4807 lici
625 4760 678 4818 πῶς
691 4751 771 4822 ἂνεῖη
784 4754 814 4809 τὸ
865 4755 1011 4829 eiecisset
1031 4756 1085 4819 θεὸς
1102 4753 1208 4828 ἄραοίιιι
1227 4754 1350 4825 ἠῦοολήῦη
1371 4755 1509 4826 bacarium
1523 4757 1553 4812 τὰ
1567 4759 1639 4827 ὄντα,

62 4832 115 4888 θεῖοι
128 4836 226 4905 ἁπλοῦν,
252 4838 274 4892 εἰ
301 4837 378 4893 acite
405 4838 504 4912 trago
532 4841 627 4905 νοοῖτο,
649 4838 719 4911 φησι,
734 4837 813 4892 καὶέν
864 4841 904 4892 καὶ
917 4836 946 4909 ἦν
962 4842 1003 4894 ὅτε
1012 4840 1056 4909 τὴν
1070 4840 1126 4912 περὶ
1140 4845 1190 4894 τῶν
1204 4838 1282 4892 ὄντων
1297 4839 1410 4910 βούλησιν
1426 4839 1469 4893 οὖα
1483 4835 1547 4913 εἶχε.

61 4914 142 4985 θελήσει
155 4923 300 4995 διοριιηιοῖςς
314 4923 428 4977 σιίνθετοιι
441 4923 489 4996 γὰρ
502 4925 560 4992 ἤδη,
575 4922 616 4975 καὶ
635 4921 712 4975 οἱονεί
722 4940 775 4986 ποις
789 4921 816 4975 ἔα
902 4938 916 4977 c
933 4924 1052 4978 Zrculu.
1071 4920 1182 4976 Ἔπειτα
1204 4920 1231 4974 δὲ
1252 4921 1283 4975 τὸ
1296 4923 1452 4993 βουλεύεσθαι
1473 4922 1512 4976 bu
1528 4922 1572 4995 μὲν
1595 4923 1638 4977 ἂν·

63 5007 133 5071 νδρῶν
145 5003 212 5068 clete
225 5006 254 5060 rb
268 5006 358 5078 ἀρτίως
373 5006 432 5079 ἔχον
450 5007 695 5079 συνδεδραμηκότων.
712 5007 743 5062 Α.
764 5006 814 5060 Οὔ·
864 5006 967 5078 ipsicius
981 5005 1130 5077 λεγόμενον,
1151 5005 1245 5077 τροπήν
1260 5023 1296 5068 τε,
1314 5005 1354 5057 καὶ
1375 5004 1404 5058 rb
1420 5005 1638 5077 μεταδοιιλεύεσθαι

60 5091 108 5137 ‘titt
128 5084 204 5159 luridi
226 5108 272 5161 περ
290 5088 511 5156 ἃπλοΰντδθεῖοι,
539 5091 581 5143 καὶ
608 5089 707 5162 ἄμεινον
721 5091 737 5157 ἢ
751 5089 816 5143 κατὰ
864 5088 966 5161 παρέχει
986 5090 1061 5141 νοεῖν·
1079 5085 1118 5141 ἐπὶ
1131 5087 1158 5141 tt
1178 5087 1234 5139 θεοῦ
1262 5087 1292 5140 ιδ
1313 5086 1466 5157 βουλεύεσθαι
1487 5087 1531 5139 οὖα
1545 5086 1639 5160 ἀνθρώ-

62 5166 154 5226 σΜεσιι
168 5166 231 5226 εἷναί
244 5192 283 5227 σοι
296 5175 375 5226 δοκεῖ·
395 5171 500 5228 tactui
514 5172 601 5245 ὀρθῶς·
617 5171 666 5246 οὐχ
677 5173 747 5245 tripu
757 5174 815 5245 παρ’
864 5189 927 5226 πων·
944 5170 1025 5238 ἐπειδὴ
1042 5169 1074 5242 μὴ
1089 5170 1215 5242 ἅνθρωπος
1235 5168 1250 5222 ὁ
1270 5170 1332 5232 θεός·
1351 5169 1512 5238 ιιαταλλήλως
1526 5163 1569 5222 οὖν
1583 5175 1638 5233 ταῖς

64 5247 114 5305 viti
122 5253 157 5323 εἴη
168 5258 197 5309 dv
210 5256 226 5324 ἡ
242 5256 356 5328 βούλησις
367 5255 450 5311 αὐτοῦ.
864 5253 1031 5327 ὑποκειμέναις
1042 5254 1128 5324 φύσεσι
1141 5252 1171 5307 εδ
1186 5252 1342 5324 βουλεύεσθαι
1355 5252 1466 5321 sontior.

93 5334 232 5397 turmis.
248 5357 274 5413 p.
289 5340 352 5398 356.
372 5337 577 5412 Εἰμὴσιιιαΐὸια
589 5345 626 5413 τῷ
645 5340 694 5412 θεῷ
707 5339 737 5393 τὰ
757 5339 817 5394 ὄντα

87 5502 152 5564 llltp.
159 5520 238 5556 cmii.
251 5517 274 5556 ot
282 5522 329 5567 seq.
339 5509 390 5555 -t
402 5509 458 5555 tide
469 5522 518 5567 erp.
529 5522 555 5556 ιι.
569 5509 621 5556 libri
634 5508 792 5556 autmsdsntls.
