4096 6190
387 371 437 431 DE
457 370 532 431 DEO
552 370 696 444 DElQUE
716 366 1064 441 PROPRIETATIBUS,
1087 366 1160 428 Llss.
1183 366 1249 442 Vll,
1273 366 1356 426 GAP.
1380 365 1432 425 Vl.
1644 362 1702 424 587

101 534 278 598 summano
301 534 417 596 intueri
441 540 597 615 potente.
624 557 639 593 ο
665 535 737 597 Hes
763 536 789 596 si
817 535 881 596 sols
930 533 1027 609 occdi;
1043 533 1090 594 nti
1112 551 1170 594 nec
1191 530 1304 593 Filium
1322 528 1485 610 uSpiritu,
1504 544 1606 609 neque
1620 529 1706 589 hnnc

103 628 241 703 dmsset,
259 632 344 688 recte
363 627 404 688 ad
417 645 490 689 eum
508 644 635 689 sensum
654 628 881 690 accommodari
931 627 970 688 nb
983 626 1111 705 angelis,
1128 640 1263 706 qnorum
1279 626 1392 685 netum
1406 621 1616 702 suspicionem
1635 638 1704 684 cor-

103 725 243 800 possent,
258 723 294 779 ut
307 736 410 799 neque
422 719 514 782 hosts
529 720 635 800 Virgo,
651 736 752 801 nsque
771 720 882 781 Christi
931 736 1034 797 poreoe
1047 717 1173 779 visionis
1187 716 1333 777 excludit.
1349 718 1390 776 At
1402 720 1435 776 in
1449 715 1606 776 hodiernis
1620 713 1704 775 eodi-

104 811 217 872 snims
236 828 293 891 per
310 829 354 885 se,
373 816 405 872 et
424 813 450 873 si
469 811 567 873 solnm
584 812 746 892 utriusque
762 816 882 872 nature
932 810 1028 888 cibus,
1051 826 1129 890 quos
1145 808 1250 871 Rufini
1274 807 1392 887 flagitio
1412 806 1595 886 depravatos
1613 806 1706 869 hobe-

104 903 321 967 oonditionem
340 908 468 983 spectes,
490 905 591 965 Deum
609 921 698 984 posse
718 904 821 965 videre
835 904 882 965 di·
932 921 1013 979 mus,
1038 901 1127 963 aliter
1149 902 1207 962 iste
1226 902 1311 961 locus
1334 899 1373 959 ab
1393 900 1503 960 eodem
1520 898 1714 961 incrustntns«

105 1001 232 1058 munst.
249 995 719 1068 Sedsliorsumhoectrshendo,
731 1014 801 1075 quse
811 1013 884 1057 mox
932 995 1055 1075 legitur.
1074 996 1153 1056 Nem
1166 994 1200 1054 in
1219 994 1317 1072 cupite
1336 992 1437 1072 primo
1451 992 1534 1053 inter
1547 993 1648 1054 visum
1675 998 1707 1055 et

105 1086 251 1166 ssibjecit,
267 1088 445 1163 ostendunt,
466 1087 537 1149 «Ut
555 1088 650 1164 enim,
671 1088 724 1163 sit,
741 1106 799 1150 nos
815 1087 883 1149 eni-
933 1087 1142 1167 cognitionem
1168 1085 1265 1145 enimi
1292 1084 1470 1164 distinguit,
1499 1102 1535 1146 ec
1561 1091 1707 1147 naturam

106 1197 197 1242 mem
220 1179 371 1241 hebentes
391 1181 425 1240 in
447 1198 539 1241 corne
559 1185 666 1242 nostru
685 1179 882 1256 incolentem,
934 1180 989 1240 Dei
1003 1194 1130 1259 prorsus
1140 1177 1327 1238 invisibilem
1338 1194 1403 1238 esse
1417 1176 1564 1253 defendit,
1580 1179 1657 1240 adeo
1672 1185 1707 1240 ut

107 1290 177 1334 non
190 1277 227 1333 ut
243 1278 289 1333 est
305 1273 340 1334 iu
358 1290 390 1332 se
404 1272 519 1346 enims,
535 1273 579 1333 sic
592 1287 662 1332 eom
675 1288 800 1332 cernere
817 1288 886 1351 pos·
934 1290 975 1333 ne
1000 1271 1039 1332 nb
1067 1270 1143 1332 Filio
1170 1269 1296 1350 quidem
1322 1269 1475 1332 videntur.
1509 1270 1626 1333 «Aliud
1648 1278 1704 1349 est,

107 1382 239 1439 sumum
252 1364 307 1425 sed
319 1365 538 1425 tantummodo
550 1363 635 1425 velut
646 1362 774 1424 umbros
789 1363 882 1437 illius,
935 1364 1049 1444 inquit,
1060 1363 1177 1439 videre,
1192 1362 1276 1424 eliud
1290 1368 1336 1423 est
1350 1380 1544 1443 cognoscere.
1557 1364 1664 1427 Videri
1677 1372 1709 1428 et

109 1462 144 1519 et
151 1457 270 1536 figuras
279 1475 318 1518 ex
327 1457 394 1536 ejus
402 1455 608 1532 facultatibus,
617 1456 887 1535 etoperutionihns
935 1457 1040 1517 videre
1055 1474 1222 1535 corporum
1235 1472 1284 1517 res
1298 1458 1360 1531 est3
1379 1454 1522 1534 cognosci
1535 1462 1567 1518 et
1578 1475 1707 1537 cognos-

109 1566 284 1630 expreoem.
302 1551 348 1611 ltn
365 1549 471 1629 Virgo,
487 1553 518 1612 et
529 1547 687 1609 rationalis
704 1549 780 1628 ipss,
797 1553 828 1609 et
841 1548 888 1608 in·
937 1566 1016 1625 cere,
1031 1548 1247 1610 intellectualis
1260 1553 1381 1609 noturus
1394 1555 1450 1609 est.
1467 1546 1623 1629 Quidquid
1634 1568 1713 1631 ergo.

108 1641 258 1721 telligens
272 1641 380 1702 enimn
400 1640 535 1721 (nempe,
555 1645 591 1701 nt
610 1646 749 1720 epporet,
765 1637 885 1721 Christi)
937 1641 1098 1721 proprium
1112 1658 1280 1722 corporum
1296 1641 1424 1717 esthon
1438 1641 1707 1720 necdePetreest,

111 1734 221 1796 videre
241 1739 371 1814 poteret.
387 1733 448 1795 ssd
463 1738 495 1793 et
514 1749 600 1793 nnnc
617 1738 728 1812 potest,
745 1750 783 1793 ex
795 1732 889 1793 iocul-
938 1752 995 1795 nee
1013 1735 1051 1795 de
1071 1732 1146 1794 Filio
1165 1733 1379 1809 sentiendum,
1400 1738 1486 1794 eto.»
1510 1734 1592 1796 'lum
1610 1734 1714 1797 allatis

110 1825 241 1899 tatibus,
254 1831 286 1887 et
299 1823 540 1905 operationibus,
554 1840 625 1903 que
641 1824 701 1904 ipsi
714 1826 887 1885 communi-
939 1826 1048 1888 Christi
1070 1825 1171 1887 verbis
1184 1825 1249 1886 istis
1271 1843 1277 1885 :
1299 1824 1393 1887 Nemo
1411 1823 1492 1886 neoti
1510 1823 1633 1896 Filium,
1651 1824 1710 1888 mii

112 1916 254 1980 eanturt.
273 1938 289 1976 n
311 1916 508 1979 Manifestum
524 1921 580 1991 est,
599 1915 648 1976 his
667 1915 702 1977 in
718 1916 820 1977 verbis
837 1917 890 1978 do·
938 1917 1143 2000 Patermeqne
1150 1914 1444 1998 Potrenqoisnovit,
1456 1915 1711 1988 m’siFilim¹,ists

112 2011 190 2085 ceri,
208 2011 348 2071 enimom
365 2008 477 2071 Christi
496 2007 689 2071 divinitatem
708 2008 807 2089 ipsom
826 2025 890 2071 non
940 2010 1074 2072 subterit
1089 2028 1096 2069 ε
1113 2010 1183 2071 «Ex
1197 2027 1260 2090 quo
1273 2007 1433 2071 maniieste
1447 2008 1612 2085 indicetur,
1628 2012 1711 2091 quod

112 2103 208 2164 aliter
221 2102 326 2163 videre
338 2101 443 2178 modo,
460 2118 556 2181 quam
574 2119 613 2163 ex
633 2100 758 2178 effectis,
774 2119 844 2181 quoe
856 2102 891 2162 in
940 2103 1094 2184 quidquid
1106 2103 1188 2164 inter
1199 2108 1325 2164 neturus
1338 2118 1499 2182 corporeos
1512 2102 1610 2163 videri
1624 2110 1655 2165 et
1668 2104 1712 2165 vi-

112 2195 204 2257 illsm
222 2194 261 2255 nh
282 2212 321 2256 en
336 2193 517 2255 deriventur
537 2211 544 2252 ι
569 2210 664 2272 quem
682 2194 891 2272 cognitionem
941 2195 1420 2269 denedicitnr,h0einterPatrem
1428 2194 1577 2256 etlilium
1586 2214 1713 2275 rognos-

115 2287 217 2349 nostri
237 2287 271 2347 in
284 2286 395 2348 scholis
412 2283 620 2346 chrronicon
638 2285 811 2347 nominent.
831 2286 892 2347 Sed
942 2287 1142 2363 ceredioitur,
1154 2285 1555 2367 etcognosclpervirtntem
1564 2286 1710 2367 scientim,

114 2378 257 2442 bomiliss
278 2379 366 2440 istius
390 2377 477 2439 nulls
502 2394 628 2457 prorsus
650 2382 696 2437 est
713 2378 890 2451 auctoritas,
941 2398 1007 2441 non
1021 2398 1077 2460 per
1097 2377 1281 2440 visibilitatis
1300 2377 1508 2457 fragilitatem.
1527 2380 1605 2455 Quin
1618 2379 1714 2459 igitur

116 2490 216 2553 qnam
225 2471 384 2533 Athanasii
393 2488 459 2532 non
470 2486 535 2531 esse
546 2475 629 2531 certo
637 2474 766 2530 constat.
778 2470 893 2531 Eodem
943 2473 981 2533 de
1001 2472 1182 2551 incorporee
1196 2475 1318 2547 notum,
1335 2472 1366 2531 et
1378 2468 1526 2531 invisibili
1539 2489 1597 2531 nec
1610 2471 1714 2533 videre

117 2582 246 2645 quoque
265 2564 477 2625 demonstrare
495 2561 738 2623 videtmouctor
756 2560 895 2643 Dioiopo·
943 2565 1068 2645 proprie
1091 2564 1213 2639 dicitur,
1243 2581 1301 2625 nec
1325 2562 1442 2638 videri;
1476 2563 1589 2625 idcirco
1613 2580 1715 2644 neque

117 2674 190 2718 rum
211 2653 247 2716 de
260 2663 360 2716 εαπεεε
386 2653 545 2722 Trim‘tote,
562 2654 617 2733 qni
630 2653 712 2714 inter
735 2652 895 2715 Athanasii
945 2657 1034 2718 Peter
1047 2675 1066 2717 a
1079 2656 1168 2733 Filio,
1188 2673 1290 2735 neque
1313 2654 1538 2717 Filinsol'ntre
1561 2656 1660 2718 videri
1682 2656 1716 2717 in

117 2747 228 2829 spurio
247 2746 406 2827 leguntur,
442 2747 520 2808 dum
542 2746 585 2806 sit
606 2744 725 2806 divinas
749 2762 896 2825 personas
945 2749 1112 2829 Evangelio
1126 2749 1250 2823 dicitur,
1265 2747 1320 2808 sed
1334 2747 1509 2826 cognosci.»
1528 2748 1600 2808 Haee
1613 2748 1639 2808 si
1651 2749 1715 2809 sin-

123 2839 219 2900 ssnb
241 2839 382 2901 humone
401 2838 501 2918 specie
522 2837 677 2899 veteribus
699 2838 894 2917 apperuisse3
946 2860 1016 2903 cem
1028 2842 1141 2917 forent,
1156 2846 1242 2901 extre
1249 2840 1373 2918 culpem
1383 2844 1461 2899 esset
1470 2838 1626 2918 Origenes.
1638 2838 1717 2902 Nem

119 2931 275 3012 qnoniam
288 2931 320 2993 id
334 2931 418 3011 quod
431 2935 543 2994 notum
559 2931 640 2991 Deus
655 2936 711 3005 est,
726 2929 832 2991 nullus
845 2949 898 2992 ne·
946 2934 1045 2995 videri
1058 2933 1194 3012 corporis
1210 2930 1306 2992 oeulis
1326 2948 1365 2992 ne
1386 2930 1425 2991 nb
1444 2931 1570 2992 homine
1589 2932 1717 3012 quidem

120 3041 186 3103 que
200 3023 287 3096 vidit,
305 3041 406 3101 neque
419 3022 689 3101 viderepotertsm
947 3026 1067 3087 Christo
1087 3024 1282 3086 divinitatem
1305 3022 1511 3084 certissimum
1525 3028 1581 3100 est,
1597 3025 1635 3086 de
1656 3043 1718 3103 quo

165 3115 204 3175 V.
227 3116 312 3176 lnter
331 3115 471 3194 Origenis
492 3118 593 3175 emoto
611 3115 850 3176 commemorari
869 3119 900 3176 et
948 3134 1052 3197 supin.
1067 3116 1126 3177 Sed
1140 3133 1179 3176 ex
1191 3114 1238 3183 ils,
1255 3130 1325 3195 quse
1340 3115 1375 3175 in
1388 3115 1489 3195 primo
1508 3116 1600 3196 hujus
1618 3118 1720 3197 operis

121 3207 209 3269 istud
217 3207 312 3268 solet:
328 3209 450 3267 «Deum
459 3208 583 3267 Patrem
594 3225 650 3286 per
663 3212 808 3269 naturam
818 3207 898 3267 invi·
948 3208 1028 3270 libro
1043 3209 1081 3270 de
1095 3208 1225 3286 Origene
1239 3205 1384 3283 diximus,
1401 3207 1498 3286 magis
1513 3207 1718 3288 Hieronymo,

123 3299 260 3375 sibilem
275 3299 371 3361 etiem
388 3318 408 3360 a
424 3298 502 3359 Filio
523 3299 743 3360 nonviderio
761 3299 849 3373 Quod
862 3316 901 3359 ex
950 3307 982 3362 et
1002 3300 1185 3381 Epiphanio,
1206 3303 1242 3359 ut
1260 3299 1299 3360 de
1312 3299 1429 3359 ceteris
1450 3305 1581 3375 mecam,
1598 3302 1722 3364 creden·

51 3452 66 3462 ,,
124 3390 210 3452 libro
223 3400 277 3473 περὶ
291 3399 376 3472 ἀρχῶν
400 3390 500 3472 primo
521 3391 614 3451 refert
635 3391 845 3470 Hieronymus
867 3390 901 3450 in
950 3393 1027 3453 dum
1051 3399 1114 3466 est,
1143 3391 1196 3471 qui
1215 3391 1396 3471 incorrupta
1417 3397 1447 3452 et
1467 3410 1616 3471 germano
1638 3392 1723 3455 illius

81 3484 88 3495 ’
125 3481 261 3563 epistola
282 3500 326 3545 rm
347 3481 386 3543 ud
413 3482 544 3550 Avitum,
567 3488 599 3543 et
621 3483 811 3563 Epiphanius
829 3481 903 3543 ube-
951 3485 1139 3564 exemplaris
1152 3500 1216 3564 pree
1238 3482 1336 3544 oculis
1357 3483 1524 3559 hebebant,
1541 3504 1635 3565 qnam
1659 3487 1721 3549 Ru·

126 3576 197 3637 rius
210 3575 344 3655 idipsum
356 3575 524 3649 declarans,
539 3573 724 3654 «Principio,
739 3575 854 3654 inquit,
865 3592 902 3635 eo
950 3577 1016 3638 fino
1023 3575 1288 3657 deprecatoriam
1297 3575 1519 3637 recentioribus
1526 3578 1599 3639 viris
1608 3578 1724 3660 nlioqui

128 3667 313 3729 temeritatis
325 3684 505 3748 progressus
522 3672 578 3742 est,
594 3671 630 3728 ut
648 3671 773 3742 essem,
793 3667 902 3746 unige-
952 3669 1059 3737 doctis,
1080 3668 1135 3748 qni
1155 3667 1213 3729 isto
1233 3667 1364 3728 minime
1378 3665 1540 3747 locuplete,
1561 3675 1591 3731 et
1611 3672 1724 3733 idoneo

128 3759 235 3821 nitum
250 3759 363 3821 Filium
375 3778 442 3821 non
463 3777 552 3839 posse
571 3759 676 3821 videre
697 3760 835 3833 Potrem3
851 3758 904 3819 sed
953 3766 1029 3821 teste
1048 3760 1129 3837 heti,
1152 3758 1329 3838 benignius,
1345 3774 1440 3839 quom
1460 3760 1587 3824 solidius
1605 3763 1643 3825 de
1661 3764 1726 3826 Ori·

130 3868 235 3932 neque
249 3852 402 3932 Spiritum
423 3870 511 3932 posse
529 3851 640 3912 Filium
657 3851 783 3926 intueri,
803 3868 905 3931 neque
953 3870 1033 3931 gene
1057 3856 1214 3926 stutunnt;
1242 3868 1278 3911 oc
1308 3855 1467 3913 tentorum
1496 3854 1633 3931 Petrum,
1661 3857 1725 3919 imo

130 3962 228 4026 porro
241 3945 368 4023 angelos
389 3944 541 4025 Spiritum
555 3962 563 4005 ι
578 3961 680 4024 neque
697 3943 840 4005 homines
852 3960 906 4004 nn-
955 3944 1094 4006 Ecclesise
1114 3946 1208 4006 totius
1230 3941 1461 4019 auctoritatem,
1489 3963 1525 4006 nc
1546 3944 1642 4008 tidem
1663 3948 1725 4010 ele·

130 4034 275 4117 geloni.»
303 4037 401 4098 Credo
422 4037 456 4097 in
478 4037 644 4117 germanis,
664 4040 696 4097 et
716 4036 756 4096 sb
774 4036 906 4116 Origene
955 4040 1041 4096 vent.

132 4127 204 4207 ipso
217 4129 307 4190 editis
327 4129 552 4210 exemplaribus
569 4130 613 4190 its
634 4128 783 4208 scriptum
802 4126 905 4203 fuisse,
997 4128 1202 4191 OEcnmenius
1219 4126 1253 4191 in
1269 4126 1494 4193 Commentariis
1507 4128 1552 4193 'od
1571 4130 1727 4212 epistolam

133 4225 172 4281 nt
190 4220 257 4283 sine
277 4221 478 4302 ambignitate
491 4221 624 4295 doceret,
643 4221 766 4281 Putrem
788 4237 808 4280 o
831 4219 908 4281 Filio
952 4220 1086 4302 primum
1106 4221 1239 4299 Jonnm's,
1256 4218 1384 4303 ejusque
1405 4223 1501 4286 verbo
1520 4223 1572 4285 illo
1589 4223 1729 4286 :Similes

135 4328 204 4374 non
230 4314 329 4376 videri
363 4314 477 4375 mentis
509 4312 651 4374 videlicet
679 4317 814 4393 aspectu,
843 4329 908 4373 non
958 4308 988 4373 ἐν·
998 4313 1117 4391 erimus,
1131 4313 1201 4395 quic
1211 4312 1368 4377 videbimus
1381 4334 1446 4377 enm
1459 4314 1549 4377 sicuti
1557 4324 1610 4392 est,
1631 4317 1730 4380 Deum

176 4618 199 4663 α
216 4606 320 4663 Aruns.
340 4602 400 4659 Ἵνα
413 4603 478 4659 ἔνθεν
488 4600 628 4675 τυπουμένη
642 4600 700 4656 mn
713 4602 824 4671 δθνηεαι,
837 4599 910 4655 αεθθ·
960 4598 1000 4655 ml
1029 4598 1088 4670 «θοὴ
1108 4600 1234 4674 mopsi,
1256 4602 1297 4657 ml
1317 4603 1391 4677 νοερὰ
1404 4602 1468 4677 pegi
1491 4602 1549 4658 ἰδεῖν
1563 4602 1679 4674 ἠδύνατο,
1693 4605 1733 4662 καὶ

139 4708 186 4747 εον
200 4689 299 4744 θθνετει
323 4687 381 4742 ἰδεῖν
403 4684 488 4741 rholo
511 4684 573 4758 αὐτῇ
593 4685 790 4757 ανοφοροθμενον
805 4681 910 4738 ἀνείδεον
960 4690 1003 4740 νῦν
1017 4684 1164 4753 bibitum,
1186 4682 1271 4740 turdo
1286 4683 1446 4758 θνθιθομθνων
1462 4684 1523 4761 αθτῇ
1539 4688 1678 4761 δυνάμεων,
1692 4690 1734 4743 καθ

140 4775 206 4828 θεόν.
223 4771 256 4845 μὴ
271 4772 318 4844 γὰρ
340 4769 495 4839 ὑποληπτέον
523 4770 561 4824 bu
583 4769 636 4822 καθ’
661 4767 742 4835 ἁπλῆν
761 4771 805 4835 τῆς
819 4768 913 4839 φύσεως
963 4767 1101 4849 toppum.

141 4856 255 4924 ἰδιότητα
270 4853 328 4908 ἰδεῖν
341 4853 448 4921 diducto
460 4852 503 4906 τθν
517 4850 542 4905 iu
559 4850 620 4924 αὐτῇ
636 4849 821 4917 θνεεηνώεαντα
834 4847 913 4917 debuit
1000 4866 1015 4907 c
1032 4852 1110 4909 Tem.
1124 4851 1148 4908 ΙΙ
1173 4853 1276 4908 Athin.
1295 4850 1364 4909 nial.
1379 4866 1418 4908 m.
1437 4853 1484 4907 Διὰ
1497 4852 1545 4926 γὰρ
1559 4858 1633 4909 τοῦτο
1646 4855 1681 4918 ὡς
1694 4856 1736 4910 ἂν.

140 4938 270 5011 παρθένος.
286 4945 359 4993 τοῦτο
373 4936 421 5010 γὰρ
434 4933 586 5002 distairid
600 4932 708 5007 θμψνχος
718 4935 805 5006 >copiti
821 4951 847 4987 τε
874 4934 915 4987 νεὶ
965 4937 1018 5005 ipse
1030 4934 1154 5005 ὤφθησαν,
1170 4933 1250 5002 inscii
1266 4936 1281 4989 θ
1295 4932 1347 4990 ion
1359 4940 1390 5009 τῇ
1403 4936 1483 5008 φύσει,
1498 4934 1578 4998 obtule
1591 4935 1647 4991 οθεε
1661 4933 1735 5004 sites,

142 5021 218 5094 νοερὰ
232 5022 354 5093 σάραωοις
364 5019 422 5074 ἰδεῖν
436 5018 551 5087 ἠδύνατο.
966 5016 1022 5072 οὔτε
1038 5017 1094 5071 ἰδεῖν
1109 5018 1217 5072 δύναται.

182 5104 199 5160 b
218 5102 286 5160 ibid.
307 5103 354 5156 list
363 5103 447 5174 ὥοπερ
461 5101 533 5174 ἡμεῖς
542 5099 610 5154 οὗτοὶ
619 5098 699 5173 ψυχὴν
716 5097 876 5167 timuissem
892 5096 916 5151 ἔν
1002 5100 1025 5157 d
1043 5101 1137 5157 Ersrn.
1169 5107 1245 5158 Her.
1264 5118 1337 5167 miv,
1356 5117 1436 5159 num.
1452 5102 1480 5158 i.
1499 5103 1593 5158 Φάσεει
1605 5101 1653 5177 γὰρ
1667 5099 1739 5171 οὗτος

143 5193 178 5261 τῇ
187 5187 258 5259 sepul
272 5186 344 5258 ἡμῶν
359 5185 467 5259 ἔχοντες,
478 5183 569 5258 cipite
578 5181 643 5236 ἔστιν
656 5182 671 5250 ἡ
682 5182 758 5255 ingl,
770 5180 828 5235 ἰδεῖν
844 5178 918 5248 uiris
968 5183 1093 5256 τολμήσας
1110 5188 1180 5254 δῆθεν
1192 5185 1255 5241 κατὰ
1269 5185 1313 5254 τὴν
1330 5185 1409 5259 ἀρχὴν
1423 5187 1513 5259 λέγειν·
1529 5193 1629 5259 πρῶτον
1646 5189 1690 5261 pls
1700 5192 1739 5246 ὅτι

143 5270 278 5343 δεοίμεθα·
301 5267 359 5322 ἀλλ’
383 5260 438 5322 οἶον
459 5266 529 5329 exibe
543 5262 634 5336 αὐτῆς,
649 5265 690 5318 νεὶ
704 5262 791 5326 τθπενς
806 5262 855 5318 int
869 5266 919 5319 roo
969 5266 1020 5330 υθθς
1033 5269 1048 5322 θ
1063 5265 1195 5343 μονογενὴς
1208 5268 1268 5341 θρᾷν
1281 5269 1324 5324 cbo
1338 5269 1433 5341 πατέρα
1446 5266 1475 5323 οθ
1490 5268 1599 5325 ὃθνατει·
1616 5269 1674 5326 ἀλλ’
1684 5272 1739 5330 οθεε

145 5353 274 5425 mospius
288 5350 373 5417 αθτῆς,
387 5351 428 5404 καὶ
445 5349 581 5421 temnitis·
597 5344 738 5413 εεεοθεονθ
755 5346 918 5417 τεπαρθθνος,
971 5349 1104 5425 cinctino
1114 5351 1155 5406 τθν
1165 5351 1218 5406 υἱὸν
1232 5352 1331 5406 δύναται
1354 5351 1494 5408 θεάσασθαι·
1510 5349 1566 5409 οὔτε
1581 5353 1628 5427 μὴν
1640 5354 1740 5427 ἄγγελον

972 5435 1001 5488 sb
1009 5440 1113 5508 nosipsi*
1127 5435 1182 5490 οὔτε
1190 5435 1214 5489 οἱ
1229 5436 1350 5507 ἅνθρωποι
1361 5435 1419 5498 robe
1429 5435 1556 5510 ἀγγέλους.

178 5549 186 5592 l
201 5549 276 5594 umet.
289 5559 318 5590 m.
