3952 6170
305 342 364 403 358
805 336 1130 408 innumeraeque
1158 336 1386 409 neumausi.

304 518 478 574 creatarum
503 526 611 573 rerum
633 509 798 592 praesentia
834 518 891 588 est,
919 526 985 572 non
1007 508 1072 573 Dei.
1165 510 1202 573 ll.
1218 508 1316 573 Credo
1328 511 1584 573 neminemame
1598 506 1650 570 iric
1660 508 1881 587 expectem

304 606 384 667 Nam
410 606 520 667 eodem
542 603 621 680 loco,
644 602 705 665 hoc
727 610 773 664 est
795 603 829 666 in
851 604 954 685 prima
974 608 1073 686 parte,
1123 622 1188 666 esse
1213 609 1249 667 ut
1270 598 1339 666 eam
1358 603 1445 666 litem
1468 608 1618 684 unquam
1647 599 1791 679 cognitor
1812 597 1881 661 arbi-

303 700 406 762 statim
427 698 485 759 ista
507 696 646 777 subjicit:
673 696 798 761 «Unde
811 697 1009 759 manifestum
1030 700 1076 759 est
1123 702 1232 778 terque
1250 696 1429 780 disceptem,
1452 702 1507 759 aut
1528 693 1668 758 alterutri
1688 692 1772 773 perti
1791 692 1884 754 sotira

303 793 387 873 quod
402 791 622 871 contingentia,
647 797 679 853 et
699 788 899 853 infallibiliter
918 790 1013 853 olleo
1027 809 1076 851 co
1122 792 1212 867 gatar
1243 787 1397 849 accedam.
1430 787 1499 848 Non
1525 785 1610 847 enim
1641 783 1819 844 sebolarum
1842 800 1883 845 me

303 890 505 964 gnoscuntur,
534 885 721 965 inquantum
757 882 933 946 subduntur
969 882 1074 944 divino
1120 881 1401 943 aoncertationibus
1414 880 1613 962 interponere
1624 877 1734 951 debeo,
1750 875 1883 956 manii-

303 978 480 1058 conspectui
492 977 761 1039 secundumsuam
779 975 1072 1057 presentialitatem,
1123 973 1240 1053 quioris
1256 973 1475 1035 tantammodo
1498 970 1675 1050 theologie,
1701 982 1771 1030 non
1794 984 1885 1030 recen

304 1074 453 1132 ettamen
466 1075 539 1131 sunt
565 1069 670 1131 tratura
693 1070 904 1150 contingentia
924 1070 986 1129 suis
1001 1088 1073 1130 cau·
1122 1067 1209 1128 tiaris
1220 1066 1308 1129 istius
1319 1072 1350 1128 et
1367 1068 1400 1127 in
1416 1064 1631 1127 mutronensiis
1651 1065 1808 1143 occupatae
1821 1063 1885 1123 scita

302 1163 344 1222 sis
370 1167 556 1241 comparata.
572 1182 587 1218 o
612 1160 696 1221 Etin
718 1161 820 1240 primo
840 1166 941 1219 eontra
953 1158 1071 1229 Gentes,
1123 1164 1154 1221 et
1169 1158 1291 1222 decreto
1307 1176 1487 1241 persequor.
1509 1157 1592 1219 Nihil
1609 1162 1715 1217 autent
1726 1155 1885 1234 questore

303 1254 508 1316 aeternitatem
534 1271 604 1333 quae
632 1254 740 1332 puncti
767 1252 863 1313 instar
882 1252 1074 1328 astundam
1123 1253 1161 1314 de
1181 1253 1240 1314 ista
1258 1250 1406 1314 traditam
1432 1254 1517 1313 extat
1539 1250 1573 1311 in
1595 1249 1716 1330 scriptis
1741 1250 1882 1324 ueterum,

302 1346 420 1408 habens
433 1346 656 1414 extensionem,
673 1344 792 1406 cer'iibct
814 1344 940 1425 tmperi
958 1345 1004 1406 vel
1027 1346 1073 1405 in·
1123 1346 1207 1425 quod
1226 1345 1344 1427 liquido
1365 1351 1396 1407 et
1409 1344 1522 1406 diserte
1542 1358 1609 1405 rem
1627 1340 1767 1403 definiet.
1789 1340 1885 1402 Sadin

302 1438 395 1499 stanti
421 1437 561 1518 temporis
583 1432 812 1518 presentialiter
834 1435 930 1498 edeam
957 1437 1071 1516 scribit,
1123 1438 1273 1499 anamais
1285 1445 1406 1519 partem
1421 1437 1504 1498 trahi
1518 1431 1886 1517 possuntomnesissede

301 1531 395 1611 idque
409 1530 514 1591 airardi
532 1529 673 1608 exemplo
697 1536 865 1608 utcumque
880 1529 1024 1606 declarat,
1040 1532 1073 1591 in
1123 1531 1293 1593 eternitate
1308 1531 1478 1607 sententie,
1492 1546 1569 1611 quas
1579 1530 1639 1589 hoc
1651 1532 1683 1588 et
1696 1526 1886 1587 antecedente

303 1642 364 1703 quo
378 1628 530 1704 parneium
544 1622 703 1703 quodlibet
725 1622 808 1702 quod
831 1627 876 1683 est
898 1623 1071 1700 inamhitu,
1122 1623 1156 1684 in
1167 1623 1247 1685 libro
1267 1625 1487 1705 congessimus.
1508 1624 1692 1701 Quanquam
1709 1620 1771 1680 hoc
1787 1618 1885 1698 μιαί·
1923 1642 1943 1685 ιι

302 1717 359 1776 etsi
372 1716 567 1777 individuum
587 1718 643 1791 est,
667 1732 733 1775 non
746 1720 852 1775 tamen
866 1715 958 1776 coicis
982 1715 1075 1778 alteri
1122 1735 1222 1797 puum
1243 1719 1360 1780 hebent
1380 1721 1601 1798 argumentum
1623 1712 1678 1794 qui
1698 1712 1738 1773 od
1759 1712 1887 1792 priorem
1914 1710 1961 1788 31]

298 1816 410 1890 puncto
423 1810 483 1870 sita
497 1807 669 1890 proximum
680 1814 723 1869 est
734 1816 767 1869 at
781 1808 886 1869 cantet
900 1826 965 1869 cum
979 1826 1018 1870 eo.
1034 1810 1075 1871 rit
1122 1814 1237 1872 secum
1253 1811 1479 1886 adhereecnnt,
1495 1811 1579 1890 quod
1600 1813 1706 1888 aperte
1722 1805 1832 1866 mutire
1848 1805 1887 1865 ita
1965 1825 1972 1838 .

301 1906 443 1963 centrum
457 1903 540 1982 quod
553 1902 586 1962 in
609 1900 712 1963 medio
726 1901 861 1981 positum
875 1907 930 1977 ost,
951 1901 1075 1964 quilibet
1123 1904 1228 1964 Patres
1247 1905 1390 1984 antiquos
1404 1909 1556 1965 asserunt.
1576 1902 1647 1963 Sed·
1658 1900 1684 1959 si
1702 1899 1772 1979 quis
1786 1898 1886 1978 preju

301 2001 427 2075 puncto,
462 1995 679 2075 quodcumque
715 1994 842 2055 tandem
879 1994 1074 2073 designatam
1123 1996 1255 2057 dicatam
1286 1997 1327 2057 ad
1352 1996 1421 2057 illos
1445 1995 1594 2076 legendos
1621 1992 1801 2074 opinionem
1828 2006 1886 2051 nan

300 2087 393 2149 itaerit
421 2088 453 2147 in
476 2088 605 2164 ambitu,
635 2104 674 2148 ex
697 2083 824 2148 adverso
837 2089 1012 2168 respondet.
1029 2089 1075 2148 lta
1122 2088 1241 2166 aiierat,
1265 2089 1389 2150 nullum
1414 2090 1448 2149 in
1470 2089 1508 2149 iis
1533 2087 1606 2149 sotis
1624 2086 1773 2146 idoneum
1794 2082 1887 2144 firme

305 2180 481 2259 aquidquid
494 2182 529 2241 in
539 2198 733 2261 quacumque
752 2182 839 2259 parte
852 2181 1002 2260 temporis
1015 2186 1072 2257 est,
1122 2184 1265 2243 mentum
1286 2182 1430 2262 reperiet.
1456 2181 1580 2243 Etenim
1597 2179 1739 2260 plerique
1756 2182 1886 2238 immun

300 2273 439 2334 coexistit
454 2278 583 2351 aeterno,
606 2273 648 2333 ait
670 2273 702 2334 S.
727 2273 873 2349 Thomas,
892 2275 978 2353 qnasi
992 2291 1073 2353 prae-
1123 2274 1249 2336 illorum
1258 2275 1377 2335 trituras
1396 2292 1445 2336 res
1460 2293 1526 2335 non
1546 2276 1715 2353 praesentes
1732 2270 1887 2331 eterniod

300 2383 370 2426 sens
389 2366 501 2442 eidem,
517 2366 574 2426 etsi
586 2370 728 2445 respectu
742 2364 868 2425 alterius
886 2367 981 2445 partis
993 2372 1073 2427 tem·
1122 2368 1256 2444 relileo,
1272 2368 1326 2429 sed
1337 2365 1783 2448 praeteritasjamessedicuut.
1797 2363 1888 2437 Quare

300 2458 383 2539 poris
409 2459 448 2518 sit
469 2459 663 2537 praeteritum
684 2455 734 2518 val
759 2457 912 2519 iratumm.
935 2479 951 2516 a
977 2459 1014 2518 Et
1041 2460 1074 2519 in
1123 2461 1169 2520 uti
1183 2478 1255 2522 eum
1275 2465 1444 2540 presentes
1467 2459 1591 2520 easdem
1605 2474 1670 2518 esse
1691 2454 1887 2535 leguntapud

300 2551 489 2631 Compendio
505 2551 669 2630 theologie
680 2570 747 2631 cap.
771 2567 896 2613 camin:
917 2572 932 2608 a
947 2552 1073 2612 Gentin-
1122 2553 1201 2630 illos,
1226 2553 1298 2614 satis
1320 2553 1379 2614 hoc
1404 2553 1462 2613 sibi
1481 2569 1546 2613 esse
1571 2552 1698 2627 ducamt,
1718 2554 1756 2609 ut
1777 2547 1888 2608 realiter

299 2643 404 2722 gentio
427 2642 510 2717 dicit,
530 2642 601 2703 licet
621 2648 714 2722 prout
739 2649 811 2703 sunt
824 2644 858 2703 in
879 2644 941 2703 suis
963 2645 1071 2721 causis,
1122 2646 1277 2707 omninno
1290 2647 1353 2707 Deo
1370 2643 1516 2723 (sicenim
1529 2640 1886 2725 loquunturiafflranent;

299 2736 414 2796 virtute
422 2734 527 2795 tritura
533 2735 705 2812 existentia,
716 2751 782 2796 non
796 2736 858 2796 sint
871 2736 1075 2798 determinata
1123 2740 1166 2800 ita
1180 2754 1251 2799 cum
1265 2740 1436 2818 praeteritas
1452 2739 1594 2813 audiunt,
1610 2754 1676 2798 non
1685 2736 1753 2815 jam
1767 2735 1888 2796 emtore

298 2826 338 2889 ad
351 2842 461 2905 unum,
473 2833 509 2888 ut
517 2828 556 2889 de
565 2827 696 2889 eiscerte
705 2829 838 2907 cognitio
847 2829 953 2889 haberi
961 2831 1071 2908 possit3
1122 2832 1176 2892 sed
1191 2831 1325 2892 extitisse
1341 2835 1371 2892 et
1384 2848 1449 2892 esse
1462 2831 1587 2892 desisse
1607 2829 1757 2910 suspicari
1770 2826 1885 2887 debent.

297 2927 403 2982 tamen
416 2926 510 3001 prout
530 2926 603 2982 sunt
625 2922 748 2981 actutu
763 2912 1073 3001 suoesse,ja1i1asse
1123 2924 1196 2985 Haeo
1214 2924 1298 2985 enim
1321 2924 1469 3003 praeteriti
1490 2922 1626 2985 conditio
1646 2926 1693 2982 ast
1714 2924 1752 2980 ut
1775 2934 1841 2980 aron
1855 2924 1887 2978 ιι

298 3013 503 3076 determinata
516 3014 556 3075 ad
572 3030 683 3089 unum,
700 3019 732 3075 et
745 3031 834 3093 posse
849 3014 888 3075 de
897 3016 941 3075 eis
956 3020 1073 3076 certam
1122 3016 1267 3096 amplius,
1282 3018 1336 3077 aad
1350 3022 1422 3077 unte
1435 3016 1538 3078 merit.
1555 3016 1656 3095 Atque
1666 3015 1735 3074 laec
1749 3011 1886 3093 preteriti

297 3107 406 3168 haberi
442 3107 662 3187 cognitionem.
689 3128 706 3165 o
734 3106 778 3168 Ac
805 3108 904 3168 ileum
932 3108 1073 3187 proxime
1122 3128 1179 3189 pro
1192 3108 1297 3170 daturo
1315 3109 1454 3189 ponendi
1472 3108 1624 3189 temporis
1647 3102 1885 3167 conmemdoia-

298 3206 370 3262 ante
380 3200 455 3262 dixit
467 3199 573 3261 initura
582 3214 766 3279 cognoscere
776 3209 867 3281 prout
881 3207 949 3260 caet
959 3206 1027 3261 octe
1041 3201 1073 3260 ait
1122 3200 1250 3262 miliaria
1259 3207 1305 3262 est
1318 3201 1488 3282 prophetis,
1499 3202 1587 3280 cujus
1601 3214 1724 3261 eausmn
1738 3196 1887 3259 atollimus

296 3310 348 3353 sao
370 3312 437 3354 esee.
467 3292 555 3368 Quod
577 3294 670 3353 etiam
684 3293 717 3353 in
731 3293 832 3372 primo
851 3290 1073 3354 Sententiarum
1121 3294 1214 3374 paulo
1233 3301 1322 3370 ante,
1343 3301 1379 3355 ut
1399 3298 1483 3355 certo
1504 3310 1572 3355 rem
1585 3292 1653 3353 iore
1675 3288 1886 3352 etomninoid

297 3384 430 3446 diadum.
459 3400 570 3446 auxum
597 3384 767 3464 quaestione
794 3385 927 3445 secunda
955 3386 1069 3447 donarit.
1121 3386 1205 3465 quod
1231 3384 1415 3467 predictum
1444 3386 1498 3462 sit,
1532 3390 1718 3447 eventumm
1750 3398 1817 3444 esec
1839 3381 1886 3441 da·

216 3500 224 3513 ·
298 3476 389 3537 Hunc
404 3478 544 3558 plerique
570 3477 708 3556 theologi
730 3482 914 3556 sequuntur,
930 3477 1019 3537 aliis*
1033 3494 1071 3537 ex
1120 3483 1305 3539 monstrent.
1331 3479 1419 3553 Quod
1446 3478 1528 3539 inter
1556 3483 1683 3539 caeteros
1709 3475 1888 3537 Novaiianua

297 3569 425 3630 adverso
453 3570 674 3649 pugnantibus,
700 3570 754 3648 qui
777 3586 842 3630 non
873 3570 974 3649 reipsa
994 3588 1072 3650 prae-
1120 3569 1200 3630 libro
1223 3569 1258 3630 de
1285 3570 1442 3640 Probitate,
1465 3586 1532 3651 cup.
1558 3586 1650 3632 mm
1672 3570 1716 3630 ita
1736 3566 1885 3628 declarat:

297 3667 398 3722 sentes
422 3678 486 3721 esse
500 3662 563 3722 Deo
586 3678 635 3722 res
657 3660 778 3721 futuras
805 3660 993 3737 existimant,
1018 3663 1069 3724 sed
1124 3664 1235 3743 aSepe
1254 3664 1339 3724 enlm
1359 3664 1517 3744 Scriptura
1534 3663 1639 3724 divine
1661 3678 1732 3743 quae
1756 3659 1887 3720 nondun

296 3753 387 3833 objici
398 3755 615 3815 mntrmmodo
628 3755 711 3815 illius
730 3755 908 3833 cognitioni,
920 3772 992 3817 cum
1006 3772 1071 3817 non
1120 3755 1199 3817 lacta
1212 3761 1295 3833 sunt,
1307 3772 1365 3835 pro
1374 3756 1460 3817 iactis
1474 3752 1649 3833 adnuntiat,
1660 3755 1734 3835 qrda
1743 3753 1786 3813 sio
1794 3752 1887 3813 mura

295 3850 366 3907 actu
390 3846 443 3908 sed
466 3851 615 3927 potestate
636 3847 736 3908 adhue
750 3848 892 3923 existant,
918 3848 1002 3928 quod
1016 3864 1072 3909 esse
1120 3854 1212 3909 sunt:
1237 3854 1268 3909 et
1290 3866 1360 3928 quae
1380 3849 1526 3909 amnibus
1553 3848 1655 3909 modis
1673 3846 1744 3908 fleri
1768 3844 1886 3917 boboni,

295 3937 432 4021 objectiva
461 3939 636 4017 nominant,
675 3958 740 4001 non
767 3940 847 4001 reati
870 3941 1068 4003 eoeaistentio.
1120 3956 1185 4001 non
1213 3941 1301 4021 quasi
1328 3941 1432 4001 tutum
1453 3941 1515 4001 sint
1537 3940 1704 4020 predicat,
1729 3938 1783 3999 eod
1810 3932 1888 4017 qoofl'

295 4032 475 4112 cujusmodi
489 4038 520 4092 et
538 4033 635 4093 sancti
658 4032 786 4094 Tharne
800 4038 938 4095 mentem
963 4034 1068 4110 titisse
1119 4034 1200 4095 iacta
1225 4034 1287 4094 sint
1319 4038 1466 4095 narrat.»
1499 4033 1588 4108 Quod
1618 4032 1712 4093 verda
1748 4027 1888 4109 exemplis

294 4143 359 4185 non
379 4125 503 4206 qualem
526 4125 620 4204 hujus
643 4124 784 4205 discipuli
799 4128 973 4207 complures
993 4144 1071 4208 pre-
1120 4127 1261 4188 adstruit.
1274 4126 1315 4187 Ut
1328 4142 1399 4187 cum
1415 4127 1513 4188 Fsaie
1527 4142 1556 4187 ιι
1570 4126 1698 4187 dicituro
1716 4124 1888 4187 Peene

294 4217 408 4296 dicam,
424 4218 658 4300 interpretando
672 4219 813 4281 suadent.
1119 4225 1163 4281 est
1176 4218 1268 4280 note.
1285 4219 1323 4279 Et
1346 4220 1444 4300 eapite
1467 4232 1517 4281 ιιιι
1533 4216 1674 4281 :ditatus
1692 4225 1734 4280 et
1753 4218 1824 4301 qacia
1836 4215 1888 4296 ape

295 4410 379 4471 reatem
399 4409 541 4477 presentiam
556 4416 580 4462 et
591 4410 743 4463 annotetur
758 4422 825 4476 quant
843 4411 890 4462 suis
905 4422 999 4477 quaque
1013 4414 1070 4463 tom-
1121 4410 1187 4461 ritate
1207 4409 1332 4475 gravisum
1348 4427 1355 4461 z
1380 4422 1407 4461 ea
1427 4406 1523 4461 advene
1543 4422 1640 4475 namque
1660 4422 1714 4462 cum
1732 4409 1805 4464 Sento
1820 4412 1851 4480 (ta
1866 4411 1884 4463 1.

294 4487 388 4552 pontus
404 4487 529 4538 sordumur
544 4505 550 4537 ι
566 4487 637 4538 dura
654 4491 697 4550 est,
711 4488 822 4553 eiusmodi
840 4488 895 4538 reali
913 4487 1070 4540 coercitionis
1117 4486 1170 4537 dist.
1201 4496 1297 4537 ιιιιι.
1317 4500 1340 4551 q.
1364 4483 1395 4552 ι.)
1418 4490 1520 4551 puguant
1546 4499 1626 4538 onnes
1647 4486 1747 4539 motata
1769 4503 1776 4537 ε
1795 4498 1888 4554 mi

294 4562 403 4614 ratonem
418 4562 544 4623 contuere
564 4577 610 4628 qua
628 4563 704 4616 intera
722 4578 736 4615 a
756 4564 804 4617 oea
817 4564 944 4617 mrisaim
957 4562 1068 4631 sciuntur)
1120 4560 1250 4624 sarbonici,
1267 4561 1457 4628 quemadmodum
1472 4575 1499 4612 ex
1517 4562 1547 4613 iia
1568 4565 1629 4628 patet
1650 4576 1702 4628 que
1715 4562 1832 4630 Philippos
1844 4562 1884 4616 ue

294 4637 409 4690 numerari
426 4638 523 4689 maxime
548 4639 695 4691 debentium
718 4640 806 4691 Bannes
827 4639 864 4707 (ln
881 4641 899 4693 l.
921 4654 944 4706 p.
967 4653 990 4705 q.
1011 4650 1066 4693 ιιι,
1116 4636 1231 4690 machaus
1257 4636 1292 4705 (ln
1311 4639 1329 4689 l.
1346 4652 1369 4704 p.
1386 4651 1410 4703 q.
1435 4648 1490 4688 ιιι.
1511 4651 1563 4703 cap.
1584 4636 1625 4704 ιιι)
1647 4642 1670 4689 et
1687 4636 1796 4690 Nicotaus
1809 4639 1884 4691 inn-

295 4718 339 4765 ιιι.
363 4708 414 4779 aot,
440 4713 518 4764 Zumel
538 4713 613 4781 (Tam.
637 4712 675 4766 ill.
699 4710 794 4769 Verior.
820 4714 876 4766 dui.
905 4712 946 4780 1.).
974 4714 1067 4765 alvarez
1115 4714 1193 4767 bertus
1207 4712 1241 4785 (iu
1254 4715 1274 4767 l.
1290 4731 1314 4782 p.
1339 4716 1366 4767 ad
1382 4729 1405 4781 q.
1421 4727 1476 4767 xiv.
1502 4712 1746 4783 disputatoriam
1772 4716 1795 4769 3.
1818 4713 1885 4783 κη.)

295 4788 339 4858 (ile
361 4789 473 4850 oeaitiia,
483 4786 524 4840 lib.
548 4790 579 4840 ll.
606 4788 714 4855 disputat.
741 4802 799 4850 titt,
821 4788 870 4859 ιιι),
890 4790 999 4842 Ledesrm
1023 4789 1068 4857 (De
1115 4792 1227 4843 tradunt:
1244 4795 1371 4858 pugnante
1384 4791 1524 4843 nostratibus
1538 4791 1640 4859 plerique
1655 4804 1735 4844 omnes
1752 4806 1804 4845 eun
1816 4790 1885 4844 lento

294 4864 396 4917 coniitia
410 4864 494 4930 disput.
512 4864 541 4929 ιι)
559 4864 697 4931 etplerique
711 4866 848 4918 recentiores
862 4866 995 4928 Themista,
1019 4869 1068 4916 tom
1117 4867 1161 4934 (ile
1190 4868 1293 4919 cecilie
1316 4880 1367 4934 cap.
1396 4878 1442 4919 xx.
1472 4872 1496 4919 et
1521 4868 1557 4919 ile
1583 4867 1633 4920 dio.
1659 4868 1762 4934 pertici.
1786 4866 1827 4919 litt.
1850 4866 1882 4917 u.

293 4954 333 4993 rex
354 4940 519 5006 antiquioribus
540 4940 663 5007 Capreolus
686 4941 720 5005 (ln
741 4942 761 4993 1.
783 4942 1066 5005 intueremur,
1116 4957 1167 5009 cap.
1183 4954 1213 4994 ιι.
1229 4957 1253 4996 ιι.
1280 4941 1580 5011 ao.),taquto(1at.p.
1598 4943 1682 5010 disput.
1699 4943 1780 5011 oswi,
1809 4941 1884 4996 anua

294 5015 428 5084 xxxtrul,
455 5017 583 5070 Richardas
601 5015 635 5083 (lo
654 5016 673 5069 1.
694 5017 747 5070 dist.
767 5030 862 5072 ιιιιιι.
885 5024 930 5070 ιιι.
946 5019 970 5069 t.
988 5033 1011 5084 q.
1037 5018 1067 5086 1.)
1115 5017 1210 5087 (opusc.
1226 5019 1356 5071 Deretini.
1380 5019 1426 5070 Det
1448 5018 1489 5071 lib.
1500 5019 1520 5071 l.
1535 5032 1587 5086 cap.
1603 5018 1661 5085 ιιι),
1672 5019 1769 5086 Ripalta
1781 5017 1882 5084 imme

294 5092 408 5144 liatsilias
439 5092 474 5161 (in
492 5094 510 5145 l.
539 5106 563 5158 q.
588 5104 632 5143 ιιι..
649 5096 693 5144 art.
717 5092 742 5161 2)
761 5094 919 5146 stabulensis
938 5092 972 5161 (ln
994 5094 1068 5146 iosue
1115 5092 1218 5160 tieobq.
1234 5109 1313 5161 opusc.
1329 5106 1360 5145 ιι.
1385 5092 1478 5160 prelud.
1494 5106 1531 5145 ιι.
1555 5109 1595 5147 uu.
1612 5092 1644 5146 st
1657 5092 1733 5161 seqq.)
1752 5099 1775 5146 et
1791 5090 1883 5145 Antonio

294 5181 332 5233 qq.
373 5168 567 5237 ιιιιιι-ιιιιιι).
596 5169 737 5237 Quapropter
766 5185 811 5222 uon
840 5170 895 5222 ntis
926 5170 1069 5235 asseqnmu
1114 5169 1184 5221 Perea
1199 5168 1243 5239 (De
1256 5171 1359 5222 scientio
1384 5167 1883 5236 Dei,dispnt.1u.cap.rv.atilelatai·

294 5242 349 5308 quid
367 5242 410 5294 allii
424 5242 543 5309 micenas
566 5243 748 5312 (1111.qu
768 5248 812 5296 ιιι.
836 5242 888 5310 ιθ.)
910 5245 1007 5297 voluerit
1028 5246 1068 5296 in*
1114 5246 1198 5310 ltpaot.
1225 5246 1440 5313 beatiorem.
1467 5246 1512 5297 art.
1541 5244 1582 5297 is.
1610 5254 1663 5312 cap.
1685 5243 1743 5312 tui)
1764 5254 1882 5310 :aenea

294 5318 383 5384 quiens,
398 5318 441 5370 sibi
459 5319 560 5370 omnium
573 5320 646 5385 primo
660 5319 753 5385 spiritus
766 5332 812 5371 nou
826 5319 925 5372 delaissa
937 5319 1067 5372 dedicandi
1114 5320 1238 5373 iaontstts
1251 5321 1332 5373 desum
1350 5322 1389 5388 qul
1409 5332 1437 5374 er
1454 5320 1550 5374 emerso
1568 5324 1679 5389 pugnent,
1695 5320 1726 5373 uti
1749 5320 1777 5372 ib
1797 5320 1882 5386 phun

294 5394 398 5456 Thone,
418 5393 484 5459 cuias
497 5399 595 5447 manent
616 5394 659 5446 sibi
678 5409 768 5460 quoquo
781 5395 883 5462 pluribus
900 5396 965 5447 annis
978 5395 1068 5463 imper·
1115 5397 1159 5448 erit
1179 5397 1218 5463 qai
1244 5397 1326 5449 liezan
1349 5396 1385 5465 (in
1404 5399 1423 5449 l.
1439 5398 1494 5450 dist.
1514 5408 1628 5449 ιιιιιιι.
1650 5412 1675 5464 q.
1692 5409 1722 5449 ιι.
1749 5400 1790 5449 art
1809 5392 1833 5459 2)
1860 5397 1881 5443 et

295 5470 354 5522 viam
367 5469 479 5536 protunda
491 5471 582 5522 undana
596 5470 744 5523 meditatim
757 5471 904 5536 perspexerit.
919 5471 950 5524 Ε.
968 5472 999 5525 ii.
1114 5471 1227 5524 hanam
1253 5472 1340 5539 (tract.
1361 5484 1398 5536 ιι,
1420 5473 1505 5539 dumi.
1529 5483 1570 5524 ιιι.
1584 5488 1610 5538 q.
1635 5472 1678 5539 ιι.)
1694 5472 1809 5536 digner
1830 5478 1880 5519 ooo·

328 5546 336 5562 ⁸
353 5545 396 5604 Qui
410 5560 437 5596 ex
451 5545 545 5598 adiano
559 5549 669 5611 pugnant,
681 5559 773 5598 numero
783 5550 836 5598 sunt
848 5544 938 5612 pluunt
948 5551 971 5597 ei
984 5552 1068 5599 aucm-
1115 5546 1205 5600 solent.
