3956 6168
291 258 295 262 ’
338 297 397 358 ιιι
841 295 1168 358 ιιιιιιιιιιιιιι
1189 296 1406 358 amararum

338 462 540 542 philosophus
566 462 790 542 perantiquus,
819 461 874 541 qui
906 460 941 521 in
967 460 1108 523 oratione
1155 463 1263 541 gratiae
1276 462 1323 523 illi
1336 461 1570 542 adjungendum
1578 462 1618 524 sit
1628 462 1786 525 auxilium.
1799 465 1895 528 Videet

189 562 292 606 ainana·
338 573 432 634 quam
439 574 496 635 pro
503 554 689 631 christianis,
699 555 801 616 Marco
808 553 934 616 Aurelia
947 553 1108 614 Antonino
1156 559 1249 633 caput
1262 555 1400 634 ejusdem
1413 553 1485 616 libri
1504 555 1596 616 LXXI
1617 561 1649 616 et
1666 556 1779 630 Lxxtl,
1799 558 1895 637 quoin

210 626 271 670 Μ’
337 653 369 707 ιι
394 649 428 708 L.
454 647 580 708 Aurelio
608 646 775 709 Commodo
797 645 1036 726 imperatoribus
1057 645 1107 706 in·
1156 646 1319 723 posteriori
1333 646 1735 709 maximahominesomnes
1751 668 1766 705 ι
1783 649 1895 727 ejusdem

337 740 469 821 scripsit,
484 740 602 820 angelis
616 744 646 801 et
664 737 845 800 hominibus
857 738 952 799 talem
965 737 1108 799 attribuit
1156 736 1199 796 ait
1226 756 1291 799 esse
1304 744 1436 816 naturae,
1452 744 1484 801 et
1496 744 1637 819 potentes
1655 740 1788 801 retinere
1800 746 1828 802 et
1838 760 1895 822 ope

336 831 522 909 libertatem,
538 850 608 912 quse
622 836 732 911 sponte
746 836 846 891 suaet
860 849 899 891 ex
911 847 977 891 sese
990 830 1030 890 ad
1042 829 1106 889 rir-
1155 827 1218 888 rari
1232 829 1362 908 bonum,
1385 837 1417 892 et
1431 835 1572 912 potentes
1589 849 1715 915 rursum
1735 833 1896 896 amittereid

336 928 437 985 tutem
458 930 513 987 aut
534 924 648 986 vitium
670 923 794 999 incitari
814 923 920 1002 possit.
946 943 962 979 ι
981 921 1107 1001 Alioqui
1156 924 1187 980 et
1200 938 1264 982 non
1277 922 1389 984 iacere.
1405 944 1420 981 ι
1438 925 1519 984 Tum
1532 923 1566 984 in
1579 923 1661 986 ιιὸίι
1679 924 1767 984 ritmo
1781 923 1829 987 hoc
1843 910 1893 996 esse,

336 1034 438 1095 neque
458 1016 534 1077 boni
553 1016 673 1077 honore
693 1033 729 1075 ae
747 1014 878 1094 premio
896 1014 1104 1089 afficerentur,
1155 1027 1194 1071 ex
1207 1032 1269 1092 quo
1283 1015 1350 1075 laris
1363 1021 1418 1076 aut
1439 1016 1625 1096 vituperatio
1645 1021 1799 1094 aequam
1816 1018 1896 1079 Sicin

336 1125 438 1188 neque
451 1108 526 1169 mali
540 1106 702 1187 supplicio,
718 1105 780 1167 nisi
794 1106 828 1166 in
849 1105 976 1167 illorum
985 1105 1057 1184 jure
1070 1123 1107 1167 ac
1154 1104 1264 1182 qrrinto
1273 1106 1353 1168 libro
1363 1108 1461 1189 capite
1470 1108 1602 1189 septimo
1615 1108 1809 1183 etvioesimo,
1818 1111 1896 1172 Chris

336 1207 486 1280 potestate
498 1201 612 1262 vitium
624 1204 704 1260 esset
717 1204 748 1259 et
759 1197 859 1258 vintru
872 1208 898 1259 ι.
913 1220 929 1256 ι
1153 1200 1223 1258 tum
1243 1197 1319 1260 dicit
1340 1217 1406 1261 esse
1427 1222 1443 1259 ι
1463 1201 1662 1263 discretorem
1681 1201 1896 1265 credentiamet

352 1369 354 1373 ¹
376 1295 512 1356 Irenaeus
534 1294 569 1354 iu
590 1292 698 1353 eadem
715 1295 747 1351 et
771 1290 925 1351 sententia
943 1295 975 1350 et
992 1288 1104 1369 proba·
1154 1306 1219 1350 uon
1241 1291 1446 1369 credentium,
1466 1292 1616 1371 quoniam
1642 1311 1683 1354 ex
1699 1311 1755 1355 sua
1770 1297 1895 1357 sanantis

334 1386 421 1448 tione
433 1384 647 1447 vehementius
660 1402 696 1444 ae
714 1382 859 1444 disertius
871 1381 995 1442 insistit.
1013 1381 1105 1459 Cujus
1153 1374 1311 1444 credentes
1327 1383 1444 1446 iaciunt
1461 1384 1527 1463 ejus
1542 1383 1746 1461 voluntatem,
1763 1392 1794 1447 et
1810 1407 1844 1449 es
1854 1408 1896 1452 ιιι

334 1477 388 1538 illa
407 1483 480 1539 sunt
502 1477 637 1539 eximia:
664 1497 679 1533 a
699 1476 810 1547 Homo,
833 1474 947 1552 inquit,
967 1474 1103 1536 rationa-
1152 1476 1305 1536 sententia
1319 1476 1531 1538 inobedientes
1549 1496 1614 1539 ιιι
1633 1478 1784 1540 areedunt
1800 1481 1895 1560 addus

334 1569 405 1630 bibe
424 1577 455 1632 et
477 1569 649 1633 secundum
670 1566 730 1628 hoc
753 1565 864 1626 similis
884 1567 957 1641 beo,
976 1566 1056 1626 liber
1069 1567 1103 1627 in
1152 1564 1336 1627 docuinam.
1374 1568 1462 1629 Unde
1489 1569 1690 1631 manifestum
1715 1577 1779 1648 est,
1805 1573 1892 1652 inquit

333 1660 464 1723 arbitrio
485 1662 584 1723 iactus
606 1666 638 1722 et
661 1677 726 1720 suae
752 1658 922 1737 potestatis,
951 1658 1017 1737 ipse
1043 1659 1104 1720 sibi
1152 1659 1633 1739 quoniametPaterejusomnes
1646 1662 1895 1741 quidemsimiliter

333 1772 425 1815 ιιιιιι
446 1760 492 1816 est
509 1752 729 1832 utaliquando
749 1751 877 1830 qudem
896 1750 1099 1827 humentem,
1151 1748 1238 1826 feeit,
1267 1753 1425 1832 propriam
1451 1754 1638 1815 sententiam
1665 1773 1894 1838 unumqumrqae

331 1845 499 1925 aliquando
522 1851 627 1906 autem
649 1844 737 1924 palea
762 1842 827 1903 fiat.
857 1844 1050 1922 Quapropter
1072 1849 1103 1904 et
1151 1840 1318 1905 habentem
1332 1850 1364 1906 et
1382 1863 1509 1907 sensum
1530 1846 1676 1908 liberum.
1692 1848 1773 1928 Ergo
1786 1849 1893 1912 liberam

326 1938 410 2016 juste
436 1937 704 2009 condemnabitur,
733 1934 882 2015 quoniam
909 1935 1102 1996 rationabilis
1150 1940 1280 1998 eatenus
1291 1955 1417 2000 sensum
1430 1946 1462 1999 et
1475 1940 1635 2019 propriam
1648 1958 1686 2000 ac
1698 1958 1788 2002 suam
1798 1950 1894 2004 senten

330 2030 429 2091 facms
441 2031 662 2091 amisitveram
673 2029 828 2089 rationem
839 2025 861 2086 ¹.
877 2027 978 2099 »Quae
992 2028 1102 2088 lrenaei
1149 2026 1226 2088 tiam
1248 2029 1390 2092 homines
1415 2031 1543 2108 habent,
1572 2038 1608 2093 ut
1634 2033 1762 2094 credant
1784 2035 1827 2096 rel
1845 2053 1893 2096 ιιι

330 2123 425 2183 verba
443 2141 509 2184 non
528 2123 631 2184 solum
647 2125 720 2181 ante
739 2124 900 2199 peceatum
919 2119 953 2178 in
972 2117 1101 2180 homine
1149 2120 1287 2197 credant,
1311 2122 1457 2184 obediant
1480 2123 1532 2184 vel
1556 2142 1622 2185 non
1641 2124 1789 2187 obediant
1808 2128 1891 2188 lieo.»

330 2215 432 2292 primo
446 2215 623 2275 libertatem
634 2212 727 2274 busse
748 2210 883 2291 probant
900 2211 1031 2288 arbitrii,
1047 2213 1101 2274 sed
1149 2210 1229 2272 Hinc
1250 2212 1335 2274 idem
1358 2215 1392 2275 in
1409 2215 1592 2294 fragmentis
1611 2218 1760 2278 Demetrii
1782 2220 1892 2297 Ιιίιιιρί,

330 2306 503 2367 etiamnum
516 2306 550 2365 in
564 2323 601 2367 eo
615 2321 822 2385 perseverare,
838 2319 911 2363 eum
928 2302 1028 2381 ipsam
1041 2303 1100 2365 sibi
1152 2303 1377 2367 «volumtatem
1390 2307 1489 2368 animi
1501 2308 1610 2369 definit
1621 2308 1850 2371 intellectualem
1859 2330 1894 2370 ra

329 2415 453 2458 corisum
480 2415 546 2459 esse
566 2398 642 2459 dicit
664 2403 700 2457 ut
726 2395 892 2475 aliquando
920 2394 1009 2473 palea
1032 2396 1096 2471 fiat,
1147 2394 1266 2457 tionem
1289 2397 1324 2458 in
1343 2397 1434 2459 nobis
1452 2399 1554 2475 sitam,
1574 2400 1693 2481 quippe
1715 2421 1787 2464 cum
1802 2403 1837 2464 sit
1851 2421 1892 2483 pr

329 2489 495 2568 aliquando
509 2489 712 2563 frumentum,
735 2504 870 2567 quorum
893 2485 978 2565 prius
997 2487 1099 2549 solum
1149 2493 1241 2549 testas
1255 2489 1321 2567 ejus
1336 2490 1533 2552 liberaetsui
1545 2492 1676 2553 arbitrii.
1691 2515 1708 2551 ι

328 2587 360 2641 et
373 2599 429 2660 per
443 2598 518 2656 sese,
536 2580 689 2660 posterius
709 2580 881 2659 opitulante
902 2576 975 2638 facit
987 2581 1096 2658 gratim
1188 2580 1239 2640 Ill.
1254 2581 1631 2645 Clemensrllexandrinus
1644 2585 1678 2645 in
1691 2586 1894 2649 ιιιιιιιιδιιι
1954 2636 1955 2639 ,

327 2678 496 2752 utrumque
509 2678 614 2733 autem
628 2671 724 2732 libere
734 2689 770 2731 ac
783 2670 858 2731 citra
872 2670 1096 2732 neoessitatem.
1146 2679 1261 2733 ιιιιιιι
1275 2674 1450 2736 luculenter
1470 2674 1614 2752 affirmat,
1636 2678 1763 2740 eredere
1783 2686 1831 2740 aut
1844 2698 1892 2740 ιιι

328 2765 416 2838 Quod
429 2765 538 2826 eodem
551 2766 584 2824 in
599 2764 678 2825 libro
695 2764 793 2843 rapite
806 2780 890 2823 nono
903 2780 939 2822 ιι
951 2763 1097 2824 vicesimo
1146 2764 1272 2826 credere
1293 2784 1359 2827 esse
1382 2766 1472 2827 liberi
1495 2767 1614 2828 arbitrii
1631 2774 1663 2829 et
1685 2769 1834 2831 dectioms
1851 2771 1894 2830 hu

327 2856 625 2918 deelarathisverbis
633 2853 891 2932 asserensaquod
901 2857 967 2913 erat
976 2871 1098 2934 semper
1146 2872 1265 2931 manae,
1291 2877 1357 2919 non
1379 2860 1582 2935 necessitatis,
1608 2861 1758 2923 adversus
1783 2861 1892 2923 vune-

325 2948 458 3010 liherum
473 2954 505 3009 et
524 2966 590 3010 suaa
606 2948 764 3029 potestatis
779 2947 815 3006 in
834 2946 962 3007 homine
976 2965 1097 3027 semper
1145 2947 1256 3008 niauos
1279 2950 1440 3030 disputans
1458 2951 1514 3029 qui
1526 2950 1622 3013 fidem
1640 2954 1795 3033 negabant
1809 2954 1838 3014 in
1851 2972 1892 3013 ιι

325 3059 461 3102 servasse
483 3042 594 3117 Deum,
615 3046 647 3101 et
666 3058 755 3101 suam
780 3038 1039 3115 exhortationem,
1061 3047 1097 3101 ut
1144 3038 1265 3101 luntate
1273 3047 1381 3103 nostra
1394 3059 1459 3103 esse
1468 3043 1570 3119 sitam,
1586 3045 1640 3105 sed
1653 3050 1768 3106 ιιιιιι
1779 3045 1894 3107 dicebant

321 3133 404 3212 justo
426 3135 614 3194 damnentur
627 3132 683 3212 qui
701 3151 767 3193 non
783 3130 978 3206 obedierunt,
988 3136 1020 3192 et
1040 3131 1094 3212 qui
1145 3131 1235 3192 certis
1242 3132 1893 3216 honrinibusinditam.Coutraquospriman

325 3226 474 3286 obedirmt
491 3229 522 3285 et
542 3225 672 3286 credunt
700 3225 746 3301 ei,
767 3223 962 3284 honorentur
991 3223 1094 3284 innor—
1144 3222 1234 3284 docet
1256 3228 1407 3301 προαιρεσιν,
1427 3225 1460 3286 id
1483 3233 1539 3303 est,
1563 3226 1733 3290 electionem
1755 3248 1808 3291 erre
1821 3228 1891 3309 puia-

324 3316 572 3395 ruptibilitate.a
1143 3314 1256 3394 atpium
1282 3316 1407 3377 aetionis
1430 3309 1568 3379 hummare
1585 3317 1606 3379 ὁ.
1633 3321 1726 3397 Tum,
1750 3321 1777 3380 si
1796 3321 1893 3381 fidesa

364 3410 402 3468 ll.
425 3410 492 3482 Quo
506 3408 633 3487 quidem
642 3409 677 3468 in
686 3409 753 3469 loco
762 3413 879 3468 temere
889 3408 1094 3488 imperiteque
1143 3413 1256 3467 natma
1268 3407 1360 3467 insita
1370 3408 1427 3469 sit:
1441 3409 1656 3472 «Voluntariae
1667 3431 1743 3491 ergo
1752 3413 1892 3489 meaque

324 3501 467 3561 Nicolaus
474 3500 622 3561 Gallasius
631 3500 818 3561 (lenovensis
827 3499 973 3559 alumnus
981 3500 1094 3561 scholae
1143 3498 1310 3575 electionis,
1335 3500 1448 3578 inquit,
1469 3519 1533 3562 ιιι
1555 3503 1613 3563 erit
1633 3504 1785 3565 laudabile
1801 3505 1892 3565 habim

325 3593 477 3653 Irenaeum
486 3592 655 3669 redarguit,
667 3592 750 3670 quod
759 3592 880 3652 salvum
890 3609 1017 3652 manere
1026 3598 1095 3671 post
1142 3588 1229 3665 fides,
1241 3592 1266 3651 si
1280 3597 1326 3651 est
1338 3598 1460 3653 natmae
1469 3595 1685 3673 praerogativa,
1694 3596 1891 3676 nequejustam

323 3690 483 3764 peccatum
500 3683 634 3743 liberum
647 3688 736 3762 putat
753 3682 928 3758 arbitrium,
944 3684 1092 3761 quemad·
1142 3685 1318 3745 mercedem
1331 3691 1539 3764 consequetur
1551 3687 1606 3765 qui
1618 3706 1684 3748 non
1698 3689 1892 3761 crediditrurr

323 3776 451 3837 modurn
465 3780 496 3836 et
509 3774 680 3835 Abraamus
695 3774 849 3836 scultetus
863 3773 887 3851 ¹,
903 3780 934 3835 et
952 3779 1023 3834 ante
1036 3775 1094 3836 hos
1142 3773 1175 3834 in
1190 3775 1280 3855 culpa
1293 3776 1422 3837 minime
1437 3777 1486 3852 sit,
1503 3795 1605 3857 neque
1619 3779 1675 3858 qui
1688 3781 1822 3856 eredidit,
1835 3778 1890 3858 quia

322 3869 400 3930 duos
423 3866 650 3928 centuriatores
678 3866 957 3946 Magdeburgenses
981 3864 1003 3926 ³.
1033 3867 1094 3940 Qui
1141 3885 1235 3929 causa
1254 3887 1319 3929 ιιι
1342 3874 1423 3930 este
1438 3890 1454 3927 ι
1479 3870 1637 3931 Nimirum
1658 3872 1744 3951 quod
1765 3870 1890 3935 naturalis

322 3960 539 4021 haereticorum
557 3976 644 4019 error
657 3958 718 4019 alio
734 3977 753 4019 ι
767 3959 857 4019 nobis
870 3958 938 4018 loco
953 3958 1091 4019 confuta-
1141 3961 1305 4021 necessitas
1325 3961 1502 4022 bbertotem
1520 3963 1667 4024 excludit.
1687 3986 1704 4021 ι
1723 3965 1800 4025 Nam
1815 3964 1891 4024 sina

320 4051 415 4113 bitur.
429 4053 518 4112 Nunc
532 4050 616 4130 quod
629 4050 763 4111 instituti
776 4056 822 4111 est
841 4050 946 4128 hujus,
966 4057 1093 4129 apparet
1140 4056 1290 4130 tauquam
1303 4052 1444 4113 inanima
1458 4054 1652 4116 natmalibus
1673 4055 1888 4136 operationibus

321 4143 473 4221 ejusmodi
491 4142 614 4202 arbitrii
632 4141 808 4202 libertatem
827 4141 861 4201 in
874 4141 1003 4201 homine
1016 4160 1091 4202 eon·
1140 4143 1363 4204 velutfrmibus
1373 4143 1570 4223 quibusdam,
1585 4148 1753 4224 trahimur,
1767 4163 1888 4226 superra-

320 4236 406 4295 stitui
420 4235 460 4295 ab
475 4235 603 4308 Irenaeo,
616 4233 741 4312 qualem
754 4232 811 4293 soli
825 4232 955 4292 inficiari
962 4239 1091 4312 possunt
1140 4253 1271 4296 coneum
1280 4243 1327 4297 est
1334 4235 1582 4299 involuntarium
1593 4236 1684 4319 (sorte
1693 4239 1888 4309 volumtariurt

320 4325 780 4403 adversarii,catholiciomnino
790 4324 1088 4403 debentagnoscere,
1140 4326 1173 4387 id
1187 4326 1367 4409 ιιιικιιιιιι)
1384 4334 1416 4388 ιι
1428 4329 1576 4407 appetitio
1600 4349 1672 4410 quaa
1692 4331 1745 4392 illa
1757 4329 1888 4411 precedit.

320 4437 390 4499 qum
403 4419 443 4479 ad
455 4417 574 4478 malum
583 4417 741 4477 bonumve
754 4416 934 4476 necessitate
944 4415 1031 4477 nulla
1043 4435 1091 4478 ra·
1138 4418 1201 4479 Nec
1214 4438 1272 4498 ego
1286 4419 1462 4498 eujrismodi
1474 4422 1515 4481 sit
1533 4421 1609 4483 illud
1630 4424 1746 4485 animal
1762 4423 1887 4500 intelligo,

319 4511 433 4588 piatur,
452 4509 507 4570 sed
524 4509 565 4569 ad
582 4507 735 4568 utrumvis
754 4513 836 4567 nutu
854 4526 891 4567 ac
910 4513 1020 4586 sponte
1034 4526 1090 4569 sua
1139 4510 1310 4587 aspisatim
1333 4512 1499 4592 appetendi
1518 4513 1558 4573 ab
1580 4520 1711 4576 externa
1722 4532 1810 4577 causa
1821 4529 1886 4575 com-

319 4600 519 4681 propendeat,
533 4599 656 4661 tametsi
670 4599 754 4679 quod
771 4599 811 4660 ad
829 4597 948 4660 bonum
967 4600 1087 4677 attinet,
1138 4606 1256 4663 motam
1269 4604 1433 4664 necessitas
1446 4609 1492 4665 est
1505 4606 1613 4667 sortita
1626 4603 1684 4667 ‘ta

354 4818 376 4858 a
394 4802 534 4857 bruerio.
557 4797 604 4861 Ὣς
617 4798 646 4868 δὴ
661 4799 702 4851 καὶ
717 4798 819 4852 ἐπὶτῶν
841 4797 985 4870 ἀνθρώπων,
1000 4798 1086 4853 aridai·
1134 4801 1229 4872 ρισεως
1239 4802 1419 4876 πλεονέκτημα·
1435 4802 1493 4857 οὐδὲ
1504 4804 1609 4877 ἀμιιὸῆς
1623 4808 1717 4869 δικαίας
1730 4804 1887 4869 estimaret

319 4886 438 4957 ρετιιιιαί
451 4884 495 4952 τὴν
510 4881 596 4955 ἀρετὴν
610 4883 650 4934 καὶ
671 4882 715 4948 τὴν
736 4882 821 4934 κακίαι
844 4880 961 4954 ἐχόντων·
979 4879 1029 4935 ἐπεὶ
1044 4880 1087 4935 aba
1135 4903 1187 4946 τιις
1198 4886 1233 4937 ὢν
1248 4885 1263 4938 d
1278 4885 1311 4956 μὴ
1325 4887 1465 4953 πιστεύσας,
1481 4890 1522 4942 καί
1530 4888 1574 4943 aba
1582 4888 1661 4953 αίτιις
1675 4891 1830 4952 ὀπιπεύσας.

319 4970 347 5021 ἂν
363 4966 461 5039 ἐτιμᾶτε
474 4967 531 5028 τοις
545 4964 659 5035 ἀγαθοὺς,
678 4962 730 5016 οὔτ’
745 4961 873 5024 ἐκολάζετε
888 4965 944 5025 τοις
955 4966 1085 5036 πονηροὺς,
1170 4966 1192 5022 d
1207 4967 1246 5022 lb.
1267 4968 1540 5043 Νειρισπαστιιμέιων
1562 4971 1589 5025 δὲ
1606 4974 1695 5045 ἡμῶν,
1710 4973 1806 5047 &piper
1823 4972 1885 5036 thqe,

319 5049 340 5102 si
354 5049 387 5122 μὴ
403 5048 440 5103 ἐπ’
454 5048 537 5111 αὐτοῖς
551 5044 580 5116 ἤν
593 5046 609 5115 ὴ
623 5046 695 5100 κακία
708 5045 776 5113 καλὴ
793 5045 876 5117 ἀρετή.
1135 5052 1245 5120 φυσικαῖς
1257 5048 1396 5123 ἐνεργείαις,
1412 5054 1441 5106 τό
1460 5073 1486 5108 τι
1502 5053 1617 5109 ἀκούσιοι
1632 5058 1759 5128 παρέλκει,
1772 5056 1829 5129 ὁρμή
1841 5050 1884 5117 rai

355 5133 475 5189 thEu.
505 5132 589 5186 silex.
606 5129 653 5186 lib.
677 5128 697 5184 ll
713 5131 822 5185 Strom.
848 5127 918 5182 Ἐπεί
933 5128 959 5183 δὲ
977 5129 1086 5203 πράξεων
1135 5135 1351 5207 πρικιθηγιυρέιη
1366 5136 1471 5191 τούτων·
1492 5138 1532 5191 καὶ
1557 5137 1640 5193 ahaim
1661 5140 1738 5213 ἔγωγε
1751 5138 1884 5200 herbidus

320 5212 383 5287 ἀρχὴ
398 5212 570 5285 ὴπριαίρεσις.
876 5246 878 5249 -
1135 5219 1218 5285 τοῦτο,
1233 5209 1262 5269 οὗ
1271 5217 1300 5270 τὸ
1313 5216 1446 5289 ὁρμητικὸν
1470 5218 1563 5291 dudm
1576 5221 1696 5297 λέλογχεν
1707 5221 1755 5277 tat
1764 5227 1803 5289 τῆς
1815 5219 1883 5283 ἔξιθι*

355 5309 370 5350 ο
388 5293 427 5349 lb.
447 5294 532 5348 utute
541 5289 583 5347 aba
599 5295 762 5367 προαιρέσεως
773 5294 920 5367 κατόρθωμα
933 5294 949 5363 ἡ
961 5296 1050 5360 πίστις,
1065 5297 1086 5351 εί
1135 5297 1214 5361 αἰτίας
1224 5299 1378 5373 κινούμενοι.

346 5460 366 5504 ι.
379 5459 426 5504 lib.
439 5459 474 5503 lv.
485 5471 532 5515 cap.
546 5471 628 5504 ιιι.-
639 5460 653 5504 ·l
665 5460 711 5505 l‘ar.
725 5461 840 5506 {ledetur
852 5463 951 5506 Petrum.
965 5462 1004 5506 lib.
1018 5464 1046 5507 ΙΙ.
1059 5468 1107 5520 ιιι.
1120 5477 1167 5511 ιιι,
1179 5467 1231 5511 -o
1242 5466 1305 5512 Ceut
1317 5466 1339 5513 ι
1353 5480 1401 5525 cap.
1414 5482 1434 5513 r.
