4030 6204
407 402 456 462 DE
473 402 550 470 DEO
570 402 714 476 DEIQUE
734 403 1075 477 PROPRiETATlBUS,
1098 404 1170 464 LlB.
1194 404 1245 473 Vi,
1269 404 1352 464 CAP.
1374 404 1415 465 il.
1653 405 1710 465 497

110 558 266 622 diffamant
286 566 489 644 proprietates
508 568 563 627 Dei
583 586 590 626 :
612 567 685 646 quia
707 587 805 628 unum
824 570 890 628 sine
940 568 1155 645 substantiam,
1182 570 1245 629 sive
1275 576 1424 646 mentem,
1449 572 1512 631 sive
1533 568 1710 650 pulchrum,

110 650 215 712 altero
242 655 380 733 cogitari,
407 664 438 718 et
466 658 598 737 intelligi
627 665 727 738 potest
751 660 887 722 anobis.
940 659 998 719 hae
1025 660 1068 720 iiii
1092 660 1263 739 aiijeetionc
1289 662 1425 723 detrahit
1447 663 1516 738 hoc,
1544 660 1625 740 quod
1654 665 1710 734 est,

110 744 236 806 Verum
254 749 501 811 animadvertere
523 751 626 824 debes,
645 753 729 830 quod
746 752 819 812 alibi
833 753 889 812 do·
941 769 1099 812 summum
1113 751 1263 813 honuml.
1276 774 1291 810 ν

111 836 249 911 culmus,
271 846 378 911 ἐπινοίας
398 842 622 918 differentiam,
647 864 741 924 quam
766 845 891 905 rationis
981 843 1137 921 Ejusmodi
1146 854 1190 904 est
1198 864 1271 924 ergo
1279 847 1369 921 Deus,
1380 847 1433 927 qui
1441 866 1489 922 eo,
1500 846 1711 926 «quodipsum

111 935 230 990 vocant
242 931 429 1012 philosophi,
443 934 534 995 latius
548 941 714 1014 paterent
734 938 890 998 interdum
941 935 1069 1011 bouum,
1091 956 1127 995 ae
1147 955 1305 998 summum
1319 944 1375 1011 est,
1395 945 1547 1018 tanquam
1569 937 1711 997 substan·

110 1021 154 1081 de
170 1022 208 1081 iis
224 1021 354 1097 dicatur,
376 1044 446 1104 quae
460 1033 571 1087 natura
589 1028 725 1106 quidem,
743 1048 778 1088 ao
791 1030 891 1108 reipsa
940 1028 1041 1088 tivum
1054 1029 1184 1103 bouum,
1201 1030 1245 1089 ait
1264 1031 1440 1109 Dionysius,
1459 1032 1491 1091 in
1513 1029 1619 1090 omnia
1642 1047 1711 1107 quae

111 1131 242 1192 quoque
256 1115 381 1188 distant,
397 1117 450 1177 sed
469 1120 634 1198 separatim
654 1139 719 1180 non
739 1121 888 1196 existunt3
941 1126 1024 1194 sunt,
1037 1120 1211 1208 laenitatem
1226 1122 1400 1182 diffunditu
1413 1144 1428 1179 a

111 1210 152 1264 ut
167 1224 238 1266 cum
252 1226 391 1285 personae
404 1214 467 1269 tres
482 1216 587 1290 ἐπινοίᾳ,
601 1218 632 1272 et
642 1213 755 1272 cutione
769 1213 891 1273 differre
981 1212 1079 1284 Quem
1093 1212 1133 1271 ad
1150 1213 1252 1273 locum
1268 1215 1423 1275 Maximus
1435 1216 1574 1289 adnotat,
1592 1215 1712 1274 «Deum

112 1297 274 1369 dicuutur,
304 1306 360 1359 aut
392 1307 511 1361 natiuae
540 1303 610 1364 duae
638 1304 759 1364 Christi.
792 1305 891 1378 Quare
940 1303 1060 1363 bonum
1074 1304 1189 1365 habere
1204 1323 1268 1365 non
1285 1324 1324 1366 ex
1340 1306 1502 1382 accidenti,
1516 1308 1602 1367 velut
1616 1305 1713 1384 quali-

114 1390 254 1465 Boetius,
271 1409 344 1451 cum
361 1393 480 1453 ratione
502 1394 674 1475 discrepare
691 1402 784 1474 negat
805 1397 892 1457 boni·
940 1398 1036 1455 tatem
1051 1395 1200 1475 aliquam,
1224 1397 1302 1457 sient
1322 1415 1380 1459 nos
1397 1399 1526 1458 virtutes
1544 1398 1711 1470 habemus3

112 1486 215 1542 tatem
228 1499 385 1544 summam
405 1485 444 1544 ab
466 1504 587 1547 summe
606 1487 689 1548 bona
709 1488 888 1565 substantia,
940 1487 994 1546 sed
1013 1487 1114 1566 ipsam
1134 1505 1199 1548 esse
1219 1489 1293 1549 boui
1315 1489 1551 1551 substantiamd.
1563 1513 1579 1548 ν

114 1573 158 1633 de
180 1579 301 1635 naturae
328 1576 503 1638 discrimine
531 1579 677 1658 loquitur,
703 1599 765 1659 quo
792 1581 892 1642 forma
982 1577 1122 1638 Clemens
1150 1580 1225 1640 item
1252 1581 1496 1657 Alexandrinus,
1528 1604 1543 1639 a
1570 1583 1713 1651 Bonum,

114 1666 266 1743 queuhet
277 1667 380 1728 differt
395 1669 434 1728 ab
451 1689 487 1730 ea
502 1688 547 1743 re,
563 1689 659 1749 quam
680 1671 782 1746 afficit,
799 1673 890 1733 etin·
941 1669 1053 1747 inquit,
1074 1689 1138 1730 esse
1162 1671 1289 1748 dieitur,
1316 1691 1381 1733 non
1401 1692 1438 1733 eo
1462 1674 1546 1752 quod
1568 1675 1714 1734 virtutem

114 1758 249 1834 format,
261 1777 326 1819 non
335 1765 440 1822 autem
453 1762 491 1821 de
505 1763 635 1823 minima
643 1764 696 1824 illa
707 1764 889 1839 differentia,
941 1760 1063 1836 habeat,
1079 1767 1231 1841 quatenus
1246 1763 1366 1840 justitia
1379 1783 1502 1843 quoque
1518 1766 1636 1825 bonum
1650 1783 1715 1826 esse

116 1869 191 1928 quaa
210 1850 243 1910 in
270 1870 304 1911 re
323 1852 419 1927 nulla,
442 1853 475 1913 in
499 1860 604 1915 nostra
623 1856 807 1934 cogitatione
828 1863 892 1917 tota
941 1852 1063 1927 dicitur,
1080 1870 1144 1912 non
1158 1855 1241 1932 quod
1253 1855 1365 1915 habeat
1378 1857 1535 1931 uirtutem,
1550 1857 1616 1935 ipsa
1631 1857 1715 1917 enim

117 1943 270 2003 consistit.
943 1949 988 2003 est
1010 1944 1118 2019 virtus,
1144 1947 1198 2005 sed
1221 1946 1306 2024 quod
1327 1946 1393 2025 ipsa
1418 1966 1456 2008 ex
1480 1966 1523 2023 se,
1552 1953 1583 2007 et
1605 1965 1660 2026 per
1682 1966 1714 2007 se

160 2035 199 2095 V.
222 2036 370 2114 Origenes
383 2037 417 2096 in
438 2044 523 2099 sexto
542 2039 622 2099 libro
642 2047 744 2100 cantra
761 2039 890 2115 Celsum,
942 2035 1025 2095 bona
1037 2037 1077 2096 sit
1097 2046 1152 2097 ν.»

120 2126 275 2188 «bonum
306 2128 393 2203 illud,
429 2131 513 2208 quod
545 2138 670 2202 οναιωδῶς
697 2137 751 2205 est,
782 2132 821 2191 ab
855 2151 893 2193 eo
983 2127 1034 2187 Vl.
1058 2128 1117 2187 Sed
1140 2128 1419 2190 multuminterest
1441 2129 1630 2189 intentione
1649 2129 1712 2206 illa,

34 2208 64 2237 ⁰·
116 2219 257 2279 multum
273 2219 460 2294 diilerreeit,
478 2222 561 2301 quod
576 2222 776 2296 accidentem,
796 2229 827 2283 et
842 2225 893 2284 ad-
943 2237 1012 2297 quae
1026 2237 1082 2298 per
1103 2219 1398 2297 sebouadieuntur,
1422 2227 1598 2301 eapropter
1615 2240 1713 2283 seeu-

116 2312 281 2372 venusam
294 2311 387 2373 habet
400 2312 600 2375 bonitatem&
612 2337 627 2371 ν)
650 2314 723 2388 Quae
738 2310 790 2375 vis'
800 2335 893 2395 porro
942 2311 1086 2390 peteuda,
1112 2313 1186 2390 quia
1207 2312 1315 2372 formae
1337 2318 1410 2373 sunt
1428 2313 1619 2389 accidentes,
1643 2332 1713 2392 qua

115 2403 248 2481 sitejus,
265 2405 486 2482 quodquidam
505 2405 805 2486 bonumappellant‚
821 2426 892 2468 eru-
943 2404 1222 2464 communicatione
1243 2405 1291 2464 sui
1316 2404 1398 2465 hona
1422 2404 1560 2466 efficiunt
1581 2405 1659 2480 alia3
1684 2412 1714 2466 et

116 2494 182 2555 dite
196 2494 334 2555 Plotinus
348 2496 475 2575 exponit
487 2498 519 2557 in
529 2498 608 2558 libro
622 2498 731 2577 quinto
741 2500 894 2560 Enneadis
943 2493 1060 2555 honum
1074 2494 1161 2569 illud,
1174 2495 1237 2555 sive
1250 2496 1420 2557 bonitatem
1429 2515 1594 2566 summam,
1606 2498 1644 2558 de
1654 2516 1716 2577 qua

115 2586 249 2664 qinntae,
261 2587 358 2666 eapite
370 2604 431 2660 xta,
444 2587 498 2647 uhi
511 2596 626 2668 τάγαθὸν,
638 2590 722 2669 quod
735 2596 780 2650 est
790 2591 893 2671 ipsum
943 2587 993 2647 hie
1006 2588 1143 2666 agimus3
1160 2590 1280 2649 tametsi
1299 2588 1333 2648 in
1352 2607 1389 2649 eo
1408 2590 1610 2665 conveniunt,
1632 2591 1715 2668 quod

116 2678 251 2748 bonum,
274 2678 781 2759 sivebonitasipsa,veis11mma
803 2684 892 2744 boni·
943 2683 1073 2757 utraque
1095 2698 1158 2739 non
1184 2680 1283 2740 aliona
1310 2700 1386 2759 ope,
1416 2687 1447 2741 et
1470 2682 1633 2760 qualitate,
1662 2682 1715 2742 sed

115 2775 175 2841 tas,
195 2788 392 2831 summumve
412 2770 893 2852 bouum,nihilpraeterb0nu1n
943 2777 1050 2850 suapte
1070 2776 1192 2846 natura,
1216 2772 1454 2850 conditioneque
1471 2777 1543 2832 suut
1564 2772 1713 2847 honesta,

117 2879 186 2922 esse
203 2862 403 2935 demonstrat,
428 2863 487 2923 hoo
500 2869 545 2924 est
565 2864 631 2942 ejus
645 2865 809 2926 essentiam
830 2868 894 2928 sola
943 2863 1051 2940 suique
1064 2863 1163 2940 gratia
1177 2867 1371 2941 expetuntur.
1396 2864 1513 2923 Verum
1530 2870 1639 2923 catera
1659 2881 1714 2923 aa·

116 2958 259 3014 constare
272 2953 421 3014 bonitate.
443 2956 570 3028 «Quum
585 2974 657 3017 vero
672 2958 764 3032 Deus,
780 2959 891 3038 inquit,
943 2958 1033 3031 gusta
1045 2959 1127 3028 suut,
1151 2959 1181 3013 et
1195 2972 1258 3013 uno
1283 2972 1397 3031 genere
1416 2954 1491 3014 boni
1510 2953 1649 3029 definita,
1666 2955 1716 3015 vei

116 3046 158 3105 sit
171 3045 275 3122 ipsum
290 3044 419 3120 bonum,
443 3065 507 3107 non
525 3052 631 3108 autem
644 3047 754 3121 bonus,
773 3055 895 3128 oportet
943 3045 1077 3105 honesti·
1095 3046 1260 3105 Summum
1273 3050 1389 3120 autem,
1408 3051 1479 3106 tum
1498 3063 1608 3105 omnes
1625 3045 1714 3139 poni-

116 3138 224 3215 ipsum
238 3137 318 3197 nihil
331 3140 501 3216 prorsusiu
515 3157 547 3199 se
563 3139 689 3212 habere,
704 3141 895 3219 quandoneo
942 3135 1013 3195 tutis
1031 3135 1145 3196 formas
1165 3136 1198 3196 in
1214 3155 1246 3196 se
1266 3136 1488 3215 complectitur,
1503 3142 1573 3197 tum
1592 3136 1716 3197 eusdem

116 3228 241 3288 honum
249 3228 352 3289 habet.
365 3230 444 3289 Nam
455 3230 481 3289 si
492 3230 699 3308 quidhabeat,
713 3232 894 3293 autbonum
943 3226 1064 3287 infinite
1081 3227 1240 3306 perfectas.
1258 3229 1363 3307 ltaque
1387 3229 1468 3289 Bous
1485 3246 1586 3289 «vere
1600 3246 1637 3288 ae
1651 3228 1715 3288 sin·

117 3320 259 3396 habehit,
285 3327 340 3381 aut
357 3339 423 3381 nou
444 3320 572 3382 honum.
597 3322 637 3382 At
663 3341 764 3401 neque
787 3324 821 3384 in
844 3343 892 3402 eo,
944 3337 1012 3380 cere
1026 3319 1108 3379 bona
1121 3338 1170 3380 res
1184 3326 1240 3395 est,
1256 3326 1287 3380 et
1296 3322 1467 3381 seeundum
1477 3320 1681 3381 substantiam
1690 3319 1704 3368 t
1706 3367 1714 3395 ,

118 3412 207 3492 quod
220 3413 356 3492 proprie,
368 3432 405 3472 ae
417 3412 518 3492 primo
536 3413 655 3473 bonum
665 3420 721 3489 est,
736 3415 816 3476 inest
829 3435 894 3477 non
944 3417 980 3471 ut
993 3413 1035 3471 ait
1049 3411 1179 3490 Cyiiilus
1197 3412 1439 3488 Alexandrinus;
1462 3418 1573 3473 caetera
1593 3413 1715 3492 partiei-

118 3505 241 3564 honum
255 3525 262 3564 :
278 3522 379 3583 neque
391 3504 511 3565 bonum
524 3505 618 3565 habet
629 3505 758 3566 bonum.
776 3508 808 3567 Si
821 3526 894 3586 ergo
944 3504 1068 3584 patione
1082 3503 1164 3564 hona
1175 3510 1259 3579 sunta
1274 3504 1460 3583 etqualitate
1474 3504 1619 3582 quadam,
1640 3504 1717 3566 side

118 3614 225 3675 neque
236 3615 302 3656 nou
311 3596 441 3671 bouum,
457 3615 558 3676 neque
568 3596 687 3657 bonum
697 3598 802 3673 hahet,
817 3598 895 3658 nihil
945 3596 1198 3656 excellentissimo
1213 3614 1326 3675 genere
1339 3595 1485 3656 bonitatis
1498 3596 1667 3675 loquimur,
1683 3596 1717 3656 in

119 3687 227 3749 habet.
244 3690 277 3750 Si
294 3689 373 3749 nihil
386 3688 491 3765 habet,
508 3690 619 3762 solum,
636 3694 666 3747 et
682 3689 837 3750 desertum
850 3696 897 3750 est
945 3706 1019 3767 quo,
1035 3692 1071 3747 ut
1088 3689 1171 3749 idem
1195 3690 1248 3763 ait,
1272 3693 1387 3748 nostrae
1409 3705 1480 3748 cum
1494 3689 1557 3748 Deo
1572 3687 1716 3748 similitu·

120 3778 163 3839 ab
187 3780 343 3841 omnibus.
369 3780 590 3857 Quamobrem,
615 3797 687 3841 eum
711 3786 822 3841 caetera
848 3783 896 3841 vel
946 3781 1026 3841 dinis
1039 3798 1161 3842 summa
1174 3780 1321 3840 consistit.
1343 3802 1358 3837 (ι
1370 3779 1463 3840 Aliud
1474 3786 1519 3839 est
1532 3779 1719 3855 bonum,ait

120 3870 207 3931 bona
220 3872 292 3948 siat,
308 3890 373 3932 non
386 3878 492 3932 autem
510 3873 612 3951 ipsum
626 3871 757 3948 honum,
769 3873 817 3933 vel
831 3892 897 3933 nou
947 3873 1147 3950 Augustinus,
1175 3871 1258 3949 quod
1281 3888 1403 3931 summe
1424 3890 1459 3932 ac
1478 3888 1535 3949 per
1552 3889 1585 3931 se
1598 3872 1717 3931 bonum

121 3962 208 4023 hona
232 3964 307 4039 sint;
342 3970 490 4025 neutrum
518 3982 592 4025 vero
619 3964 734 4025 habeat
765 3964 897 4025 istorum
947 3970 1004 4038 est,
1020 3969 1050 4023 et
1074 3981 1138 4024 non
1157 3962 1389 4041 participatione
1408 3961 1538 4039 alicujus
1557 3960 1644 4036 honi,
1665 3961 1718 4021 sed

119 4055 201 4115 nihil
219 4055 348 4132 habens,
363 4075 400 4117 eo
421 4057 487 4136 ipso
507 4056 627 4116 bonum
645 4061 702 4131 est,
716 4056 800 4135 quod
819 4056 898 4117 nihil
947 4055 1073 4134 propria
1085 4058 1207 4127 natura,
1223 4058 1253 4112 et
1266 4052 1515 4113 esseniiazaliud
1528 4052 1612 4131 quod
1625 4053 1718 4131 parti·

121 4147 230 4209 habet.
246 4149 333 4222 Quod
347 4149 373 4208 si
385 4149 492 4227 quisei
505 4150 667 4228 quippiam
681 4148 817 4224 adjiciat,
834 4149 896 4208 sive
948 4146 1078 4226 cipando
1092 4145 1223 4220 bonum,
1235 4150 1266 4204 et
1277 4144 1421 4205 habendo
1434 4164 1442 4220 ;
1454 4143 1548 4205 habet
1561 4150 1666 4205 autem
1679 4143 1718 4203 de

159 4339 181 4379 a
198 4322 317 4378 Omana.
334 4329 411 4378 cont.
426 4322 499 4379 Cels.
515 4322 563 4379 lib.
582 4324 628 4379 vl.
648 4321 683 4376 Οὔ
698 4323 745 4395 γὰρ
759 4316 814 4376 οἶόν
830 4320 896 4391 τ’ἤν
946 4322 975 4376 τδ
997 4319 1098 4393 &putta
1121 4321 1156 4382 ὥς
1174 4320 1292 4383 οὐσιῶδες
1313 4319 1418 4392 ἇγαδδν,
1442 4320 1474 4383 εἰς
1502 4321 1583 4374 πάντα
1605 4320 1637 4375 τὰ
1659 4322 1718 4376 ὄντα

123 4408 218 4478 ὁμοίως
230 4399 293 4459 εἶναι
307 4411 343 4477 τῷ
358 4404 483 4467 οὗσιωδῶς
498 4405 582 4478 ἀγαθῷ
606 4407 636 4459 τδ
654 4403 717 4458 κατὰ
737 4406 896 4477 σνμδεδηκδς,
947 4405 1058 4458 διατείνει
1073 4403 1115 4470 τὴν
1129 4403 1275 4475 ἆγαδόιητα.

123 4491 165 4543 καὶ
180 4487 204 4551 ἐξ
220 4486 410 4559 ἓντιγεννήματος
423 4487 523 4559 ἀγαθόν.
982 4487 1003 4544 d
1022 4489 1125 4545 Militat.
1145 4485 1202 4540 Ὅτι
1221 4488 1235 4540 δ
1253 4487 1305 4547 θεδς
1326 4486 1354 4539 τδ
1376 4485 1465 4558 ἀγαθὸν
1484 4487 1513 4539 οὗ
1533 4488 1719 4559 σνμδεὸηιιότως

160 4571 177 4625 ὸ
195 4569 277 4625 Ριιντ,
292 4573 369 4625 Ean.
386 4570 418 4641 V,
437 4570 485 4634 lib.
508 4572 540 4642 V,
563 4586 624 4640 cap.
643 4586 699 4624 nu.
716 4569 790 4622 ’Ἔδει
811 4570 837 4623 at
857 4572 897 4623 καὶ
947 4571 1009 4643 ἔχει,
1025 4571 1133 4642 καθάπερ
1148 4568 1203 4622 τινα
1216 4572 1344 4637 ποιότητα,
1360 4569 1394 4631 ὡς
1406 4569 1478 4639 ἡμεῖς
1492 4569 1536 4631 τὰς
1550 4569 1644 4641 ἀρετάς·
1662 4569 1719 4623 ἀλλ’

124 4654 231 4725 τάγαθὸν
244 4650 317 4705 adadu
330 4652 401 4717 ὄντα,
416 4654 455 4704 καὶ
471 4651 504 4724 μὴ
517 4650 621 4724 ἂγαθδν,
644 4653 676 4723 μὴ
695 4651 761 4724 ἔχειν
777 4650 801 4704 ἓν
818 4652 897 4724 ἑαυτῷ
947 4651 1018 4707 atala
1028 4657 1071 4706 τοῦ
1086 4652 1177 4724 ἀγαθοῦ
1193 4651 1266 4713 atra
1285 4650 1299 4703 ὁ
1317 4650 1369 4711 (tete
1387 4650 1516 4725 ὑπάρχων,
1540 4659 1593 4707 etc.
1613 4651 1719 4707 Picat-

126 4736 212 4808 μηδὲν,
227 4733 278 4788 ἐπεὶ
288 4732 349 4806 μηδὲ
359 4733 459 4804 ἀγαθόν.
471 4736 542 4807 δγὰρ
557 4733 613 4798 ἕξει,
624 4734 640 4800 ἢ
650 4733 739 4806 &putta
755 4734 816 4806 ἔχει,
828 4736 843 4801 ἢ
855 4733 898 4787 οὖα
947 4751 1036 4791 uanas
1057 4734 1092 4789 ad
1109 4733 1242 4791 eumdem
1259 4733 1354 4788 locum
1373 4753 1379 4787 z
1395 4734 1433 4787 δτι
1455 4733 1499 4786 aa
1522 4731 1661 4802 lulurqtou,
1680 4734 1720 4788 καὶ

126 4819 228 4889 ἀγαθόν.
244 4817 301 4871 ἀλλ’
316 4815 372 4870 οὔτε
387 4814 411 4869 ἐν
426 4822 462 4888 τῷ
478 4816 561 4889 ἀγαθῷ
582 4822 618 4888 τῷ
636 4817 735 4888 κυρίως,
753 4816 794 4869 καὶ
806 4818 898 4889 πρώτῳ
947 4817 1095 4890 sopiatque
1109 4817 1161 4890 ἔχει
1176 4817 1204 4870 τδ
1219 4816 1309 4888 ἀγαθὸν
1322 4815 1336 4868 ὅ
1347 4816 1408 4877 θεός.
1424 4817 1489 4869 ὥστε
1501 4817 1565 4869 ἄλλο
1575 4836 1597 4871 τι
1610 4818 1651 4879 δν,
1667 4815 1718 4871 ἔτι·

126 4900 264 4974 δγαθῷ,’τδ
278 4900 311 4972 μὴ
327 4899 427 4971 ἀγαθὸν,
442 4898 498 4952 οὔτε
509 4900 538 4954 a
552 4900 641 4971 δγαθδν
656 4899 709 4971 ἔχει
723 4899 751 4953 τδ
763 4899 864 4970 ἀγαθόν.
877 4899 899 4953 εἰ
947 4900 1065 4972 σύμδαμα
1079 4899 1145 4972 ἔχειν
1158 4900 1187 4954 τδ
1201 4899 1301 4971 ἀγαθὸν,
1324 4897 1382 4952 ἀλλ’
1396 4899 1469 4952 οὐσία
1482 4904 1526 4953 τοῦ
1540 4899 1631 4969 ἀγαθοῦ
1648 4898 1719 4962 αὗτδς

126 4975 170 5033 οὖν
196 4982 257 5053 μήτε
279 4979 308 5033 τδ
328 4978 372 5031 οὒκ
395 4976 496 5049 aquata,
519 4981 579 5051 μήτε
598 4978 627 5033 ἰδ
647 4978 736 5050 &padda
752 4978 813 5051 ἔχει,
828 4978 897 5032 (ι’νδὲν
947 4980 1075 5053 ὑπάρχων,

126 5063 189 5136 ἔχει.
206 5061 228 5114 εἰ
238 5060 308 5114 οὐδὲν
322 5060 386 5132 ἔχει,
402 5061 488 5132 μόνον,
503 5060 543 5113 καὶ
556 5060 648 5132 ἔρημον
662 5067 712 5114 τῶν
725 5061 807 5114 mov
820 5059 895 5115 ἐστίν.
983 5066 1101 5119 eCuuu.
1124 5064 1211 5118 Atax.
1234 5063 1282 5119 lib.
1308 5063 1317 5118 Ι
1348 5062 1718 5134 Poedaq.cap;t111.l'btl

128 5146 150 5199 εἰ
169 5141 211 5199 οὖν
233 5144 265 5197 τὰ
284 5143 382 5210 mat
404 5142 482 5214 ἀγαθά
501 5141 562 5206 ἔστι,
579 5144 620 5196 καὶ
636 5143 665 5197 οὗ
687 5142 801 5214 τάγαθὸν,
820 5146 835 5212 ἢ
855 5144 899 5198 oda
948 5145 1038 5217 aaa
1054 5139 1125 5215 εἶναι,
1142 5144 1171 5198 αὖ
1187 5151 1223 5217 τῷ
1242 5145 1286 5212 τὴν
1302 5143 1389 5216 ἀρετὴν
1411 5145 1476 5218 ἔχειν
1496 5143 1586 5215 ἀγαθὸν
1600 5141 1663 5200 εἶναι
1676 5148 1718 5201 λέ-

129 5227 209 5299 spata
232 5225 308 5289 ἔστιν,
330 5224 446 5296 οὐδέτερα
465 5224 491 5279 δὲ
506 5225 601 5279 ,τούτων
616 5225 677 5298 ἔχει,
693 5223 762 5277 οὗδὲν
777 5224 846 5297 ἔχον,
861 5232 898 5298 τῷ
947 5246 1024 5298 γεται·
1038 5227 1096 5281 eald
1107 5227 1173 5294 καὶὴ
1187 5227 1326 5294 δικαιοσύνη
1341 5225 1431 5298 &patto
1447 5221 1510 5279 εἶναι
1523 5228 1629 5300 λίγειαι,
1642 5229 1670 5284 οὗ
1682 5235 1719 5302 τῷ

131 5310 206 5381 μηδὲν
218 5309 297 5382 ἔχειν,
311 5307 363 5361 ἔστι
377 5309 406 5362 τδ
416 5308 515 5379 ἀγαθόν.
529 5307 550 5361 εἰ
562 5306 585 5361 δ’
599 5308 646 5379 ἄρα
655 5327 691 5370 τις
704 5307 730 5373 δ,
745 5327 766 5361 τι
778 5303 820 5360 οὖν
831 5309 898 5381 αὐτῷ
948 5308 1035 5382 ἀρετὴν
1050 5310 1127 5382 ἔχειν,
1143 5309 1215 5382 ἀρετὴ
1229 5312 1276 5381 γάρ
1289 5307 1352 5362 ἐστιν
1368 5308 1440 5375 αὐτὴ,
1453 5307 1517 5362 ἁλλὰ
1532 5316 1568 5382 τῷ
1576 5310 1651 5379 αὐτὴν
1665 5311 1719 5366 καθ’

129 5392 298 5464 προστίθησιν,
319 5390 449 5459 dalaias,
469 5392 484 5458 ἢ
503 5395 571 5454 νοῦν,
589 5392 604 5457 ἢ
623 5391 710 5457 καλὸν,
729 5395 760 5462 τῇ
774 5391 896 5463 προσθήκῃ
948 5391 1034 5461 αὑτὴν,
1046 5392 1086 5444 καὶ
1097 5391 1134 5445 δι’
1146 5392 1221 5459 atzela
1237 5390 1328 5464 ἀγαθὴν
1344 5385 1415 5444 εἶναι.

131 5474 270 5547 ἀφαιρεῖται
284 5473 358 5529 αὺτοῦ
372 5473 475 5546 τάγαθὸν
491 5468 562 5526 εἶναι.
985 5473 1006 5547 s
1020 5476 1113 5531 (lauit.
1139 5478 1221 5533 Atax.
1246 5474 1311 5530 diul.
1341 5490 1350 5528 1
1372 5473 1409 5530 de
1440 5477 1510 5529 Teia
1554 5477 1641 5548 Χρῆμα
1668 5477 1717 5548 γὰρ

166 5573 182 5613 ι’
200 5558 281 5612 [lieu.
299 5573 359 5627 cap.
377 5573 403 5612 tv
425 5555 462 5611 cle
476 5558 572 5610 Dicin.
588 5572 665 5611 nom.
686 5552 898 5627 liettardum
951 5558 1041 5628 ἂγαδδν
1053 5557 1242 5632 &ampsanctum
1262 5576 1288 5610 τε
1306 5557 1346 5609 καὶ
1360 5556 1485 5617 adeunti-tc
1498 5557 1527 5609 τὸ
1539 5559 1614 5611 aaa.
