3952 6170
1615 342 1674 403 275

381 342 431 403 nn
450 343 524 406 nso
546 313 690 419 ancus
710 343 1057 415 raorasmnrmus,
1080 343 1152 406 nm.
1176 344 1232 415 ιιι,
1255 344 1338 405 ιιι.
1361 342 1412 404 ιιι.

91 506 147 569 dai
167 512 266 586 poue
283 509 447 589 Dionysius
469 510 536 590 qul,
551 511 586 572 in
597 510 665 572 fine
673 512 784 573 decimi
801 530 850 573 ea·
900 517 1052 591 truaquoe
1064 509 1145 572 inltii
1156 514 1318 590 aucupare
1330 516 1361 571 et
1372 508 1585 573 eodemmodo
1597 524 1676 571 sesu-

92 600 152 679 pitis
167 597 202 661 de
217 598 339 662 Divinis
351 602 529 672 nominibus,
546 621 598 665 eas
612 604 852 684 significationes
900 622 957 684 par
974 604 1077 679 habat,
1103 604 1247 683 usurpari
1274 604 1443 665 consuevit.
1472 601 1594 663 Etenim
1618 601 1677 661 im·

91 696 632 777 smstnsapcrseqsdtur.lloeipsum
646 688 853 770 astmbtrlla·
900 698 1031 760 mortale
1056 698 1095 758 da
1125 715 1162 758 eo
1196 715 1319 776 quoque
1353 697 1437 776 quod
1467 712 1539 757 cum
1570 699 1675 755 ortum

91 785 244 857 bursonam,
254 787 339 865 qnod
351 788 493 850 similiter
503 795 596 868 atque
603 790 758 851 aarum
769 791 851 870 apud

92 877 211 951 latinos,
226 877 277 938 vel
289 897 346 958 pro
366 898 431 942 non
446 881 574 943 definito
591 882 762 962 eodemque
782 883 850 943 lon·

91 971 167 1049 glore
179 971 276 1050 spatio
290 974 451 1053 temporis,
468 974 518 1034 vel
534 993 591 1054 pro
605 993 642 1036 ao
656 976 740 1055 quod
754 993 850 1037 smum

92 1062 148 1123 lrnn
164 1065 287 1143 propria
308 1070 446 1141 vocatur,
461 1067 521 1127 hoc
541 1074 588 1128 est
600 1069 776 1129 centenario
795 1088 850 1129 an·

91 1174 202 1229 norum,
223 1156 275 1217 rel
296 1157 430 1237 denique
457 1178 516 1239 pro
538 1160 658 1221 infinita
682 1162 852 1223 eternitate

91 1249 220 1323 sumitur,
240 1251 329 1329 qnasi
347 1251 495 1313 occultum
514 1252 738 1334 obstrusumqoe
756 1255 848 1315 dicas.

92 1342 122 1403 ld
130 1342 208 1403 enim
218 1343 309 1404 radix
321 1345 388 1423 ipsa
401 1345 563 1423 significat.
580 1347 760 1426 Appellatur
771 1352 802 1407 et
812 1348 852 1408 ab

93 1435 187 1495 iisdem
197 1435 337 1497 Hebraeis
347 1437 407 1497 alio
421 1439 549 1499 nomine
563 1457 603 1512 rr
618 1439 779 1508 minuitas,
796 1441 851 1501 ad-

93 1527 147 1588 dito
157 1547 383 1607 nonnunquam
396 1532 535 1591 etaltera
551 1524 643 1606 nbis,
656 1538 690 1592 ut
704 1532 750 1592 vis
762 1533 801 1593 ad
811 1535 850 1592 si·

94 1620 308 1697 mentonem
322 1623 424 1703 major
436 1625 569 1685 accedat.

128 1714 328 1793 Hieronymus
345 1716 380 1776 in
394 1715 539 1797 spatiolo
556 1716 597 1777 od
620 1715 742 1779 Galatas
761 1725 852 1798 caput

89 1806 214 1885 primam
233 1814 400 1887 postquam
426 1810 581 1870 Valentini
602 1808 722 1870 fabulas
746 1811 849 1887 irrisit,

51 1950 55 1957 .
98 1899 165 1978 oqui
176 1900 301 1978 triginta
313 1905 405 1972 αἰῶνας
419 1918 501 1975 suos,
513 1920 551 1962 ax
564 1920 601 1962 eo
615 1903 698 1981 quod
707 1905 741 1962 in
754 1904 853 1984 Scrip-

95 1991 161 2050 turis
178 1992 286 2052 saecula
307 1991 452 2071 legantur
465 1994 586 2055 affinxit
600 1995 704 2056 dicans
720 2014 773 2056 eos
787 2015 852 2058 esse

95 2082 232 2157 animalia,
246 2089 277 2144 et
290 2103 349 2164 per
362 2086 527 2164 quadratas
538 2092 570 2147 et
583 2087 747 2165 ogdoadas,
762 2088 850 2149 dera-

94 2175 260 2255 dssqnoque
267 2182 299 2238 et
305 2178 501 2239 duodecadas
511 2184 557 2239 tot
569 2179 697 2239 edidisse
705 2198 852 2242 numeros

94 2268 258 2331 mmmmm
272 2276 353 2350 quot
373 2272 483 2333 &eia
504 2270 597 2332 ioetus
614 2273 744 2352 scropha
757 2292 850 2352 gene-

95 2362 172 2436 rarit3
187 2365 295 2442 querit
313 2363 388 2443 quid
403 2365 443 2424 sit
456 2365 538 2426 inter
554 2364 691 2426 ιιισιιῐιιιι
709 2371 739 2427 et
761 2384 849 2427 scas-

95 2451 146 2515 lun
158 2456 264 2525 sensti,
284 2458 353 2517 sive
372 2456 479 2517 eraculo
500 2457 685 2519 soculorum.
702 2460 782 2519 Tum
796 2462 850 2520 ad·

900 791 1054 865 habuerit,
1070 790 1199 851 minime
1212 795 1320 851 tamen
1337 789 1481 864 moritur,
1500 788 1560 848 hoc
1577 792 1623 847 est
1636 787 1674 847 de

901 883 1011 962 angelo
1035 888 1066 944 ct
1090 884 1194 943 anima
1221 882 1415 962 pronumtiari
1444 885 1555 962 potest,
1581 885 1674 959 atque

900 977 975 1038 item
996 975 1228 1056 incorruptibile
1242 976 1281 1036 de
1299 976 1338 1035 lis
1352 992 1421 1054 quas
1439 973 1519 1034 iacta
1533 973 1674 1033 suntsed

900 1070 1097 1149 corruptione
1115 1074 1189 1129 sunt
1209 1068 1296 1129 omui
1314 1068 1444 1148 potiora.
1464 1066 1505 1126 At
1522 1071 1674 1126 aternum

900 1163 1024 1242 proprie
1043 1162 1155 1222 divinia
1175 1161 1313 1221 essentias
1331 1160 1485 1220 convenit.
1508 1158 1621 1219 ldcirco
1635 1159 1674 1219 da

900 1256 1057 1316 adoranda
1074 1255 1225 1315 duntaxat
1237 1273 1272 1315 ao
1285 1270 1407 1314 summe
1421 1252 1507 1331 regia
1524 1251 1674 1311 Trinitate

900 1366 970 1428 quos
987 1367 1045 1408 nec
1055 1347 1142 1427 prius
1159 1365 1217 1407 nec
1230 1352 1311 1425 post,
1326 1363 1383 1405 nec
1405 1345 1552 1426 primum,
1568 1361 1674 1405 secun·

900 1441 987 1515 dum,
1004 1446 1034 1500 et
1046 1441 1174 1501 tertium
1187 1439 1332 1514 admittit,
1347 1438 1424 1498 solet
1436 1437 1564 1516 accipiss.
1580 1457 1596 1493 n

941 1535 1007 1607 Quo
1020 1535 1054 1593 in
1065 1533 1132 1594 loco
1144 1533 1256 1612 triplex
1269 1532 1325 1592 dos
1336 1531 1514 1593 aternitatis
1525 1531 1590 1608 ejus
1604 1547 1674 1608 qum

902 1627 956 1686 Dei
977 1626 1102 1706 propria
1125 1630 1171 1686 est
1195 1626 1368 1703 attingitur.
1390 1625 1470 1684 Nam
1493 1629 1524 1683 et
1548 1622 1674 1684 initium

901 1720 1033 1780 excludit
1051 1723 1081 1778 et
1099 1720 1324 1779 successionem
1338 1736 1374 1778 ac
1391 1716 1630 1777 mutabilitatem
1643 1721 1675 1777 et

900 1818 1056 1892 postremo
1067 1811 1174 1872 finem
1194 1811 1269 1884 Quae
1281 1811 1341 1870 tria
1354 1812 1387 1870 in
1401 1828 1508 1870 veram
1522 1810 1675 1869 aternita-

900 1910 964 1965 tem
989 1921 1172 1965 concurrere
1190 1903 1333 1963 disertius
1357 1903 1483 1982 exponit
1505 1901 1674 1962 Richardus

901 1996 1086 2071 Victorinus,
1109 1996 1197 2075 cujus
1217 1995 1322 2067 verba,
1343 1995 1427 2073 quod
1449 1993 1489 2053 ad
1513 2010 1581 2053 rem
1606 2011 1672 2053 ma-

900 2108 1037 2170 gnopere
1064 2090 1206 2164 attinent,
1223 2088 1273 2147 hic
1297 2087 1359 2165 legi
1373 2091 1504 2165 oportet.
1528 2084 1670 2159 «Aliud,

900 2185 1010 2263 inquit,
1026 2182 1148 2242 videtin
1162 2198 1272 2241 sonare
1285 2185 1449 2253 aeternum,
1469 2177 1554 2239 aliud
1568 2183 1673 2241 autem

899 2276 1133 2354 sempiternum.
1151 2273 1382 2352 Sempiternnm
1397 2288 1533 2349 namque
1547 2287 1612 2331 esse
1626 2270 1672 2330 vi-

900 2369 991 2429 detur
1002 2368 1085 2446 quod
1099 2372 1183 2427 caret
1193 2366 1282 2426 initio
1294 2370 1325 2425 et
1337 2364 1411 2439 fine,
1426 2370 1578 2424 aternum
1590 2365 1674 2442 quod

900 2466 982 2522 curet
988 2467 1120 2539 utroque
1131 2464 1163 2519 et
1172 2459 1258 2519 omui
1264 2456 1480 2532 mutabilitate,
1491 2460 1522 2516 ct
1533 2456 1674 2534 quassum

95 2555 176 2627 notat,
188 2551 220 2609 ln
234 2549 369 2610 Hebraeo
384 2549 537 2625 scrutum,
552 2550 584 2610 id
602 2556 648 2611 est
666 2543 756 2627 nbis,
771 2552 822 2613 ribi
838 2568 850 2618 ι
899 2554 1026 2615 forsitan
1040 2558 1188 2613 neumam
1206 2552 1272 2611 sine
1286 2551 1383 2611 altero
1401 2550 1569 2625 iuvenitur,
1591 2554 1673 2610 recte

95 2642 210 2703 littsrm
223 2642 359 2722 positam
376 2641 530 2717 habuerit,
551 2643 743 2705 eternitatem
756 2645 849 2724 signi·
898 2653 1005 2708 tomen
1018 2647 1099 2707 inter
1114 2645 1279 2706 nominum
1297 2642 1553 2723 significationem
1568 2642 1674 2703 distin·

94 2736 181 2810 isare,
195 2736 248 2795 ubi
260 2752 339 2796 vero
353 2735 418 2794 sina
433 2741 446 2791 t
461 2733 614 2809 scribitur,
629 2753 749 2797 anniam
763 2739 852 2816 quin-
898 2741 1015 2819 guium.
1035 2740 1114 2814 Quid
1132 2740 1235 2817 itaqua
1246 2737 1331 2798 aliud
1349 2740 1395 2796 est
1406 2736 1560 2799 eternitas
1578 2753 1673 2813 quam

94 2831 290 2910 qungsdmnm
311 2844 407 2906 qnam
431 2826 476 2887 illi
500 2825 657 2887 lobileum
681 2836 803 2891 vocant.
831 2853 847 2888 u
899 2834 1085 2894 diuturnitas
1098 2832 1163 2893 sine
1177 2831 1264 2891 initio
1280 2835 1311 2890 et
1327 2830 1402 2903 fine,
1418 2833 1568 2889 etcarcns
1585 2829 1672 2888 omni

95 2924 154 2983 llos
168 2923 258 2983 relort
282 2919 511 2982 nonnullorum
531 2920 721 2999 opinionem,
741 2923 850 2984 sucula
898 2924 1121 2987 mutabilitate?
1140 2924 1201 2985 Sed
1219 2923 1273 3002 qui
1291 2923 1446 2982 increatus
1466 2925 1497 2980 et
1515 2920 1673 2999 sempiter-

93 3014 248 3076 rcoulosaon
270 3014 336 3074 dici
349 3017 387 3072 ut
398 3018 501 3072 sancto
514 3018 691 3079 sauctorum,
707 3014 776 3074 coeli
792 3034 849 3075 em·
899 3036 958 3079 nus
971 3023 1028 3094 est,
1044 3022 1127 3078 caret
1139 3016 1228 3077 initio
1240 3021 1271 3076 et
1282 3014 1356 3089 tine,
1371 3018 1403 3074 et
1416 3013 1504 3093 cujus
1518 3017 1614 3073 status
1627 3013 1674 3073 in·

94 3106 182 3179 bum,
195 3113 225 3168 et
236 3105 390 3168 saeculum
401 3120 536 3184 presens
547 3104 607 3165 dici
617 3110 740 3185 tempus
752 3124 850 3187 usque
899 3111 1053 3172 variabills
1073 3114 1129 3185 ast,
1149 3112 1256 3169 manet
1269 3107 1385 3186 absque
1408 3107 1496 3167 omni
1519 3105 1673 3166 mutabili·

94 3200 126 3260 od
142 3218 276 3261 messum
296 3197 421 3271 mundl,
442 3195 553 3261 scroto
574 3197 746 3258 smculmom
766 3201 850 3261 dein·
898 3209 971 3264 tate.
1009 3203 1045 3263 ln
1076 3202 1125 3262 bis
1158 3202 1262 3279 itaque
1296 3199 1395 3260 tribus
1427 3198 1576 3278 probatur
1607 3214 1672 3259 esse

93 3311 152 3372 ceps
160 3296 398 3371 consequentem
409 3290 613 3350 summitatem
625 3292 738 3367 vomit,
755 3312 849 3372 quam
899 3301 1043 3358 ammas.
1066 3295 1144 3354 Nam
1167 3292 1234 3354 heac
1255 3293 1315 3353 tria
1335 3291 1451 3370 absque
1471 3290 1672 3370 ambiguitate

93 3386 258 3446 mantum
281 3401 321 3444 cx
350 3382 521 3460 Augustino
549 3400 643 3461 supra
666 3388 847 3448 memoravi.
898 3389 974 3450 dant
987 3387 1190 3448 eternitatem
1204 3385 1319 3446 habero
1334 3389 1365 3445 et
1379 3389 1532 3445 aeternum
1544 3381 1668 3445 esse¹.o

94 3476 181 3537 daero
194 3478 225 3537 in
238 3477 343 3556 prlmo
356 3473 393 3535 ds
406 3472 528 3535 Nature
541 3473 662 3535 deorum
679 3495 686 3534 :
702 3498 717 3533 ι
733 3478 850 3539 Sucida
899 3482 954 3542 His
965 3480 1064 3541 tribus
1076 3476 1303 3539 conditionibus
1321 3476 1502 3537 mandenda
1515 3475 1605 3536 nobis
1621 3476 1672 3537 de·

94 3569 153 3629 dicit
165 3588 225 3631 esse
236 3567 408 3649 msamdam
419 3567 459 3626 ab
470 3566 592 3627 infinito
606 3573 745 3647 tempore
760 3576 848 3632 mter·
894 3573 1095 3651 ilniendaque
1116 3577 1161 3631 cst
1179 3571 1396 3645 misiniacus
1419 3568 1546 3648 quidem
1564 3569 1669 3648 singu·

94 3663 203 3724 niuem
214 3679 310 3743 emam
322 3660 410 3721 nulla
419 3665 597 3740 temporum
611 3662 849 3743 circumscriptio
898 3664 970 3726 laris
986 3671 1031 3725 ast
1046 3663 1217 3743 proprietas
1231 3664 1296 3722 Dei.
1315 3663 1380 3736 Qua
1397 3661 1516 3722 ratione
1534 3662 1671 3741 primum

94 3755 270 3830 neaeman,
287 3753 389 3833 spatio
409 3757 515 3813 tomen
528 3752 628 3831 qualis
640 3771 677 3813 aa
695 3754 788 3815 fuerit
801 3756 848 3816 in·
898 3758 975 3818 illud
994 3776 1010 3817 e
1028 3756 1128 3816 tribus
1147 3756 1283 3815 manime
1301 3755 1347 3816 illl
1370 3754 1524 3829 convenit,
1540 3758 1575 3813 ut
1595 3772 1673 3814 non·

93 3846 174 3926 telllgi
196 3866 260 3909 non
285 3863 387 3928 posse,
407 3846 490 3924 quod
509 3862 551 3906 na
574 3847 608 3906 in
634 3846 849 3927 cogitationem
898 3866 1061 3928 nunquam
1082 3866 1119 3908 eo
1140 3848 1206 3908 solo
1224 3853 1385 3908 censeatur
1405 3844 1569 3922 aeternitas,
1587 3842 1672 3925 quod

94 3941 203 4017 quidem
215 3942 305 4002 cadat
327 3942 364 3998 ut
380 3937 473 3998 buerit
484 3943 608 4018 tempus
626 3939 761 4017 aliquod,
782 3942 850 4000 nul·
898 3943 1022 4003 initium
1039 3940 1152 4002 habeat
1171 3939 1306 4015 nullum,
1322 3940 1386 3999 imo
1407 3939 1501 3998 etiam
1521 3938 1672 4018 principio

93 4031 148 4092 nm
160 4052 228 4094 cnm
238 4041 365 4110 tempus
379 4034 468 4091 asset.
485 4052 501 4087 ι
899 4041 929 4095 et
947 4035 1066 4113 origine
1086 4037 1198 4107 caram,
1218 4037 1254 4091 ut
1271 4032 1305 4092 in
1323 4031 1519 4111 personalem
1536 4035 1673 4092 transeat

38 4130 47 4194 ᾗ
126 4126 175 4205 vt,
187 4127 257 4187 llaec
275 4125 331 4186 illa
345 4130 391 4185 est
406 4128 571 4184 summast
586 4124 740 4184 immensa
754 4130 784 4185 et
798 4144 848 4185 co·
898 4132 1016 4198 notam,
1033 4131 1064 4186 et
1086 4125 1125 4184 sit
1138 4129 1291 4184 aeternum
1308 4124 1393 4183 idem
1411 4124 1502 4202 plane
1520 4127 1613 4202 atque
1627 4123 1673 4183 in-

19 4241 69 4281 ιιι
94 4218 224 4293 pultem
260 4217 599 4299 comprehensioneque
628 4216 715 4276 omni
749 4218 850 4296 potior
898 4220 1042 4299 pesitum,
1066 4235 1128 4297 quo
1155 4217 1281 4295 quidem
1310 4216 1406 4276 Patris
1428 4230 1561 4294 persona
1578 4216 1673 4276 conti—

23 4304 41 4333 *
94 4310 241 4387 aeternitas,
255 4326 353 4390 quam
366 4327 431 4369 non
444 4308 538 4368 modo
553 4325 624 4369 cum
635 4309 762 4369 notione
776 4310 850 4369 divi-
899 4317 1001 4371 netirr.
1019 4310 1084 4369 Hoc
1097 4327 1189 4371 sensu
1204 4310 1352 4388 scriptum
1371 4312 1417 4367 est
1429 4307 1469 4367 ab
1483 4306 1646 4369 Ambrosio
1663 4326 1670 4368 t

95 4404 184 4463 uass
205 4405 395 4484 implicatam
415 4418 480 4460 esse
501 4402 638 4461 sentiunt
655 4419 774 4478 omnes,
797 4400 849 4463 sed
903 4426 918 4461 ι
932 4403 1098 4465 AEternitas
1112 4408 1157 4463 est
1175 4403 1209 4462 in
1223 4402 1323 4477 Patre,
1343 4400 1458 4481 species
1477 4401 1511 4460 in
1525 4401 1671 4479 imagine,

95 4494 175 4555 ctiam
196 4495 278 4556 illius
305 4512 371 4556 esse
403 4492 590 4573 peculiarem
618 4512 653 4553 ac
679 4495 847 4573 proprium.
899 4494 997 4557 virtus
1012 4496 1102 4556 estin
1113 4513 1255 4569 munere,
1269 4500 1299 4553 et
1316 4494 1502 4555 haectamen
1518 4494 1577 4553 tria
1591 4511 1674 4554 unus

95 4587 288 4662 oAEternitas,
310 4587 413 4665 inquit
436 4586 571 4646 lsidorus
589 4585 751 4657 Pelusiota,
766 4586 852 4647 velut
900 4596 945 4649 est
957 4590 1038 4650 Deus
1056 4582 1121 4649 non
1138 4589 1173 4648 in
1187 4587 1280 4648 unius
1298 4586 1509 4665 singularitate
1520 4603 1672 4665 personae,

95 4679 266 4757 sempiterna
279 4678 411 4739 vitalitas
424 4683 480 4738 est.
502 4678 573 4737 Ideo
595 4678 633 4737 de
651 4679 716 4738 sola
734 4697 769 4738 eo
793 4696 849 4739 na·
900 4682 998 4742 sedin
1012 4682 1106 4741 unius
1118 4680 1276 4741 Trinitatis
1288 4677 1448 4740 essentia¹.
1462 4701 1477 4737 u
1495 4680 1569 4752 Quae
1580 4680 1674 4740 verba

124 4921 143 4957 n
161 4906 222 4960 lslo.
238 4904 510 4974 Pan.lib.lll.episl.
527 4904 591 4960 tlt.
617 4901 851 4973 ‘Hdi‘dibrsp;,oiov
902 4910 979 4979 μένων
1000 4907 1054 4979 μὲν,
1078 4909 1222 4979 κρειττόνων
1241 4907 1267 4959 δὲ
1290 4907 1379 4977 φθορᾶς
1398 4906 1574 4978 γεγενημένων·
1595 4905 1624 4958 τὸ
1647 4903 1673 4958 δὲ

96 4984 213 5055 misam
232 4987 294 5045 ἔστι·
313 4989 352 5043 bib
368 4986 406 5041 tet
421 4989 496 5059 μόνης
516 4991 559 5054 τῆς
577 4987 685 5060 daippus
703 4989 796 5059 φύσεως
810 4995 853 5057 τῆς
903 4987 979 5043 ἀΐδιον
994 4990 1082 5061 κυρίως
1092 4994 1136 5056 τῆς
1150 4989 1214 5051 θείας
1228 4989 1312 5051 οὐσίας
1326 4986 1389 5042 usto
1403 4986 1463 5041 teri·
1481 4988 1520 5040 td
1531 4988 1572 5041 aul
1586 4986 1676 5053 Ιπὶτῆς

97 5066 128 5119 ta
146 5070 204 5123 md
221 5070 253 5124 td
275 5070 347 5135 eisd,
370 5070 410 5122 καὶ
432 5069 549 5132 ὡσαύτως
570 5069 673 5142 ἐχούσης
686 5072 851 5143 lapidaretur
901 5075 1083 5145 προσκυνηῖῆι.
1102 5072 1142 5124 καὶ
1164 5072 1357 5142 βασιλικωιάτης
1381 5072 1476 5141 τριάδος
1489 5071 1563 5141 μόνον
1576 5070 1674 5142 topat-

97 5150 164 5203 εἴωθε·
177 5153 205 5205 sb
220 5152 262 5225 μὲν
275 5154 321 5225 γὰρ
334 5152 465 5219 ἀθάνατον,
480 5153 521 5205 καὶ
539 5151 577 5206 tat
592 5157 636 5206 τοῦ
651 5156 780 5226 γενομένου
797 5155 850 5228 μὲν,
903 5158 982 5210 renim
1003 5155 1103 5225 πέφυκε,
1124 5158 1166 5221 τῆς
1187 5159 1230 5208 τοῦ
1251 5155 1315 5225 πρὸ,
1336 5156 1375 5207 καὶ
1389 5152 1451 5223 μετὰ
1465 5152 1497 5223 μὴ
1514 5151 1673 5225 decrepitum·

98 5231 332 5304 μὴἂποθνισκοντος
357 5234 394 5299 δὲ,
419 5229 473 5288 οἷον
501 5232 540 5287 ἐπὶ
568 5235 683 5308 ἀγγέλου,
708 5239 749 5289 aul
772 5239 851 5310 ψυχῆς
904 5237 964 5310 μηδὲ
979 5238 1007 5293 rb
1021 5238 1179 5309 πρῶτον,ιιαὶ
1187 5238 1308 5308 δεύτερον,
1323 5236 1364 5291 καὶ
1372 5235 1454 5307 τρίτον
1466 5236 1673 5309 καταδεχομένης

97 5318 265 5388 nappaeae
280 5319 387 5372 δύναται·
403 5320 443 5372 sal
455 5318 484 5373 τὶι
499 5317 618 5391 ἄφθαρτον
633 5318 671 5373 ἐπὶ
685 5326 735 5372 τῶν
749 5339 851 5387 πεποιη-

126 5532 135 5571 l
148 5531 191 5575 lat.
204 5534 230 5576 u.
243 5535 269 5577 sle
281 5534 357 5579 matt.
372 5546 420 5589 cap,
434 5547 462 5577 ιν.
471 5535 519 5578 -2
531 5536 555 5577 lu
567 5537 637 5588 Sunt.
651 5536 701 5579 init.
