4134 6182
317 398 336 456 8
738 394 776 455 IN
799 396 897 456 OPL'S
917 396 1245 458 THEOLOGICORUM
1267 399 1496 461 noulrhrt'lt.

315 537 362 598 vis
388 556 405 598 e
428 539 543 619 populo
571 557 628 599 nec
654 539 719 599 sine
746 541 965 619 pmnuntiandi
991 548 1022 602 et
1047 543 1092 602 in-

318 633 519 713 terpretandi,
548 640 583 694 ut
605 634 750 709 diximum,
777 636 954 696 sonoritate
981 653 1091 695 concc-

315 726 407 790 rhun.

356 824 393 883 Χ.
415 822 503 884 Adde
520 841 583 883 non
603 824 642 883 do
667 823 811 885 omnihus
829 823 902 885 fidei
924 826 1088 905 mysteriis,

314 934 371 977 nec
394 917 535 977 universe
559 915 644 996 loqui
666 919 769 978 Patres
791 918 871 994 illos,
891 919 945 979 sed
963 919 1001 979 de
1015 916 1098 999 pras

315 1009 413 1090 eipuis
444 1011 640 1089 maximeque
670 1013 848 1072 necessariis
884 1011 924 1072 ad
959 1011 1091 1072 salutem

315 1103 555 1183 adipiscendam,
570 1110 684 1166 utsunt
694 1105 860 1181 Trinitatis,
871 1106 1091 1166 luminationis

318 1202 348 1256 et
356 1196 466 1257 similia
477 1198 634 1278 dogmata,
643 1217 776 1278 quorum
786 1198 878 1279 plena
892 1204 921 1260 et
929 1200 1091 1280 perspicua

318 1287 353 1349 fit
365 1289 397 1348 in
406 1291 500 1350 saeris
510 1291 629 1351 litteris
641 1292 767 1367 mentio,
783 1292 862 1352 nhil
873 1298 907 1353 ut
921 1292 961 1352 ad
975 1310 1027 1352 eas
1038 1311 1090 1354 ne-

317 1399 398 1442 cesse
413 1384 451 1443 sit
463 1385 546 1459 addi,
561 1385 644 1464 quod
658 1385 784 1465 quidem
798 1387 874 1446 scire
887 1387 1028 1447 omniurn
1041 1387 1090 1447 in·

316 1475 412 1550 tersit,
428 1478 494 1537 etsi
506 1477 582 1557 quid
595 1478 745 1558 exphcato
759 1485 805 1540 est
818 1498 896 1560 opus
908 1481 942 1540 in
957 1481 1005 1557 iis,
1020 1500 1090 1561 quae

317 1567 455 1630 involuta
477 1577 507 1631 et
532 1571 661 1632 obscure
685 1574 906 1653 comprehensa
925 1573 1087 1650 videntur,

317 1679 381 1723 non
399 1663 458 1724 hoc
478 1665 612 1744 quusvis
631 1666 768 1742 arbitrio,
785 1668 839 1728 sed
852 1668 889 1727 iis
904 1687 1037 1747 quorum
1056 1669 1089 1729 id

319 1754 412 1816 officii
439 1764 494 1834 est,
521 1759 656 1839 permitti
682 1759 804 1821 debeat.
832 1762 948 1821 Verum
972 1762 1010 1822 de
1029 1763 1088 1822 hoc

319 1856 500 1928 argumento
509 1857 577 1913 tum
588 1853 714 1915 uberim
725 1855 956 1935 explicabimus,
966 1874 1038 1916 cum
1050 1856 1088 1916 de

317 1940 378 2003 fide
389 1951 555 2023 agemuset
564 1947 658 2026 hujus
668 1948 801 2027 regulet.
818 1949 886 2022 Qua
899 1968 938 2008 ex
950 1949 1088 2028 disputa·

316 2036 399 2097 tione
412 2038 505 2100 modo
518 2041 600 2102 istud
614 2043 775 2118 sumimus,
786 2043 975 2123 scripturam
988 2042 1088 2122 ipsam

317 2147 381 2190 non
393 2130 481 2191 aliter
494 2151 589 2212 quam
607 2133 746 2213 legitima
758 2135 975 2214 interpretante
989 2140 1090 2214 potes-

317 2229 380 2284 tate
401 2224 579 2305 loquentem
594 2245 630 2287 ac
643 2228 893 2307 pronuntiantem
908 2275 916 2303 ,
932 2226 1004 2287 fidei
1025 2246 1090 2288 esse

318 2336 471 2395 normam,
488 2325 518 2380 et
535 2322 619 2399 quod
634 2339 671 2381 ex
684 2340 720 2381 co
742 2321 889 2400 seqnitur,
906 2321 1090 2400 principium

317 2411 428 2472 ditinae
462 2413 563 2490 illius,
587 2433 682 2494 quam
717 2415 899 2495 suscipimus
923 2414 1087 2492 doctrinm,

317 2523 412 2585 quam
427 2524 465 2566 ex
477 2506 538 2568 fide
550 2509 682 2588 pendere
693 2508 837 2569 diximus.

358 2599 544 2677 Hujusmodi
556 2608 659 2663 autem
670 2602 722 2680 jus
736 2607 766 2662 et
777 2608 909 2682 potestas
924 2620 1017 2682 penes
1036 2604 1090 2663 Eo-

316 2690 443 2752 clcsiam
454 2699 509 2769 est,
526 2716 542 2752 u
555 2695 644 2773 cujus
656 2701 701 2756 est
711 2695 850 2774 judicare
864 2697 902 2756 de
913 2715 986 2757 vero
998 2715 1089 2757 sensu

1145 545 1220 605 dum
1251 545 1354 606 locum
1380 565 1482 626 operae
1510 565 1546 607 ac
1577 564 1671 608 morie
1697 545 1736 607 sit
1765 543 1919 606 adhiben-

1146 639 1231 700 duam.

1363 970 1543 1051 CAPUT
1589 974 1638 1050 ll.

1145 1277 1189 1340 De
1212 1279 1372 1361 principiis
1393 1278 1575 1360 ticolopicis,
1597 1300 1655 1362 qne
1679 1303 1718 1345 en
1739 1283 1917 1349 comitisse

1207 1370 1918 1444 Patribusndstrueuttnr·.Ostenditnrlrorremoirn

1204 1466 1235 1527 in
1249 1485 1281 1528 eo
1294 1468 1384 1528 sitam
1403 1486 1472 1542 esse,
1484 1469 1564 1549 qnod
1575 1489 1613 1531 ear
1630 1470 1696 1532 illis
1708 1470 1746 1533 de
1755 1472 1917 1536 traditione

1202 1569 1325 1635 contat,
1348 1569 1489 1643 qnatenus
1498 1562 1616 1644 quidem
1631 1565 1809 1627 assentiendi
1821 1585 1918 1629 necee-

1204 1656 1274 1716 ailae
1288 1655 1433 1737 efficitur.
1455 1654 1917 1730 Quacancionencdeleetntruc-

1203 1747 1363 1810 tandusint
1375 1748 1507 1810 Patrem
1523 1751 1703 1827 testimonia,
1718 1760 1745 1814 et
1762 1752 1802 1815 od
1810 1753 1918 1835 protu-

1202 1844 1294 1904 tiones
1313 1841 1487 1907 adhibenda.
1506 1844 1598 1926 anrn
1609 1847 1655 1908 rei
1665 1847 1915 1930 npotoequoeeam

1202 1936 1291 1997 altiles
1308 1935 1552 2017 prescribantur.

1186 2125 1209 2183 l.
1227 2123 1368 2185 Eccledre
1392 2144 1452 2186 vox
1465 2127 1576 2187 veteris
1589 2134 1620 2189 et
1636 2127 1790 2206 judicium
1803 2132 1916 2210 partim

1143 2216 1333 2295 synodorum
1356 2218 1499 2295 decretis,
1527 2221 1641 2300 partim
1666 2223 1865 2302 antiquorum
1883 2225 1936 2285 in·

1145 2310 1280 2370 Ecclesia
1290 2316 1414 2390 patrum
1428 2332 1464 2373 ac
1478 2313 1638 2375 doctorum
1658 2316 1833 2377 testimonio
1844 2336 1916 2380 con—

1143 2409 1203 2465 stat
1221 2395 1242 2465 ⁶.
1255 2405 1390 2467 Tametsi
1413 2408 1577 2488 utrobique
1598 2410 1724 2470 Petrum
1754 2412 1921 2472 auctoritas

1143 2498 1256 2576 agitur,
1280 2500 1334 2559 sed
1359 2501 1460 2578 major
1476 2501 1540 2562 illic
1566 2508 1596 2562 et
1615 2503 1758 2579 sanctior,
1779 2503 1833 2564 ubi
1852 2523 1918 2565 non

1142 2592 1286 2671 privatim
1299 2592 1424 2672 singuli,
1440 2595 1493 2654 sed
1506 2596 1639 2656 universi
1652 2597 1728 2656 etin
1742 2615 1840 2658 unum
1853 2616 1917 2658 cce·

1142 2690 1209 2745 turn
1228 2685 1347 2747 collecti
1363 2690 1545 2749 sententiam
1567 2690 1682 2751 dicunt.
1707 2690 1916 2763 Quamobrem

316 2789 347 2843 et
358 2785 606 2864 interpretatione
618 2788 845 2867 seripturarum
868 2794 1054 2864 sanctarum,
1069 2811 1085 2846 n
1142 2785 1210 2858 1>08i
1234 2780 1372 2841 divinam
1386 2782 1575 2861 Scripturam
1600 2784 1776 2863 proximum
1800 2783 1918 2845 habent
1995 2804 2046 2845 ean

316 2883 351 2938 nt
363 2879 532 2941 Tridentini
546 2881 648 2942 Patres
662 2881 831 2961 loquuntur
843 2882 866 2943 ¹.
897 2883 1016 2944 Aenon
1028 2882 1088 2941 mi·

316 2990 374 3032 nus
388 2973 447 3034 hoc
461 2975 617 3036 hodierna
631 2994 727 3055 quam
740 2977 835 3038 vetari
852 2993 1030 3037 concessum
1044 2981 1090 3036 est

1142 2874 1329 2934 auctoritatis
1340 2875 1472 2955 madum
1485 2877 1625 2953 eoncilia,
1641 2877 1810 2958 prasertim
1821 2893 1916 2957 gene·

1141 2967 1230 3043 ralia,
1247 2986 1315 3048 quae
1333 2974 1363 3028 et
1376 2970 1567 3031 (aecumenica
1581 2971 1741 3042 dicuntur;
1757 2969 1807 3033 vel
1821 2970 1915 3031 etiam

1960 2966 2066 3017 pmxtmur

1952 3019 2066 3060 anctomm

318 3065 470 3143 Ecclesiae,
487 3068 519 3128 id
540 3069 623 3148 quod
637 3088 694 3130 suo
720 3069 788 3130 loco
808 3069 1025 3131 declarabitur.
1045 3070 1089 3129 De
1142 3061 1273 3137 minora,
1287 3061 1729 3126 sedEcclesiaetotiusacSedis
1742 3064 1916 3145 apostolice
1947 3072 2066 3168 suffia*

315 3160 410 3220 veteri
423 3162 584 3222 antemhie
592 3164 784 3242 potissimum
792 3164 924 3242 agimus,
941 3163 1089 3243 quoniam
1142 3156 1362 3236 approbatione
1387 3158 1513 3219 sancita.
1541 3160 1585 3220 De
1612 3159 1782 3238 majoribus
1807 3158 1916 3219 tritum
1971 3178 2060 3224 ωιοιιι

317 3252 418 3330 major
439 3273 511 3334 pars
533 3254 779 3335 theologicorum
802 3257 985 3335 dogmatum
1009 3256 1088 3316 anti-

317 3364 451 3425 quorum
465 3349 582 3409 sancita
595 3349 733 3425 decretis,
748 3350 781 3409 in
803 3349 1017 3410 tractationem
1031 3367 1088 3409 no-

316 3444 412 3500 stram
426 3440 598 3515 adducitur,
613 3446 643 3501 et
661 3442 699 3502 de
713 3441 870 3503 hodiernae
882 3441 999 3519 judicio
1020 3460 1089 3520 quae

316 3550 371 3613 per
386 3550 418 3593 se
437 3533 504 3613 ipsa
514 3551 681 3613 coramque
698 3534 927 3614 quodammodo
940 3533 1087 3614 loquitur,

316 3632 370 3686 aut
391 3626 480 3687 nulla
504 3635 550 3687 est
572 3633 625 3688 aut
649 3633 729 3688 certe
756 3628 924 3708 perexigua
949 3628 1087 3707 questio.

316 3719 452 3780 hlaxima
464 3737 537 3780 vero
555 3725 585 3780 et
606 3721 756 3782 acerrima
775 3721 852 3782 solet
870 3739 935 3782 esse
952 3722 990 3782 de
1009 3721 1088 3782 anti-

317 3812 433 3892 quioris
458 3812 587 3892 placitis,
613 3814 646 3874 in
665 3814 777 3894 quibus
799 3814 995 3876 enucleandis
1018 3814 1089 3875 uni·

316 3923 405 3967 versa
421 3905 484 3966 fere
506 3907 639 3968 scientia
652 3914 762 3969 nostrae
774 3910 993 3988 industriaeque
1011 3909 1090 3969 ratio

317 3999 462 4077 consistit,
472 4007 506 4062 ut
519 4010 681 4082 propterea
686 4003 828 4063 nonnihil
835 4003 962 4064 adhunc
975 4019 1090 4062 ornan·

346 4253 363 4289 e
376 4240 463 4305 Duplex
471 4244 582 4306 praterea
591 4240 649 4291 ratio
662 4241 734 4291 adluit
747 4254 791 4305 qua
807 4240 893 4291 inducti
906 4240 987 4291 Patres
1000 4239 1031 4289 ita
1045 4238 1091 4289 dis·

316 4322 431 4368 sererent.
454 4319 482 4368 lit
494 4318 559 4382 prior
576 4318 667 4383 quiden
689 4333 717 4370 ex
741 4332 769 4370 eo
787 4319 895 4383 loquendi
908 4332 950 4369 usu
966 4318 1091 4383 repetenda

318 4401 363 4462 eat,
387 4410 432 4461 quo
450 4399 688 4459 nanturiacensem
711 4399 863 4464 appellatione
881 4400 970 4460 spectet
989 4398 1091 4449 notitia·

316 4478 387 4528 alnae
399 4477 490 4541 propria
513 4476 626 4541 designari
640 4479 770 4529 consuevit.
792 4479 847 4528 Cum
870 4491 943 4542 genus
959 4478 1091 4528 universum

318 4557 467 4609 silverium
480 4559 540 4622 Dei,
556 4572 655 4622 eumque
673 4559 795 4624 Scriptura
812 4561 866 4608 κατ’
884 4559 967 4622 leopati
987 4557 1092 4608 dicantur

317 4637 397 4695 (hon.
422 4650 458 4686 ιιι.
477 4640 501 4699 3)
516 4640 546 4686 τὰ
565 4640 635 4700 λιγέα
657 4642 699 4686 τοῦ
721 4640 795 4701 Oeno,
814 4639 911 4700 etoquia
931 4639 988 4696 hei,·
1005 4636 1090 4686 lactum

320 4715 410 4766 idcirco
438 4720 482 4779 est,
510 4721 537 4766 ut
560 4717 683 4782 Scriptura
701 4717 793 4769 nomine
820 4717 894 4783 ipsun
919 4717 959 4767 ilai
985 4716 1092 4778 verium,

316 4808 362 4858 qua
375 4794 484 4847 lahssime
497 4799 571 4861 patet,
586 4797 761 4862 exprimeretur.
779 4796 888 4847 stret-edit
904 4796 1018 4862 posterim
1034 4795 1092 4846 ratio

320 4893 348 4930 er
363 4892 442 4930 eorum
456 4878 561 4943 proiecta
574 4877 716 4936 charactere,
733 4889 790 4940 qnos
807 4877 888 4927 Patres
903 4876 1053 4942 impetebant,
1068 4880 1092 4926 et

318 4963 398 5013 contra
417 4972 475 5023 quos
493 4956 643 5008 orthodoxam
666 4956 785 5007 tentatam
804 4956 936 5007 tuebantur.
962 4957 990 5006 lli
1012 4956 1091 5021 sepis·

323 5038 452 5090 simeerant
464 5035 576 5099 Gnostici,
589 5034 705 5096 Ariarici
718 5035 851 5086 brianonum
868 5034 963 5100 passini
976 5033 1091 5096 inomni,

320 5118 359 5181 qui
382 5116 506 5181 scripturis
521 5116 643 5177 rationem,
666 5118 690 5164 et
703 5114 869 5179 philosophiam
883 5115 1012 5166 auctoritati
1026 5115 1090 5165 sarlh-

320 5199 423 5251 ciebant.
440 5198 498 5257 Quid
510 5198 579 5263 igitur
594 5199 693 5250 Patrest
706 5199 751 5249 Pro
767 5197 854 5248 credito
868 5196 910 5247 sibi
923 5207 1018 5246 munere
1032 5208 1090 5245 con-

280 5324 285 5334 .
319 5280 452 5343 tendebant,
471 5278 500 5330 de
516 5278 715 5344 supersnbtantiati
737 5278 831 5341 deitate,
853 5278 928 5341 deque
945 5273 998 5326 lldsi
1015 5272 1093 5324 saluh-

341 5482 350 5524 t
366 5480 487 5528 Trtdseas.
498 5477 531 5522 lt,
540 5503 564 5512 -
578 5477 659 5525 ilion.
671 5490 696 5523 x.
704 5477 742 5542 jd.

1141 3249 1220 3310 illud
1235 3256 1280 3310 est
1300 3251 1439 3330 Gregorii
1460 3253 1575 3331 Magni.
1595 3275 1611 3310 a
1632 3254 1780 3313 Praeterea
1804 3251 1915 3331 inquit,

1142 3343 1216 3422 quia
1241 3343 1474 3405 cordecreditur·
1496 3346 1536 3406 ad
1556 3345 1719 3424 iristitiam,
1748 3365 1797 3406 ore
1818 3352 1917 3405 eutem

1141 3435 1281 3515 consessio
1293 3434 1330 3516 pe
1345 3435 1554 3514 adsalutant,
1568 3438 1646 3499 sicut
1657 3439 1754 3500 sancti
1760 3437 1919 3518 Erarrgelii

1144 3536 1276 3609 quatuor
1289 3529 1395 3606 libros,
1410 3530 1453 3591 sic
1467 3537 1600 3611 quatuor
1621 3533 1751 3595 concilia
1764 3533 1918 3612 suscipere

1143 3631 1173 3686 et
1190 3625 1331 3686 venerari
1355 3642 1406 3686 me
1431 3624 1539 3702 fateor,
1564 3626 1723 3687 Nicaenum
1747 3627 1861 3687 scilicet
1884 3625 1919 3685 in

1144 3735 1206 3796 quo
1224 3735 1403 3798 perversum
1416 3718 1482 3778 Arii
1505 3720 1621 3799 dogma
1642 3720 1825 3793 destruitur3
1842 3720 1919 3779 Con-

1142 3811 1447 3893 stantinopolitanum
1461 3830 1596 3892 quoque,
1610 3813 1712 3894 inquo
1731 3813 1875 3874 Eunomii
1888 3818 1920 3873 et

1142 3904 1312 3966 Macedonii
1321 3922 1406 3964 error
1411 3906 1611 3980 convincihnr3
1623 3907 1813 3986 Ephesinum
1823 3906 1919 3966 edam

1142 3997 1289 4077 primum,
1309 3997 1343 4058 in
1360 4015 1423 4078 quo
1442 3999 1573 4060 Nestorii
1589 3999 1731 4081 impietas
1749 4000 1917 4078 judicatum

1143 4235 1197 4286 tere
1212 4235 1325 4301 mysteriis
1339 4236 1485 4287 sumendum
1504 4250 1556 4289 esse
1573 4249 1619 4289 non
1633 4251 1661 4289 ex
1682 4238 1826 4304 philosophia
1847 4242 1919 4303 atque

1144 4328 1173 4364 ex
1191 4315 1289 4378 ratium,
1312 4329 1362 4379 qua
1380 4318 1532 4379 preterquam
1553 4316 1614 4380 quod
1636 4315 1777 4382 impatiente
1795 4316 1919 4367 admodum

1144 4393 1198 4457 sint,
1213 4394 1295 4445 hnibus
1311 4395 1420 4445 naturahs
1429 4395 1516 4446 ordinis
1529 4399 1676 4458 coercentur,
1693 4397 1734 4448 sed
1753 4410 1781 4448 er
1795 4397 1920 4462 Scripturis

1144 4486 1288 4537 supernaque
1315 4474 1464 4538 revelatione,
1490 4474 1572 4539 quihus
1602 4474 1656 4526 solis
1681 4475 1781 4527 medium
1802 4475 1919 4527 sufficiens

1143 4553 1250 4617 idemque
1268 4553 1395 4605 universale
1409 4555 1620 4619 conprehenditur.
1629 4556 1717 4607 iuverit
1730 4556 1854 4608 contulisse
1866 4569 1920 4620 qua

1144 4633 1247 4683 scribunt
1260 4633 1412 4685 Tertullianus
1431 4636 1471 4694 (de
1488 4635 1633 4697 Proescript.
1650 4649 1705 4701 cap.
1727 4641 1771 4698 vn)
1790 4640 1815 4688 et
1830 4636 1919 4699 Grego-

1144 4714 1191 4763 rius
1197 4713 1352 4765 Nazianzenus
1365 4716 1467 4766 oratione
1481 4730 1556 4779 mhi,
1570 4730 1621 4781 qua
1634 4719 1670 4767 cst
1682 4717 1755 4781 prima
1768 4730 1796 4768 ex
1808 4716 1920 4780 theologi

1145 4793 1190 4843 cis.
1209 4793 1235 4845 Ε.
1247 4793 1275 4843 ll.

1176 4870 1299 4921 bltuobns
1317 4884 1331 4921 a
1348 4872 1443 4924 Peterin
1461 4874 1581 4925 recensitis
1598 4875 1709 4940 presidiis
1732 4876 1867 4928 aucwritate
1885 4879 1922 4927 at·

1145 4968 1190 5018 que
1203 4956 1325 5020 splendore
1348 4957 1482 5021 potissimis,
1498 4971 1595 5022 quorun
1617 4973 1661 5025 ops
1670 4961 1756 5012 velens
1770 4964 1839 5024 atqm
1852 4973 1921 5024 apos·

1144 5034 1220 5086 ntiae
1238 5035 1347 5085 Ecclesia
1366 5036 1470 5088 doctrina
1496 5050 1523 5090 ae
1546 5038 1603 5088 tides
1625 5038 1833 5104 deprehendantur,
1848 5039 1923 5089 altero

1144 5127 1217 5178 prope
1230 5112 1301 5176 gradu
1317 5117 1341 5165 et
1354 5127 1484 5180 aa,quapar
1497 5120 1534 5167 est
1547 5117 1636 5168 ratione
1650 5117 1754 5169 addenda
1767 5121 1821 5169 sunl
1833 5117 1923 5182 reliqua

1144 5193 1266 5243 chnstinm
1275 5193 1424 5257 monimenta,
1436 5196 1654 5260 cujusntodimerito
1664 5197 1778 5248 habentur
1795 5202 1920 5261 martynum

1145 5271 1215 5333 lacta,
1221 5271 1272 5323 libri
1278 5272 1385 5337 liturgici,
1391 5274 1512 5339 hymnarii,
1519 5276 1654 5341 lectionarii,
1660 5277 1727 5329 annal
1732 5290 1757 5328 es
1763 5276 1923 5341 ecclenastici,
