3952 6170
152 3322 296 3379 {lieronymus

321 380 380 440 312
826 379 1149 443 Tuuouofflconuti
1171 380 1400 443 DOGMATUM.

322 565 458 630 presens
471 553 502 608 et
515 546 660 608 omnihus
673 547 761 623 adsit,
775 554 811 608 ut
822 548 866 609 sit
879 549 984 610 divina
993 551 1093 630 Sorip
1182 550 1234 612 IX.
1243 548 1424 612 Ambrosius
1434 541 1650 608 intractatum
1662 539 1804 624 Symbolo
1823 541 1901 623 Apu

320 648 447 702 auat.»
461 639 538 700 Vide
548 639 686 718 ejusdem
698 643 935 722 eaputprimum
947 642 1001 703 lib.
1015 644 1042 703 V
1057 642 1093 704 de
1141 642 1268 705 totorum
1285 644 1384 722 eapite
1396 657 1477 701 xm:
1493 639 1527 700 Si
1541 637 1626 698 enim
1653 635 1715 711 sol,
1730 636 1843 714 inquit
1856 636 1901 713 qui

321 732 501 795 Hoereu'lm.
1142 742 1285 797 ereatura
1310 741 1357 796 est
1376 733 1428 793 eui
1453 730 1632 812 precipitur
1657 734 1693 789 ut
1719 728 1852 801 oriahrr,
1874 728 1903 786 in

361 826 442 886 Vlll.
459 824 592 904 Gyrillus
609 824 836 886 Alexandrinus
857 825 937 886 libro
956 828 1093 887 seeundo
1142 828 1229 890 omni
1269 827 1345 888 orbe
1384 832 1540 886 terrarum
1580 822 1703 882 videtur
1743 839 1780 881 ae
1812 819 1903 880 radios

321 926 423 979 eontra
430 916 585 978 lulianum
591 917 717 978 ludaeos
723 918 767 977 ait
773 919 850 978 adeo
863 918 990 980 hebetes
999 919 1093 981 hrisse
1143 939 1215 982 auos
1235 920 1380 994 ostendit,
1395 922 1513 997 quanto
1525 915 1625 993 magis
1638 918 1760 975 creator
1772 917 1805 972 et
1817 916 1905 971 omni·

322 1030 358 1071 ae
372 1012 465 1072 rudes
486 1010 756 1085 omniumrerum‚
770 1015 806 1070 ut
820 1012 920 1071 Deum
933 1012 1094 1073 crederent
1142 1020 1252 1093 potens
1277 1014 1359 1073 Deus
1390 1026 1517 1071 omnem
1551 1006 1724 1068 eradendus
1754 1010 1802 1065 est
1824 1022 1905 1083 pene

323 1103 602 1183 Hierosolymitana
608 1102 686 1163 urbe
696 1122 732 1163 ae
740 1103 858 1183 templo
869 1104 1091 1180 circumscribi,
1143 1112 1224 1167 traro
1239 1112 1271 1166 et
1283 1103 1413 1183 implere
1422 1099 1549 1162 losum?
1564 1098 1644 1161 Hine
1657 1097 1813 1176 Propheta
1821 1096 1903 1157 dicit:

323 1214 380 1257 neo
394 1214 527 1275 usquam
541 1195 616 1255 alibi
642 1195 788 1256 residere.
817 1196 888 1256 ideo
909 1196 1094 1275 prophetam
1145 1199 1207 1274 (ltro
1218 1198 1296 1259 idos
1310 1197 1388 1277 faeie
1402 1204 1456 1256 tua
1465 1192 1526 1254 tsi
1537 1189 1707 1253 descendero
1722 1190 1753 1250 iu
1763 1189 1904 1268 mser-uua

323 1288 444 1348 Esaiam
459 1288 558 1367 eapite
572 1304 618 1347 xii
630 1292 666 1347 ut
679 1288 764 1347 hune
776 1287 837 1348 illis
851 1306 989 1348 errorem
1003 1307 1094 1349 exeu-
1143 1290 1220 1352 odes.
1238 1312 1253 1346 ν
1271 1290 1360 1363 Quod
1373 1288 1519 1348 disertius
1531 1284 1592 1346 alio
1606 1284 1639 1344 iu
1655 1283 1724 1343 loeo
1733 1281 1841 1342 sorihit
1851 1283 1902 1341 sie:

322 1384 412 1454 teret,
434 1379 545 1442 dixisse
567 1377 678 1439 Coelum
693 1378 769 1438 mati
785 1377 873 1446 aedes,
896 1387 978 1439 temo
995 1388 1093 1441 autem
1143 1405 1163 1440 ιι
1177 1381 1341 1461 complens
1367 1380 1484 1451 omnin,
1507 1393 1663 1455 nusquam
1677 1375 1742 1454 ipse
1756 1373 1903 1441 consumis

323 1470 475 1532 scabellum
499 1470 608 1552 pedum
634 1489 773 1531 meorum.
804 1472 1012 1550 «Oportebat,
1044 1474 1093 1533 in-
1143 1481 1308 1555 penetrans
1321 1474 1438 1548 omnia,
1452 1469 1680 1550 nusquamipse
1693 1466 1903 1547 penetaandus,

324 1564 409 1642 quit,
428 1565 467 1624 iis
489 1564 544 1643 qui
567 1569 756 1624 contractam
777 1569 809 1623 et
829 1564 1094 1644 circumscriptam
1145 1568 1260 1646 ubique
1269 1572 1363 1639 totus,
1380 1565 1550 1642 eodemque
1562 1566 1703 1640 tempore
1716 1557 1902 1629 solinneio

324 1655 399 1716 loeis
412 1662 556 1716 naturam
568 1657 666 1735 ipsius
678 1655 919 1731 arbitrabantur,
933 1657 1094 1719 manifeste
1144 1658 1194 1719 rel
1205 1660 1239 1718 in
1247 1658 1348 1731 terris,
1359 1657 1410 1717 vel
1418 1653 1625 1716 innovissimo
1633 1650 1901 1730 mariprmseus2.r

324 1748 480 1808 declarare
507 1749 598 1809 illum
625 1748 742 1828 ubique
753 1765 818 1808 esse
839 1767 875 1807 ae
899 1747 978 1808 nihil
991 1749 1095 1828 ipsum
1145 1751 1182 1811 Et
1202 1751 1236 1811 in
1250 1750 1329 1810 libro
1346 1748 1382 1810 de
1406 1747 1560 1829 Dipoitote
1576 1744 1747 1806 emtditiom'a
1769 1744 1901 1809 Ιιεσιεωιιε.

324 1858 444 1919 eope-re,
466 1841 543 1919 quin
568 1841 671 1920 potius
693 1857 767 1901 eum
802 1841 907 1900 omnia
927 1842 1095 1920 pervadere
1145 1842 1441 1922 praesentiamillam
1454 1839 1565 1900 divinae
1580 1834 1901 1898 substantisedemom·

323 1948 359 1991 ao
380 1931 509 2011 plenum
531 1933 598 2011 ipso
619 1951 683 1993 esse
710 1932 823 1992 eoelum
846 1950 882 1992 ao
904 1932 1050 1994 terraml.
1076 1956 1092 1993 ι)
1144 1935 1497 2015 tratexemploanimae:
1517 1929 1729 2005 «Quodsieuti
1742 1929 1824 1989 Deus
1833 1945 1903 1988 unus

326 2024 411 2084 idem
440 2024 473 2084 in
502 2025 604 2105 primo
637 2024 716 2085 libro
753 2023 1034 2086 Commentariorum
1066 2027 1096 2086 in
1145 2045 1267 2108 semper
1291 2027 1408 2106 ubique
1432 2030 1517 2086 totus
1529 2030 1587 2099 est,
1616 2023 1723 2084 omnia
1744 2020 1901 2095 vivificans,

322 2114 720 2197 Joaununcapiterrloeum
729 2117 818 2177 illum
831 2117 943 2177 Psalmi
950 2134 1093 2181 orxxmu:
1145 2138 1274 2181 movens
1285 2126 1316 2181 et
1328 2120 1507 2198 fflbemans
1527 2117 1607 2177 siout
1623 2113 1791 2194 Apostolus
1802 2112 1902 2173 eonlir·

325 2207 387 2282 Quo
423 2208 470 2270 ibo
504 2230 522 2270 ιι
549 2209 670 2290 Spiritu
703 2219 772 2278 tuo,
808 2214 891 2285 eto,
927 2211 1026 2273 multa
1057 2214 1095 2275 de
1145 2212 1314 2290 mat,quod
1327 2214 1361 2272 in
1375 2230 1412 2272 eo
1422 2210 1566 2284 vivimus,
1578 2212 1901 2277 movemuretsrimus3

324 2301 432 2361 eadem
461 2302 515 2363 Dei
533 2302 742 2363 immensitate
763 2301 882 2361 disserit
903 2320 964 2380 qua
987 2303 1096 2384 implet
1145 2305 1188 2365 sie
1201 2305 1306 2365 anima
1326 2303 1360 2363 in
1384 2321 1441 2364 suo
1462 2318 1591 2381 corpore
1605 2298 1723 2377 ubique
1741 2303 1806 2359 tota
1819 2296 1901 2374 viget,

324 2393 441 2467 omnia,
456 2412 492 2454 ae
506 2394 693 2454 nominatim
705 2392 844 2452 Verbum
866 2392 969 2471 ipsum
994 2396 1049 2456 Dei
1064 2403 1095 2458 et
1145 2396 1304 2457 vivificans
1312 2396 1401 2469 illud,
1413 2388 1793 2471 movensugubemanst
1807 2411 1822 2445 υ
1838 2389 1902 2450 Vile

323 2485 522 2563 unigenitum
543 2486 668 2562 ooelum,
685 2492 803 2546 terram
823 2491 854 2546 et
872 2484 988 2545 inferos
1012 2488 1095 2568 ipsos
1145 2495 1177 2549 et
1189 2488 1417 2550 enarrationem
1439 2485 1552 2547 Psalmi
1567 2500 1657 2544 oxum
1674 2482 1871 2543 octonarium
1881 2480 1899 2553 ⁸,

323 2575 453 2657 implere
460 2578 619 2639 divinitate
626 2577 821 2639 suasoribit0.
831 2578 908 2637 item
919 2577 954 2637 in
966 2577 1046 2640 libro
1053 2581 1094 2641 VI
1144 2581 1200 2642 ubi
1210 2581 1277 2641 fuse
1286 2582 1318 2641 id
1333 2580 1475 2660 explieat.

323 2670 423 2749 eapite
439 2687 469 2730 r:
489 2672 595 2733 «Cum
610 2672 649 2732 sit
661 2688 754 2731 verus
775 2672 866 2746 Deus,
894 2669 1007 2750 inquit,
1030 2691 1094 2735 non
1184 2673 1331 2735 Omnium
1358 2670 1566 2751 copiosissime
1588 2676 1714 2730 sanctus
1725 2666 1935 2745 Augsufiuusl

323 2761 416 2822 ooelos
442 2767 566 2825 tantum
593 2770 624 2824 et
643 2780 715 2842 quae
739 2781 833 2842 supra
860 2762 1094 2826 firmamentum
1144 2766 1273 2846 epistola
1297 2765 1427 2845 septima
1449 2770 1480 2824 et
1504 2760 1763 2842 quinquagesima
1782 2760 1836 2820 Dei
1850 2759 1899 2818 im·

322 2860 405 2929 sunt,
414 2856 568 2916 sedetiam
578 2860 720 2917 nostrum
726 2854 926 2915 huneorbem
938 2859 1094 2918 terrarum
1143 2858 1339 2919 mensitatem
1349 2856 1503 2936 exposuit,
1512 2872 1583 2934 quae
1597 2852 1727 2933 epistola
1740 2858 1804 2912 tota
1817 2857 1858 2912 est
1867 2850 1899 2910 de

321 2944 430 3026 implet
440 2965 475 3007 ae
487 2946 602 3009 fovete.
619 2969 634 3005 a
652 2949 689 3008 Et
698 2948 732 3008 in
745 2947 826 3008 libro
841 2948 902 3008 Xl:
922 2970 937 3005 ιι
952 2950 1022 3009 Non
1035 2957 1091 3027 est,
1143 2950 1203 3010 hoo
1225 2954 1421 3027 argumento.
1445 2947 1491 3007 lbi
1515 2947 1596 3006 inter
1618 2945 1697 3005 alia:
1731 2944 1817 3003 «Est
1838 2961 1899 3021 ergo

321 3037 433 3118 inquit,
449 3040 591 3102 divinum
606 3058 725 3101 numen
747 3040 780 3099 in
792 3040 872 3117 loeo,
887 3059 945 3101 neo
968 3041 1008 3102 ah
1029 3043 1094 3104 ulla
1144 3043 1290 3121 Deusper
1304 3046 1417 3102 eunota
1429 3039 1571 3100 diffusus.
1589 3039 1655 3118 lpse
1668 3037 1785 3116 quippe
1804 3036 1900 3114 aitper

320 3147 355 3189 re
366 3132 453 3193 abest
458 3134 599 3195 omnino.
611 3132 722 3212 lmplet
733 3131 818 3192 enim
832 3134 975 3193 omniaet
988 3135 1094 3195 omnia
1143 3133 1340 3212 Prophetam,
1356 3131 1505 3194 Coelumet
1516 3140 1687 3210 turumepo
1699 3127 1895 3208 implemus.»

320 3240 494 3301 permeans,
517 3231 604 3286 extra
618 3225 723 3286 omnia
737 3231 783 3285 est
795 3230 827 3284 et
841 3225 875 3285 in
889 3226 1061 3288 omnihus0.
1073 3251 1089 3286 »
1142 3226 1221 3286 lum
1234 3246 1241 3286 :
1255 3223 1616 3287 «Substantialiterlleus
1622 3219 1895 3300 ubiquediffnsuss

360 3317 570 3396 Hieronymus
583 3319 616 3378 in
632 3318 856 3378 commentario
871 3318 910 3377 ad
930 3319 1027 3379 Esaiae
1041 3339 1091 3381 oa-
1142 3317 1196 3377 Et:
1215 3340 1230 3375 ιι
1245 3318 1334 3378 Unde
1346 3317 1507 3377 latendum
1532 3321 1578 3376 est
1603 3314 1722 3392 ubique
1735 3330 1800 3373 esse
1814 3313 1897 3371 Deum

320 3414 377 3487 put
391 3424 456 3469 ixvr
466 3410 625 3488 prophetae
638 3409 692 3469 illa
700 3409 806 3483 verba,
815 3407 920 3470 culum
929 3409 1007 3471 seder
1015 3430 1089 3488 ιιοεα,
1141 3428 1197 3489 per
1208 3407 1647 3488 divinitatispraesentiom,sed
1660 3424 1726 3466 non
1736 3403 1846 3483 ubique
1854 3419 1900 3481 per

319 3504 392 3575 eto,
407 3501 535 3579 perinde
549 3505 642 3579 etque
665 3501 797 3580 Gyrillus
823 3501 902 3561 libro
921 3502 975 3562 illo
990 3511 1093 3564 eontra
1141 3500 1375 3563 inhabitationis
1401 3500 1577 3579 gratiam.»
1597 3500 1694 3559 item:
1713 3496 1815 3557 uideo
1826 3494 1897 3555 euim

318 3589 474 3652 Julrhuum
486 3592 590 3670 uitato,
606 3592 665 3653 diei
679 3598 778 3672 putat,
795 3599 830 3653 ut
849 3592 1006 3656 ludoicum
1023 3614 1090 3655 eou-
1141 3593 1259 3672 ubique
1278 3612 1343 3655 esse
1370 3593 1485 3654 dieitur
1506 3593 1581 3671 quia
1596 3590 1687 3651 nulli
1704 3589 1786 3670 parti
1806 3602 1897 3649 rerum

319 3683 417 3744 amat
429 3702 556 3744 morou
586 3685 685 3746 Deum
699 3691 783 3746 eerto
797 3686 865 3746 loeo
891 3685 1089 3765 defigentem.
1141 3685 1252 3747 absens
1266 3692 1322 3763 est,
1336 3684 1406 3747 ideo
1420 3685 1591 3764 totusquia
1613 3702 1679 3744 non
1702 3682 1784 3762 parti
1807 3695 1895 3741 rerum

319 3776 467 3855 idemque
498 3777 532 3837 in
560 3775 784 3840 Comumutam'is
808 3778 839 3839 iu
872 3779 1026 3860 epistolam
1053 3779 1093 3841 ad
1142 3784 1263 3858 partem
1290 3795 1380 3839 suam
1411 3783 1596 3857 praesentem
1627 3775 1748 3857 praehet
1771 3781 1801 3836 et
1822 3769 1897 3833 alteri

318 3867 503 3948 Ephesum:
523 3891 538 3927 ιι
551 3871 633 3930 Deus
657 3871 773 3950 ubique
799 3877 855 3948 est,
876 3872 930 3948 ait,
960 3878 991 3933 et
1008 3877 1092 3932 totns
1141 3871 1223 3950 parti
1249 3870 1379 3931 alteram
1405 3875 1538 3950 partem,
1567 3869 1702 3949 aequales
1730 3864 1894 3947 equnihus,

318 3960 435 4041 ubique
448 3967 504 4037 est,
519 3980 610 4042 aquo
624 3963 694 4042 quis
710 3968 811 4042 potest
823 3965 958 4043 separari
972 3982 1046 4024 eum
1058 3965 1092 4025 in
1141 3963 1257 4024 minori
1279 3980 1353 4024 vero
1374 3963 1541 4038 minorem,
1562 3961 1738 4040 majorique
1750 3959 1893 4037 majorem.

317 4053 598 4115 eosintomniai»
1143 4055 1205 4117 Sed
1217 4074 1281 4117 non
1295 4055 1397 4117 solum
1409 4054 1605 4117 universitati
1629 4061 1791 4127 creature,
1802 4064 1894 4113 rerum

353 4396 373 4434 α
391 4380 568 4436 Taaononnr.
594 4387 660 4435 orat.
678 4379 705 4435 i.
735 4378 868 4436 deProv.
903 4379 1091 4454 Ἀπεριόριστον
1140 4382 1242 4453 δυνάμει
1256 4380 1287 4435 τά
1301 4382 1382 4434 πάντα
1395 4381 1492 4453 πληροῖ
1506 4381 1547 4433 καὶ
1565 4380 1718 4452 συμπάρεστι
1739 4378 1782 4452 μὲν
1800 4376 1893 4450 heum

318 4462 392 4517 σῦτοΰ
401 4464 445 4532 την
457 4464 527 4535 ριίσιν
542 4456 659 4517 εἶναικαὶ
679 4462 768 4536 ραμὲν,
790 4463 832 4517 κοιλ
847 4465 1002 4537 πιστεύομεν·
1018 4465 1092 4533 ,ἠκού-
1141 4463 1165 4518 ἔν
1181 4464 1289 4538 οὐρανῷ·
1306 4466 1401 4519 σὸνεστι
1415 4463 1442 4518 δὲ
1457 4467 1510 4525 τοῖς
1524 4462 1563 4518 ἐπὶ
1578 4469 1633 4536 γῆς·
1642 4463 1712 4517 ιιενδν
1728 4463 1755 4516 et
1768 4467 1809 4531 τῆς
1821 4461 1892 4514 tam

317 4565 395 4617 σαμεν
406 4545 454 4618 γάρ
467 4545 541 4600 αὐτοῦ
551 4547 676 4619 λέγοντος·
694 4545 796 4619 μηοῦχὶ
810 4547 851 4601 τὸν
863 4547 977 4620 οὖρανδν,
993 4546 1035 4602 καλ
1045 4548 1090 4617 τὴν
1140 4549 1255 4617 θεότητος
1269 4546 1326 4602 etot
1341 4546 1414 4601 αὖτδν
1430 4546 1514 4618 άρῐησι
1528 4547 1570 4600 τδν
1585 4548 1655 4619 ᾅδην·
1672 4548 1714 4600 καὶ
1729 4548 1838 4619 πανταχῆ
1849 4542 1892 4602 uit

317 4633 363 4701 γῆν
378 4626 427 4699 ἐγὼ
436 4629 537 4701 aluph,
554 4630 620 4702 λέγει
635 4631 731 4703 Κύριος.
753 4631 815 4687 Mox
830 4630 864 4686 de
872 4632 989 4687 Christo.
1001 4632 1091 4704 Φεύγει
1140 4634 1213 4685 πᾶσιν
1229 4629 1354 4703 ἐπιδημῶν
1370 4629 1468 4693 οὐδενος
1483 4630 1658 4684 ἀπανίσταται.

318 4711 398 4765 δὲκαὶ
413 4711 568 4783 ἀνθρωπίνως
587 4712 620 4775 εἰς
637 4711 771 4785 Αἴγυπτον,
792 4719 921 4787 πανταχοῦ
944 4715 1029 4786 παρὼν
1057 4715 1091 4775 ὡς
1175 4713 1256 4771 (ild.
1273 4713 1319 4770 lib.
1340 4714 1384 4771 vl.
1413 4714 1461 4766 Καὶ
1480 4732 1519 4766 τοι
1539 4714 1591 4775 θεὸς
1604 4713 1724 4786 ὖπάρχων
1738 4711 1842 4781 άληθιυδς
1853 4706 1892 4779 siz

318 4794 380 4865 θεὸς,
389 4795 430 4848 καὶ
444 4796 497 4855 τοῖς
510 4797 569 4848 πᾶσι
582 4797 772 4868 παρεπόμενος,
782 4796 894 4868 ὡςρησλν
908 4797 985 4864 ilitio
997 4799 1088 4870 γραφή.
1141 4799 1207 4860 ὅπως
1221 4797 1348 4870 otpertum,
1363 4798 1404 4851 καὶ
1419 4796 1450 4850 τά
1465 4795 1574 4850 ἐπέκεινα
1587 4801 1632 4850 τοῦ
1646 4797 1812 4869 στερεώματος
1818 4794 1889 4866 ptam·

355 4880 484 4936 thnin.
511 4875 586 4931 Ἐδει
612 4877 669 4951 γάρ,
700 4878 747 4932 ἔδει
769 4882 825 4941 τοῖς
847 4881 1025 4951 συνεστάλθαι,
1049 4882 1090 4933 καὶ
1140 4880 1267 4933 ἀλλὰκαὶ
1288 4880 1332 4949 τὴν
1353 4880 1407 4934 καθ’
1427 4879 1493 4953 ἡμᾶς
1526 4878 1669 4951 οἰκουμένην
1696 4879 1788 4952 πληροῖ
1804 4895 1839 4946 τε,
1858 4872 1890 4925 ml

318 4962 474 5037 usptupiodm
496 4963 581 5023 τόποις
602 4961 647 5030 τὴν
670 4960 745 5015 αὑτοῦ
759 4962 827 5034 plora
847 4962 1001 5034 ὓπειληφόσι,
1017 4982 1091 5017 κοιτα-
1140 4964 1256 5037 περιέπει.

317 5044 394 5108 haiim
408 5051 502 5118 σαφῶς,
519 5047 557 5099 ὅτι
572 5065 599 5100 τε
613 5044 650 5113 εἴη
664 5049 790 5119 πανταχῆ,
805 5047 846 5099 καὶ
861 5049 941 5119 χωρεῖ
954 5045 996 5119 μὲν
1012 5045 1087 5100 αὐτὸν
1175 5062 1191 5104 ε
1207 5047 1248 5103 ld.
1266 5046 1312 5103 tib.
1329 5047 1375 5103 xl.
1399 5046 1435 5101 Οὔ
1455 5046 1502 5119 γάρ
1521 5044 1546 5100 ἓν
1566 5048 1636 5118 τόπῳ
1650 5047 1680 5100 τὸ
1693 5047 1766 5099 bstou·
1780 5037 1889 5096 άπεσειδλ

319 5126 399 5201 obdis,
421 5129 475 5196 ἥκει
497 5127 523 5182 δὲ
547 5130 641 5201 μᾶλλον
664 5127 705 5183 διά
724 5130 823 5183 πάντων
844 5129 926 5201 αὐτὸς,
941 5131 982 5183 καὶ
996 5131 1090 5202 πλήρης
1139 5131 1267 5191 παντελῶς
1281 5137 1331 5184 τῶν
1346 5130 1424 5184 ὄντων
1439 5129 1546 5191 οὐδενός·
1560 5129 1656 5202 πληροῖ
1666 5129 1713 5202 γὰρ
1726 5127 1756 5180 τά
1767 5121 1889 5191 πάιτῳεὶ

321 5208 363 5281 μὲν
378 5211 394 5263 δ
407 5211 509 5284 οὗρανδς
523 5211 608 5285 αὐτοῦ,
626 5212 702 5285 μεστὴ
717 5210 744 5265 sl
757 5211 823 5284 ᾑγῆ.
1139 5213 1179 5266 διὰ
1189 5215 1288 5268 πάντων
1296 5211 1646 5288 ἐρχόμενονλξωτιπάντιον,
1662 5212 1703 5265 καὶ
1716 5210 1739 5265 ho
1750 5204 1887 5264 πᾶοῐιῖετῑι·

356 5308 370 5349 c
392 5293 468 5350 idem
483 5297 516 5349 in
527 5298 614 5351 Joau.
643 5293 688 5358 Ὃς
707 5294 906 5368 δὴκαλάῤῥήτῳ
920 5296 1091 5363 τῆςδεόιητος
1145 5352 1150 5358 ,

347 5583 356 5626 1
372 5581 405 5625 sd
419 5593 467 5637 cap.
481 5594 507 5633 rr,
519 5592 575 5626 vers.
588 5584 608 5626 a.
617 5584 663 5627 -ά
675 5584 723 5627 mo.
737 5584 754 5627 l.
766 5583 792 5626 da
804 5583 864 5637 nde,
877 5594 926 5640 esp.
939 5595 969 5629 rr.
981 5594 1003 5628 st
1015 5596 1059 5635 ur:
1073 5585 1123 5629 ilde
1134 5593 1156 5630 ει
1168 5586 1208 5631 lit.
1222 5585 1280 5631 Vlll.
1294 5588 1319 5630 tu
1332 5589 1382 5632 lasa
1391 5587 1439 5630 -t
1449 5587 1502 5642 cap.
1514 5598 1539 5630 ιι.
