4134 6182
807 411 1021 475 PRAEFATIO.
1661 421 1700 481 li(

18 514 20 607 i
114 539 194 603 solita
206 539 339 620 singidis
352 540 476 619 diebus,
493 560 556 605 non
568 530 748 636 adthevei'n
760 544 886 622 horam,
903 548 957 609 sed
972 549 1012 609 ad
1026 548 1154 628 longum
1167 555 1289 630 tempus
1305 534 1466 613 inrisebat.
1483 552 1641 614 Societatis
1657 555 1704 614 in·

116 654 248 715 stitutiim
262 656 392 719 amabat
404 659 492 720 unice
505 660 577 738 (15),
594 667 625 723 et
636 661 746 723 enituit
755 661 789 723 in
802 680 839 722 00
851 680 972 745 semper
982 664 1132 725 eximium
1145 665 1296 745 religiosis
1308 666 1487 747 discipline,
1501 672 1700 751 paupertatis,

114 769 299 847 obedientie,
313 773 481 851 modestice,
495 775 618 852 silentii,
633 783 875 859 carminumque
888 780 1037 842 virtutum
1051 783 1198 844 studium.
1216 784 1251 844 ln
1263 802 1370 846 omnes
1389 786 1465 847 alios
1478 786 1607 848 mirifice
1619 805 1703 848 ama·

116 881 176 942 bilis
187 884 261 961 (16),
278 885 311 945 10
325 904 358 947 se
372 906 470 949 unum
482 909 616 967 severus,
633 898 725 974 atquc
737 894 874 971 immitis,
888 895 992 976 1100111
1002 898 1079 958 adeo
1090 899 1123 959 10
1136 916 1247 979 eorpus
1261 919 1352 962 suum
1366 902 1520 980 seviebat,
1537 909 1572 964 ut
1583 904 1621 965 ad
1635 904 1702 966 inil-

115 1014 214 1058 iierum
229 999 388 1063 medelam
395 1002 639 1083 chirurgicorum
650 1024 742 1087 opem
755 1008 921 1088 implorare
935 1028 999 1070 non
1009 1029 1080 1072 raro
1091 1012 1235 1075 habuerit
1246 1032 1378 1078 neeesse.
1396 1019 1482 1079 Hane
1493 1024 1559 1079 tam
1571 1038 1703 1101 exagge-

115 1117 204 1172 ratam
217 1114 369 1176 virtutem
382 1117 440 1178 riri
452 1118 558 1179 rolens
573 1121 654 1181 Deus
664 1126 815 1202 tanquam
829 1141 941 1184 aurum
952 1124 985 1184 iii
995 1125 1067 1205 igne
1082 1126 1183 1188 adhuc
1196 1129 1328 1208 probare
1340 1133 1451 1212 magis,
1468 1140 1498 1195 et
1513 1134 1658 1215 perlicere
1669 1137 1703 1199 10

115 1228 226 1289 nmina
241 1229 441 1310 infirmitatis,
455 1235 593 1315 permisit
606 1236 696 1298 illum
707 1237 800 1298 variis
808 1238 988 1301 morborum
1000 1243 1165 1321 generibus
1177 1246 1317 1321 cruciari,
1334 1254 1364 1308 et
1376 1248 1533 1311 doloribus
1547 1250 1703 1311 acerrimis

116 1346 242 1424 torqueri
256 1348 330 1425 (17),
345 1353 379 1409 ui
392 1355 514 1411 coactus
525 1351 617 1411 fucrit
630 1351 760 1414 subinde
774 1372 974 1445 prorumpere
987 1356 1020 1416 in
1033 1375 1084 1418 eas
1100 1376 1190 1420 voces
1214 1379 1221 1419 :
1244 1359 1506 1425 Circumdederunt
1524 1383 1569 1425 me
1591 1363 1704 1425 dolores

115 1461 218 1520 nortb.
246 1461 286 1521 Et
306 1480 378 1523 cum
398 1462 564 1543 aliqnando
578 1460 796 1528 deacerbitate
815 1468 959 1530 dolorum
980 1477 1120 1532 amanter
1133 1474 1222 1553 quasi
1241 1478 1447 1557 expostularet
1465 1480 1505 1540 ad
1523 1479 1701 1554 Dominum,

115 1573 263 1637 inaudisse
278 1575 375 1637 fertur
387 1577 506 1639 coelitus
519 1579 600 1641 hanc
611 1599 736 1642 vocem:
758 1582 802 1644 Tu
816 1582 853 1645 de
866 1604 910 1646 nie
929 1586 1101 1665 0001100,οτ
1119 1586 1223 1651 domo:
1238 1590 1305 1671 Epo
1326 1593 1361 1653 de
1380 1598 1408 1653 te
1427 1592 1535 1673 capito,
1557 1602 1592 1653 ut
1612 1592 1702 1658 Dius.

119 1690 194 1751 Unde
206 1710 284 1753 mox
306 1693 450 1755 dimnssae
469 1695 614 1773 tenebrae,
630 1703 661 1758 ct
680 1698 718 1758 de
732 1698 849 1761 servitia
862 1700 1005 1762 dolorum
1023 1703 1207 1765 remiserunt
1226 1706 1338 1769 morbi.
1359 1708 1521 1769 Adstantes
1542 1707 1620 1769 lecto
1640 1726 1703 1769 non

117 1810 234 1871 inavit
246 1810 352 1872 verbis
366 1817 397 1872 et
410 1813 557 1894 exemplis
571 1816 737 1876 accendere
756 1816 796 1877 ad
810 1834 950 1879 amorem
970 1818 1040 1894 Dei,
1061 1825 1092 1879 et
1119 1820 1159 1880 ad
1180 1840 1318 1884 amorem
1338 1824 1468 1886 instituti
1487 1825 1598 1900 nostri,
1621 1825 1704 1904 quod

117 1924 263 2002 gaudebat
299 1945 333 1987 sc
352 1926 526 2007 relinquere
544 1928 711 2005 illibatum,
734 1931 812 1992 siout
830 1933 901 1993 'liro
919 1940 1084 2014 repererat.
1101 1935 1238 2016 Denique
1259 1938 1403 1999 omnibus
1422 1940 1480 2000 rite
1498 1938 1705 1998 communitus

118 2041 308 2101 nannenus
325 2041 359 2102 10
378 2059 492 2103 corona
504 2042 636 2104 fratrum
654 2046 906 2125 septuagenarius
921 2047 1006 2126 piam
1026 2047 1140 2110 efflavit
1153 2051 1290 2112 animam
1304 2054 1364 2132 (18)
1378 2054 1499 2114 Parisiis
1513 2052 1585 2131 (19),
1602 2052 1652 2112 die
1667 2055 1701 2112 11

118 2156 277 2218 decembris
312 2158 385 2236 (20),
408 2161 598 2222 00001659.
622 2158 1004 2242 acuminibusque
1024 2171 1204 2243 sequimur,
1229 2175 1349 2230 servato
1371 2169 1489 2242 ordine,
1513 2184 1576 2247 000
1603 2164 1705 2224 lucem

119 2290 261 2352 00100010.
339 2350 350 2363 ι

541 3093 1276 3207 iouoiiriouns

153 3551 191 3627 (1)
205 3551 393 3632 Hieronymi
406 3549 500 3627 filius,
517 3550 604 3612 Pauli
619 3550 811 3612 celeberrimi
823 3552 883 3614 riri
896 3551 1043 3633 abnepos,
1059 3559 1150 3614 natus
1164 3559 1209 3613 est
1221 3555 1257 3613 ii
1274 3554 1397 3633 augusti
1409 3573 1460 3616 an.
1478 3555 1566 3616 isai.

153 3667 192 3743 (i)
206 3669 245 3728 is
269 3667 368 3746 junii.
394 3666 535 3728 Petavius
553 3685 625 3728 cum
638 3667 903 3748 hypodiaconems
921 3668 1039 3743 ordine,
1068 3673 1136 3729 tum
1156 3669 1352 3730 canonicatus
1370 3670 1402 3731 in
1422 3672 1558 3753 principe
1579 3674 1717 3735 Aurelia·

119 3782 211 3843 umas
225 3783 319 3844 urbis
340 3782 476 3845 Ecclesia
489 3801 617 3845 munere
631 3789 724 3863 atquc
745 3782 846 3844 officio
866 3784 961 3864 (quod
979 3783 1181 3864 jampridem
1199 3786 1380 3863 instituerat)
1401 3784 1603 3847 ecclesiastico
1624 3787 1716 3848 statui

120 3898 321 3962 adstrinxcrat
331 3918 409 3961 sese.
420 3899 564 3961 Nondum
577 3904 680 3960 0111001
693 3898 811 3960 viderat
817 3899 834 3961 J
836 3898 949 3959 esuitas
958 3918 966 3972 ;
976 3898 1010 3959 bi
1024 3899 1107 3959 enirn
1119 3899 1292 3961 binelianis
1304 3901 1338 3962 in
1347 3900 1414 3979 ejus
1424 3901 1524 3980 patria
1534 3900 1623 3974 urbe,
1634 3916 1715 3960 aimo

119 4018 344 4090 10010011617,
365 4015 470 4075 sedem
483 4032 519 4075 ac
533 4012 724 4074 domicilium
738 4012 926 4074 collocarunt
934 4031 943 4087 ;
965 4014 1086 4073 Parisiis
1104 4032 1177 4075 vcro
1196 4015 1373 4075 exulabant.
1395 4015 1576 4077 Bituricensi
1592 4014 1718 4074 tandem

120 4134 373 4205 commoratione,
387 4131 425 4191 de
438 4149 501 4210 qua
512 4129 605 4210 paulo
617 4135 687 4210 post
699 4128 811 4190 dicturi
823 4147 940 4204 sumus,
953 4130 1144 4190 occasionem
1158 4128 1268 4189 habuit
1280 4129 1437 4190 societatis
1450 4135 1563 4189 nostrie
1577 4127 1719 4188 homines

121 4245 311 4326 observandi,
325 4264 486 4327 genusque
504 4245 713 4306 institutorum
728 4262 856 4305 sucrum
875 4244 1088 4324 perspiciendi,
1122 4244 1275 4325 planeque
1290 4246 1445 4307 noscendi.
1470 4245 1588 4306 Placuit
1602 4244 1721 4305 adoles-

121 4365 196 4425 centi
209 4365 338 4427 Peterin
365 4381 403 4423 ea
416 4363 485 4423 vitre
499 4362 589 4422 ratio.
612 4361 816 4421 Subcrescens
834 4360 892 4421 hoc
915 4361 1029 4422 Petaiii
1049 4362 1082 4421 in
1100 4361 1231 4423 iesuitas
1251 4361 1387 4422 studium
1407 4361 1547 4422 foverunt
1565 4361 1716 4437 maxime,

122 4486 335 4560 auxeruntque
348 4495 458 4557 graves
467 4475 594 4556 iosephi
608 4475 765 4555 scaligeri,
782 4475 1044 4556 sectanommque
1057 4494 1129 4538 cum
1140 4476 1201 4536 illis
1214 4475 1381 4537 inimicitiae
1405 4495 1412 4535 ε
1427 4493 1527 4556 neque
1539 4475 1571 4535 id
1584 4474 1700 4535 mirum
1707 4494 1715 4550 ;

123 4594 297 4655 incredibile
312 4592 399 4658 enim
413 4591 496 4652 dictu
510 4596 566 4667 cst,
582 4595 698 4669 quanto
710 4589 883 4651 istiusmodi
901 4590 1041 4650 homines
1061 4595 1091 4651 01
1105 4590 1296 4669 Scaligerum
1315 4591 1451 4652 maxime
1465 4591 1535 4681 odio
1556 4598 1725 4671 prosaque-¹

121 4714 197 4768 retur
211 4708 372 4783 Petavius,
388 4706 476 4785 cujus
490 4706 617 4786 quidem
628 4705 691 4766 odii
703 4723 812 4767 causas
824 4704 1036 4767 enarrabimus
1050 4706 1126 4767 alias
1138 4708 1349 4788 opportunius.
1367 4707 1498 4767 Parisios
1509 4707 1619 4768 deinde
1631 4707 1723 4767 rediit

122 4822 274 4897 Petarius3
291 4821 402 4901 ibique
415 4821 599 4882 Frontonem
613 4820 771 4898 Ducieum,
787 4822 876 4900 cujus
888 4821 1059 4882 docuinam
1067 4821 1190 4884 iesuitis
1203 4822 1425 4909 intensissimus
1442 4823 1574 4915 quisque
1589 4819 1725 4900 suspexit

122 4956 247 5021 semper,
263 4937 520 5019 predicavitque,
546 4953 618 5035 eum
629 4936 799 5017 reperisset,
816 4936 901 4998 dedit
913 4954 946 4998 se
959 4939 993 4999 in
1005 4937 1072 5016 ejus
1087 4938 1338 4998 consuetudinem
1350 4938 1404 5013 sic,
1421 4943 1456 4997 ut
1468 4936 1507 4997 de
1521 4934 1722 5014 ingredienda

122 5055 261 5117 mactate
274 5072 355 5116 cum
367 5051 422 5115 illo
436 5051 630 5113 deliberaret.
644 5050 748 5112 Dueiei
759 5051 854 5131 igitur
864 5050 998 5143 consiliis
1009 5051 1126 5112 fictum
1139 5057 1194 5127 est,
1210 5058 1246 5112 ut
1260 5054 1401 5114 Petavius
1416 5053 1491 5132 quid
1505 5051 1545 5113 ab
1559 5068 1596 5111 co
1611 5066 1719 5130 supre-

122 5184 202 5232 01001
216 5189 343 5233 numen
357 5175 543 5250 exposceret,
552 5167 645 5249 plane
657 5167 851 5248 intelligeret.
861 5169 940 5229 iiim
952 5168 1035 5228 enim
1047 5186 1120 5229 iero
1133 5167 1314 5248 posthabitis
1321 5168 1414 5229 rebus
1422 5167 1578 5257 ominbus,
1588 5167 1723 5228 confrac-

121 5285 225 5365 usqne,
239 5284 362 5366 quibus
374 5283 580 5365 colligabatur
589 5284 736 5359 01001100,
749 5283 890 5359 rimulis,
902 5258 1073 5345 Nanceium
1087 5282 1251 5358 advolavit,
1266 5283 1409 5344 Societati
1421 5301 1536 5344 nomen
1550 5283 1689 5349 daturin.

157 5402 196 5480 (3)
217 5402 292 5464 Post
312 5399 459 5480 tyrocinii
478 5398 654 5475 biennium,
674 5397 800 5459 hiennio
826 5396 900 5458 item
918 5397 952 5460 in
975 5398 1206 5478 Mussipontario
1224 5395 1366 5476 collegio,
1396 5397 1481 5476 quod
1505 5403 1574 5458 tnm
1593 5393 1724 5491 florebat

126 5518 267 5595 maxime,
281 5514 478 5595 theologiam
490 5514 603 5590 auditu
616 5512 727 5577 deinde
739 5511 837 5575 tribus
863 5513 951 5575 annis
965 5511 1101 5587 Rhemis,
1118 5511 1723 5609 11001011001111010010110111010110001
