4030 6204
309 366 368 426 552
818 362 1142 425 THEOLOGICORUM
1163 359 1379 425 DOGMATUM

309 530 445 610 conspici
457 547 522 591 uon
535 532 646 607 potest.
662 527 881 588 Animadverte
890 546 964 589 vero
973 545 1080 607 quern
1129 529 1232 591 dicare
1256 527 1289 589 iu
1312 525 1423 605 vulgtu
1445 521 1564 584 netas»
1585 517 1687 595 dixin·
1705 516 1907 597 unquamne

157 640 266 686 [ιιιιωιι
309 623 479 684 admodum
499 621 545 681 sol
558 620 621 696 ille,
637 619 691 699 qui
705 619 885 682 manifestus
899 638 964 681 esse
978 620 1079 680 omni·
1129 629 1295 702 ῖιμιιὸνριο
1306 626 1421 681 monn
1434 615 1563 695 legerit:
1580 612 1669 686 Illud,
1683 607 1909 690 inquamrla

139 702 281 749 ⁰⁰¹¹'¹'¹¹'¹¹¹¹¹‘
309 714 368 775 bus
381 715 514 791 ridetur,
530 714 713 792 neutiquam
729 721 871 773 accurate
885 732 917 773 se
930 712 1029 773 videri
1042 712 1081 773 ab
1128 714 1211 775 tonis
1235 713 1364 774 effatum
1390 708 1556 787 Gregorius
1589 705 1733 766 Nazianz.
1761 704 1797 763 in
1826 699 1907 761 Ora·

310 806 489 867 hominibus
502 806 664 887 permittit.
685 806 745 866 Sed
764 806 789 866 si
802 806 871 886 quis
884 805 1082 886 impudenter
1132 806 1210 866 tione
1229 822 1328 879 rrnv,
1345 802 1483 880 corrigit,
1499 806 1530 861 et
1548 817 1605 879 pro
1618 817 1655 859 eo
1670 796 1755 876 quod
1768 793 1909 854 ιἰιιιτιιίιτ

310 898 401 959 ἰΠιιιιι
410 899 551 959 contueri
561 899 644 973 velit,
662 897 734 958 huic
747 898 849 958 visum
864 899 954 978 eripit
963 908 1018 957 ε.»
1131 899 1174 959 ait
1186 917 1244 959 esse
1253 894 1396 977 difficile,
1408 894 1507 955 multo
1521 889 1709 971 impossibile
1723 906 1790 949 esse
1804 886 1909 965 magis

352 992 450 1065 Quem
461 991 673 1072 Xenophontis
682 990 787 1051 locum
801 989 940 1051 Clemens
953 988 1083 1050 Alexan·
1131 991 1281 1067 invenire,
1297 1005 1391 1069 quam
1406 985 1509 1066 eloqui
1522 984 1606 1045 dicit.

312 1082 420 1143 drinus
433 1084 466 1143 in
482 1083 676 1165 Protreptici),
689 1083 764 1144 etin
778 1083 805 1141 V
818 1081 1013 1150 stromateon,
1026 1099 1083 1142 nec
1173 1083 1224 1143 lll.
1241 1082 1285 1143 Ac
1298 1080 1420 1142 duobus
1440 1077 1541 1140 modis
1560 1082 1730 1153 utcumque
1743 1072 1843 1132 Deum
1859 1070 1910 1130 in-
1962 1105 1966 1128 t

312 1194 377 1236 non
391 1176 523 1255 cyrillus
539 1177 572 1235 in
585 1176 686 1256 primo
711 1184 813 1237 contro
831 1174 983 1237 Juliunnm
1003 1174 1082 1234 refe·
1133 1174 1299 1253 telligimus
1311 1173 1370 1234 hac
1382 1173 1416 1233 in
1430 1171 1494 1231 vita
1508 1191 1515 1231 :
1530 1170 1668 1250 primum
1681 1184 1721 1227 ex
1735 1163 1865 1237 effectis,
1876 1167 1910 1223 et

313 1273 404 1344 runt;
421 1270 474 1329 sed
483 1268 618 1330 multum
631 1268 752 1329 diversa
765 1274 811 1328 est
824 1268 906 1348 apud
916 1267 984 1328 illos
992 1266 1083 1327 lectio
1132 1267 1242 1327 orestis
1255 1265 1295 1327 ab
1308 1264 1362 1325 illo
1375 1264 1469 1325 rebus
1484 1282 1492 1324 :
1508 1261 1592 1341 quod
1604 1260 1638 1320 in
1651 1256 1782 1339 epistola
1793 1253 1835 1315 ud
1847 1254 1910 1315 Ro

314 1360 354 1419 ab
365 1377 412 1429 ea,
422 1360 632 1440 quamexipso
642 1361 845 1441 Xenophonte
855 1359 1081 1439 descripsimus.
1133 1378 1233 1421 munos
1245 1358 1349 1437 primo
1369 1356 1478 1436 capite,
1501 1360 1532 1414 et
1547 1350 1711 1433 Sapinutoe
1729 1364 1780 1409 xru
1801 1347 1909 1426 Serip

315 1451 545 1529 Ejusdemmodi
554 1457 600 1513 est
613 1457 644 1512 et
657 1452 736 1513 illud
749 1451 904 1513 Ambrosii
913 1470 952 1512 ex
960 1451 1040 1511 libro
1050 1449 1085 1510 de
1133 1456 1204 1512 tura
1227 1449 1378 1531 perhibet.
1407 1468 1422 1505 o
1449 1446 1609 1507 Interdum
1633 1442 1717 1503 ouili
1732 1440 1844 1513 nostri,
1867 1440 1910 1498 ait

316 1543 399 1603 Bono
412 1543 523 1612 morth,
540 1544 638 1624 capite
657 1561 696 1620 rr,
712 1545 752 1604 ab
770 1543 942 1623 Augustino
956 1543 1085 1603 citatum
1134 1543 1292 1623 Origenes,
1302 1542 1402 1621 ipsam
1411 1535 1653 1609 naturamlucis,
1665 1534 1756 1594 idest
1768 1532 1910 1593 substan

315 1634 349 1694 in
363 1640 474 1713 quarto
487 1634 600 1697 Contra
613 1635 753 1717 epistolas
764 1634 838 1697 dnus
853 1634 1085 1716 Pelagianorum
1134 1636 1211 1696 tiam
1231 1634 1303 1694 solis
1323 1633 1439 1694 intueri
1459 1648 1524 1691 non
1543 1632 1687 1708 possunt;
1709 1624 1910 1706 spleudorcm

317 1725 415 1804 capite
436 1743 482 1787 xi:
505 1728 613 1788 «Nam
633 1728 658 1787 si
679 1728 749 1787 solis
763 1727 866 1788 radios
886 1727 967 1788 oculi
989 1727 1086 1788 nostri
1135 1746 1209 1788 vero
1232 1726 1308 1805 ejus,
1329 1725 1379 1785 rel
1399 1723 1501 1785 radios
1526 1718 1669 1781 fenestris
1690 1718 1769 1777 forte
1788 1722 1822 1777 et
1843 1718 1912 1796 qni-

316 1816 396 1877 ferrc
410 1836 472 1878 non
486 1826 624 1898 possunt,
641 1829 672 1879 et
681 1821 706 1878 si
720 1820 789 1898 quis
802 1820 917 1880 diritius
931 1837 947 1879 e
962 1819 1087 1898 regione
1135 1818 1269 1881 buslibet
1282 1817 1349 1879 aliis
1362 1812 1563 1895 receptaculis
1576 1809 1723 1871 breribus
1735 1808 1857 1869 inlusos
1867 1809 1911 1867 in
1993 1821 1994 1826 ’

318 1909 390 1969 solis
412 1910 590 1983 intenderit,
607 1912 714 1971 caecari
730 1911 827 1972 solere
848 1911 1038 1991 perhibetur.
1055 1913 1087 1973 Si
1135 1917 1268 1980 tuentes,
1280 1910 1474 1971 considerare
1488 1921 1662 1985 possumus,
1674 1902 1774 1962 lomes
1788 1901 1911 1981 ipsene

318 2003 725 2064 creatruacreaturamsine
745 2003 972 2082 fraudemque
993 2003 1088 2064 offen·
1137 2003 1206 2065 fons
1225 2008 1361 2083 quantus
1380 2001 1419 2060 sit
1441 1997 1580 2077 corporei
1604 1993 1743 2055 luminis.
1768 1994 1817 2053 lta
1838 2012 1910 2070 ergo

318 2093 404 2153 sione
418 2095 466 2154 sui
480 2113 544 2155 non
562 2101 663 2174 potest
675 2095 805 2171 intueri;
822 2096 977 2175 quomodo
990 2101 1089 2175 potest
1138 2096 1226 2177 quasi
1236 2095 1315 2156 radii
1328 2093 1454 2173 quidam
1467 2095 1540 2151 sunt
1553 2088 1608 2150 Dei
1622 2092 1742 2148 naturoe
1756 2103 1853 2165 opera
1866 2086 1909 2145 di-

318 2186 384 2245 sine
405 2186 542 2266 periculo
565 2188 612 2247 sui
634 2187 809 2248 vibrantem
823 2206 947 2248 cernere
967 2187 1089 2249 vultum
1138 2189 1219 2249 vinae
1240 2184 1452 2267 providentie,
1473 2189 1505 2243 et
1524 2179 1734 2241 universitatis
1755 2178 1853 2257 hujus
1873 2178 1910 2238 sd

320 2279 467 2339 creatoris
483 2280 602 2357 aeterni,
616 2281 751 2360 corporis
764 2280 857 2359 hujus
878 2284 1003 2360 opertus
1017 2298 1090 2340 exu—
1139 2279 1403 2360 comparationem
1422 2274 1601 2336 substantie
1623 2291 1659 2332 ac
1679 2276 1813 2331 naturae.
1838 2272 1912 2345 eria

320 2369 399 2430 viis?
413 2392 428 2428 ι)
1140 2392 1214 2454 ergo
1235 2391 1324 2434 mens
1342 2375 1448 2432 nostra
1463 2369 1566 2448 ipsum
1584 2383 1686 2446 perse
1700 2366 1815 2438 Deum,
1837 2365 1912 2425 sicut

362 2461 458 2540 igitur
466 2463 606 2523 infinitus
618 2463 670 2523 ille
684 2463 853 2523 divinitatis
866 2463 1012 2544 splendor
1019 2482 1089 2543 per-
1140 2471 1196 2542 est,
1213 2485 1278 2525 non
1292 2468 1392 2545 potest
1403 2461 1527 2534 inureri,
1541 2477 1581 2518 ex
1594 2456 1827 2538 pulchritudine
1840 2476 1911 2537 ope

321 2554 432 2614 tectam
446 2555 494 2614 sui
503 2555 647 2615 notitiam
654 2554 800 2616 humanis
809 2556 909 2617 aufert
922 2556 1088 2617 mentibus.
1140 2577 1223 2633 rum,
1244 2563 1275 2619 et
1296 2557 1406 2617 decore
1422 2558 1645 2625 ereaturarum,
1670 2555 1834 2629 parentem
1848 2551 1913 2609 uni

326 2667 341 2703 ιι
356 2646 388 2706 Si
403 2646 477 2725 quid
497 2647 581 2706 enim
601 2647 678 2706 illud
701 2651 757 2722 est,
773 2647 817 2707 ait
835 2649 992 2726 Origenes,
1007 2649 1091 2728 quod
1140 2650 1293 2712 versitatis
1304 2646 1447 2726 irrtelligit
1456 2645 1479 2706 ².
1495 2666 1510 2702 ιι
1528 2643 1614 2705 Alius
1626 2642 1834 2721 cognoscendi
1846 2660 1912 2703 mo-

322 2738 446 2812 sentire,
471 2739 520 2798 rel
547 2739 717 2818 intelligere
739 2740 777 2799 de
802 2742 864 2800 Deo
887 2741 1089 2821 potuerimus,
1141 2745 1199 2804 dus
1222 2761 1261 2803 ex
1287 2741 1365 2817 fide,
1391 2758 1425 2799 ac
1451 2736 1547 2799 divini
1573 2735 1661 2796 verbi
1692 2734 1913 2813 significatione

322 2830 427 2891 multis
438 2830 530 2911 longe
544 2832 643 2892 modis
653 2850 726 2892 eum
736 2832 897 2894 meliorem
910 2851 975 2893 esse
988 2833 1028 2893 ab
1042 2852 1089 2911 eo,
1141 2836 1268 2916 petitur.
1294 2855 1310 2892 ι
1329 2830 1576 2910 Confugiendum
1594 2834 1649 2904 est,
1670 2827 1773 2906 inquit
1796 2828 1914 2906 Augus

323 2924 407 3002 quod
420 2925 581 2999 sensimus,
597 2942 721 2985 necesse
735 2932 781 2986 est
799 2925 893 2985 credi.
910 2925 1092 2987 sicutenim
1141 2929 1237 3004 tinus,
1264 2926 1304 2987 ad
1326 2940 1436 2985 eorum
1463 2926 1627 3002 praecepte,
1652 2937 1732 2999 quos
1763 2920 1913 2999 sapientes

323 3017 348 3076 si
362 3016 520 3077 rideamus
543 3017 678 3096 aliquem
696 3018 748 3077 vix
764 3035 853 3098 posse
869 3017 1034 3078 scintillam
1047 3019 1094 3079 lu·
1142 3021 1234 3081 husae
1250 3016 1408 3099 probabile
1427 3019 1482 3091 est,
1501 3020 1558 3074 eto.
1575 3014 1655 3091 Ergo
1669 3011 1812 3090 refugere
1826 3013 1859 3071 in
1872 3018 1914 3072 te
1978 3047 1980 3052 ,

324 3109 428 3183 minis,
450 3116 505 3170 aut
525 3109 713 3171 brevissime
736 3111 870 3171 lucernae
891 3110 999 3171 lumen
1017 3112 1095 3192 uspi-
1142 3112 1275 3174 nebrosa
1289 3107 1482 3189 cupientibus
1496 3124 1552 3186 per
1565 3104 1827 3184 dispensationem
1840 3104 1914 3164 inei
1971 3095 1974 3158 Ϊ

325 3219 404 3275 cere,
416 3205 448 3261 et
461 3219 544 3275 eum,
559 3202 647 3282 eujus
656 3202 736 3263 acies
749 3203 910 3263 ocrdorum
919 3203 989 3283 plus
998 3204 1036 3264 de
1049 3204 1096 3264 lu·
1143 3204 1243 3266 labilis
1252 3198 1519 3282 sapientiae,nobis
1527 3197 1580 3257 illa
1588 3196 1916 3276 opacitasauutoritatis

325 3294 409 3354 mine
423 3313 542 3374 capere,
557 3313 756 3374 quamsupra
769 3294 911 3369 diximus,
923 3313 987 3355 non
1001 3296 1093 3373 velet,
1145 3300 1295 3370 occurrat,
1319 3300 1350 3355 et
1372 3290 1564 3353 mirabilibus
1588 3307 1707 3362 rerum,
1729 3289 1917 3370 vocibusque

326 3385 352 3445 si
365 3385 496 3447 velimus
510 3386 548 3447 de
562 3386 701 3447 claritate
716 3405 751 3446 ac
766 3386 929 3466 splendore
943 3387 1015 3447 solis
1025 3388 1097 3449 edo-
1144 3389 1308 3463 librorum,
1330 3386 1416 3446 velut
1436 3383 1531 3462 signis
1550 3380 1822 3461 temperatioribus
1836 3383 1915 3443 reri·

327 3495 407 3553 cere,
436 3496 541 3539 nonne
566 3478 720 3558 oportebit
745 3497 802 3540 nos
825 3479 854 3539 ei
881 3479 993 3551 dicere,
1023 3481 1098 3559 quia
1144 3481 1226 3555 tatis,
1246 3479 1427 3556 umbrisque
1443 3472 1655 3537 blandiatur⁸.
1681 3496 1697 3531 a
1720 3474 1821 3534 Nemo
1835 3475 1916 3535 enim

328 3568 415 3630 omni
437 3570 496 3630 hoc
518 3569 648 3644 lumine,
665 3570 749 3649 quod
771 3570 866 3644 rides,
888 3570 1095 3650 ineffabiliter,
1145 3566 1276 3634 idoneus
1297 3571 1397 3649 magis
1419 3575 1465 3629 est
1488 3567 1666 3628 divinornm
1693 3568 1858 3646 interpres,
1883 3587 1917 3628 sc

328 3667 360 3722 et
381 3662 635 3723 inestimabiliter
649 3662 768 3737 melior,
785 3681 820 3723 ac
839 3665 1035 3742 prestantior
1053 3671 1099 3726 est
1147 3665 1208 3727 ilde
1222 3663 1356 3743 dignior,
1378 3678 1472 3741 quam
1487 3661 1568 3720 Deus
1580 3659 1657 3738 ipse,
1672 3659 1791 3737 Deique
1814 3658 1915 3720 lilius

329 3752 401 3814 solis
422 3753 588 3834 splendori
607 3756 652 3816 lta
676 3773 764 3816 mens
785 3760 900 3829 nostra,
923 3773 995 3816 cum
1016 3757 1099 3818 intra
1148 3757 1242 3819 Deum
1268 3774 1351 3815 neno
1374 3752 1449 3814 vidit
1476 3749 1635 3832 unquam,
1660 3750 1705 3810 ait
1727 3751 1919 3830 Evangelistn

330 3846 430 3905 carnis
451 3850 483 3906 et
504 3847 663 3925 sangiunis
685 3847 819 3908 claustra
840 3847 1045 3921 concluditur,
1068 3856 1100 3909 et
1148 3852 1307 3911 loannes:
1333 3844 1510 3926 [inigenitus
1527 3841 1637 3910 Filius,
1661 3843 1717 3922 qui
1739 3850 1784 3902 est
1802 3844 1835 3903 ιἰι
1852 3842 1920 3903 siaa

329 3955 386 4017 pro
395 3938 449 3998 teli
458 3940 597 4000 materiae
606 3939 839 4020 participatione
848 3937 989 4000 hebetior
1007 3945 1100 4018 atque
1149 3941 1263 4012 Putris,
1276 3940 1336 4021 ipse
1349 3936 1511 3999 nunaut
1525 3934 1704 3995 Celebratur
1716 3952 1736 3993 a
1749 3934 1920 3996 christiani

330 4029 468 4091 obtusior
481 4031 630 4107 redditur,
644 4032 715 4094 licet
733 4051 790 4113 pro
804 4032 1034 4112 comparatione
1047 4050 1102 4092 na·
1150 4033 1290 4096 Patribus
1304 4030 1440 4092 Platonis
1451 4027 1529 4089 illud
1544 4028 1577 4088 in
1595 4025 1705 4088 Timeo
1718 4026 1849 4103 dictum,
1860 4046 1920 4107 quo

329 4126 409 4183 ture
435 4141 590 4203 corporeae
609 4124 702 4205 longe
727 4125 906 4206 precellens
936 4123 1098 4200 habeatur,
1150 4127 1330 4188 demonum
1342 4121 1395 4203 (sie
1403 4126 1508 4183 autem
1519 4119 1680 4185 interiores
1689 4119 1919 4201 Deosappeltntl

330 4220 448 4291 tamen,
467 4235 540 4277 eum
554 4217 593 4278 ad
610 4218 794 4298 incorporea
804 4218 924 4293 nititur,
940 4222 1034 4296 atque
1048 4235 1100 4277 eo·
1150 4219 1289 4298 ignotam
1314 4215 1415 4290 nobis,
1440 4213 1664 4291 obscuramque
1688 4212 1921 4290 generationem

331 4324 404 4368 rum
423 4309 629 4371 intentionem
642 4311 783 4387 rimaurr,
800 4316 875 4371 tunc
895 4310 1035 4372 scintillae
1049 4309 1103 4370 ali-
1151 4329 1217 4371 non
1234 4308 1345 4370 melius
1367 4307 1410 4367 ait
1423 4324 1518 4386 mam
1535 4305 1576 4366 ab
1597 4304 1670 4384 ipsis
1689 4304 1828 4364 Deomm
1840 4304 1920 4377 tiliis,

332 4401 421 4478 cujus
429 4401 565 4463 lucemus
575 4402 627 4463 vix
634 4403 775 4465 obtinent
781 4400 941 4465 loeum¹.r›
955 4402 1104 4476 Quocirca
1152 4401 1301 4464 declarari
1321 4398 1467 4479 potuisse.
1483 4398 1558 4471 Quoe
1572 4396 1608 4457 in
1621 4395 1701 4456 libro
1719 4394 1757 4456 de
1773 4394 1920 4458 unim-

333 4492 416 4571 quod
427 4494 461 4554 in
478 4493 586 4555 Timeo
596 4495 682 4557 Plato
689 4496 861 4576 scripserat,
878 4494 995 4556 «Illum
1007 4494 1105 4572 igituir
1152 4502 1211 4558 tote
1230 4492 1364 4554 reddidit
1382 4491 1485 4552 (licere
1507 4509 1514 4550 :
1540 4510 1558 4547 ι
1580 4488 1784 4568 Reliquorum
1805 4494 1919 4555 autem

334 4584 510 4647 effectorem
524 4593 555 4648 et
568 4594 727 4667 parentem
737 4587 945 4649 universitatis
958 4586 1045 4647 istius
1058 4587 1104 4646 in·
1152 4605 1231 4667 quos
1244 4585 1342 4648 Greci
1355 4591 1472 4664 δαίμονας
1492 4580 1659 4661 appellant,
1674 4580 1785 4655 nostri,
1801 4580 1919 4660 opium

334 4676 441 4736 venire
453 4678 576 4740 difficile
585 4686 640 4749 est,
653 4686 694 4756 et,
705 4698 779 4741 cum
787 4679 954 4755 inveneris,
965 4677 1103 4739 indicare
1151 4679 1242 4755 lares,
1256 4679 1282 4739 si
1295 4677 1388 4737 modo
1402 4676 1461 4736 hoc
1470 4679 1552 4734 recte
1564 4689 1748 4733 eonrmsum
1760 4671 1858 4731 rideri
1871 4688 1922 4751 po

334 4767 701 4852 invmgusimpossihtlet
718 4793 752 4834 :n
769 4790 895 4852 proquo
907 4771 1012 4833 Cicero
1030 4770 1104 4831 «in-
1151 4776 1221 4846 test,
1238 4776 1269 4832 et
1282 4786 1382 4847 nosse,
1399 4773 1430 4829 et
1443 4765 1588 4828 nuntiare
1601 4769 1707 4825 ortum
1724 4780 1846 4839 eorum,
1862 4780 1922 4822 ms·

371 5084 392 5125 u
409 5069 534 5126 lisuorrr.
554 5061 632 5129 Obrue
648 5067 681 5121 τὰ
702 5068 805 5141 μέγιστα
819 5065 862 5138 μὶν
878 5067 991 5138 πράττων
1005 5065 1103 5138 ὁρᾶται·
1191 5066 1209 5122 b
1231 5065 1334 5121 rino:
1353 5065 1401 5119 Τὸν
1424 5063 1467 5136 μὶν
1491 5057 1533 5116 οὖν
1554 5058 1658 5129 ποιητὴν
1678 5061 1721 5116 aul
1736 5061 1832 5132 πατέρα
1853 5062 1919 5113 τῶδε

336 5153 393 5206 tlt·
406 5151 433 5206 ct
443 5150 582 5225 οἰκονομῶν
595 5151 699 5224 ἀόρατος
711 5150 768 5222 ἡμῖν
777 5148 837 5204 ἔστι.
846 5148 922 5203 ἐννόει
931 5148 957 5202 hl
966 5148 1007 5201 ιιιιὶ
1018 5147 1102 5201 tren
1155 5154 1198 5203 τοῦ
1208 5151 1300 5212 παντὸς
1313 5148 1392 5221 ripeta
1402 5167 1429 5202 τε
1443 5146 1526 5220 ἔργον,
1545 5146 1586 5199 καὶ
1604 5144 1707 5217 :lpse
1718 5142 1754 5207 εἰς
1765 5144 1857 5206 πάντας
1866 5142 1919 5196 Ri-

336 5235 437 5306 ρανερδς
449 5236 529 5289 δοκῶν
542 5230 603 5289 εἶναι
617 5236 686 5303 ἥλιος
705 5233 750 5287 oia
768 5231 889 5306 ἐπιτρέπει
903 5234 955 5293 τοῖς
969 5229 1105 5303 ἀνθρώποις
1154 5251 1229 5288 vator
1239 5233 1330 5305 λέγειν.

338 5315 421 5370 ἑαυτὸν
435 5315 538 5390 ἀιιριὸῶς
551 5318 620 5391 ὁρᾷν·
637 5317 693 5371 ἀλλ’
702 5315 742 5370 ἐάν
749 5335 786 5378 τις
800 5314 872 5368 oriris
887 5314 992 5377 ἀναιδῶς
1005 5312 1104 5386 ἐγχειρῇ

337 5399 434 5453 θεᾶσθαι
447 5399 490 5467 τὴν
500 5401 553 5473 ὄψιν
565 5399 711 5474 ἀφαιρεῖται.

365 5542 377 5583 t
391 5539 438 5585 Ltlr.
451 5538 461 5583 l
472 5540 562 5595 Portae,
573 5554 592 5585 c.
604 5553 620 5585 ι.
632 5564 659 5575 -
669 5542 684 5586 t
694 5540 803 5597 origeni
816 5540 899 5594 Ρεείεε,
910 5553 930 5586 o.
942 5552 963 5585 x.
975 5560 1003 5574 ··
1012 5540 1026 5584 t
1036 5539 1085 5585 tlh.
1098 5539 1117 5585 1.
1128 5538 1154 5583 de
1165 5538 1217 5583 lor.
1233 5536 1300 5588 teet..
1313 5548 1334 5580 c.
1346 5545 1387 5579 ur.
1397 5554 1425 5568 —
1436 5533 1519 5580 tm.
1534 5544 1555 5583 ν,
1567 5531 1602 5575 lt.
