3956 6168
306 278 365 337 tls
812 272 1137 339 THEOliOGlGORUM
1165 270 1383 334 DOGMATUM

347 442 427 503 XVI.
450 441 510 501 Sed
534 457 642 503 rursus
663 438 779 501 adhoc
797 439 1082 519 Hugonisrespon·
1131 437 1355 517 pronuntiant3
1385 454 1401 492 n
1427 432 1504 494 alter
1529 432 1563 493 in
1589 429 1668 491 libro
1686 429 1780 490 tertio
1802 430 1887 508 capite

306 551 378 596 sum
390 533 570 595 addendum
582 531 661 593 illud
683 537 739 608 est,
754 549 819 592 nou
841 531 992 611 quidquid
1011 531 1082 591 sim·
1130 545 1200 591 xxm
1211 530 1239 609 5.
1253 531 1284 589 h.
1299 528 1354 589 uhi
1376 548 1392 585 a
1405 530 1618 589 commentum
1634 521 1784 583 absolutae
1796 527 1889 601 poten-

307 625 426 704 pliciter
433 624 641 703 absoluteque
656 623 767 685 melius
782 628 838 701 est,
856 625 955 684 Deum
969 622 1079 683 iacere.
1130 622 1182 683 tiae
1194 622 1283 683 sicuti
1297 621 1463 701 profanum
1474 624 1530 697 est,
1546 618 1590 677 ita
1600 614 1709 677 merito
1724 614 1889 675 detestabile

308 716 461 779 libertate
475 717 560 777 enim
571 716 670 777 utitur
681 716 716 777 in
726 716 858 795 agendo,
881 733 951 795 qtrae
962 715 1039 777 dum
1050 715 1082 777 id
1130 713 1220 774 nobis
1231 715 1275 775 ait
1286 732 1351 775 esse
1364 712 1486 774 dehere.
1501 732 1517 769 c
1533 711 1652 771 Verum
1664 709 1697 769 in
1713 706 1818 787 priore
1830 724 1890 766 cnm

307 808 392 888 quod
405 808 528 870 honum
539 814 586 871 est
599 808 695 888 eligit,
718 809 936 888 quodcumque
953 809 1081 869 tandem
1135 806 1230 868 sileri
1245 824 1310 868 non
1330 823 1419 887 posse
1438 810 1469 865 et
1486 800 1675 882 impossihile
1693 817 1792 861 esser
1812 799 1889 879 quip

306 900 346 961 sit
365 899 454 976 illud,
480 899 563 961 mala
586 918 652 962 esse
674 918 739 962 nou
757 905 868 980 potest.
894 900 975 960 Tum
999 899 1082 961 istud
1130 898 1215 977 piam
1228 899 1310 977 dicit,
1329 917 1394 959 non
1410 897 1550 958 absoluto
1568 893 1761 975 simplicique
1772 891 1891 951 sensuid

307 993 411 1072 ipsum
422 992 507 1073 quod
521 1011 593 1053 cum
604 993 731 1055 meliore
746 997 959 1071 comparatum
977 991 1082 1051 minua
1130 996 1270 1071 usurpat,
1284 992 1338 1053 sed
1358 990 1531 1069 complexo,
1552 994 1584 1048 et
1595 992 1632 1048 ut
1643 989 1766 1059 vocant,
1780 1001 1890 1062 compo

308 1084 427 1147 benum
440 1084 582 1161 hahetur,
599 1091 682 1146 certo
698 1086 835 1166 quodm
846 1084 954 1146 ordine
975 1099 1082 1144 rerum
1130 1083 1200 1159 sito,
1213 1088 1367 1163 quaterna
1384 1083 1416 1144 id
1432 1082 1502 1143 fieri
1520 1088 1586 1142 hon
1603 1082 1702 1159 potest
1715 1076 1801 1156 quod
1826 1094 1892 1136 nun

308 1178 432 1239 acserie
445 1178 620 1254 constituta,
635 1195 724 1258 possa
743 1178 772 1238 ei
790 1177 874 1255 quod
888 1176 1003 1255 alioqui
1018 1192 1083 1235 me·
1131 1193 1225 1255 quam
1235 1176 1302 1238 fore
1317 1174 1475 1255 Scriptura
1487 1171 1676 1253 pronuntiat.
1689 1171 1725 1230 ln
1739 1168 1891 1248 posteriorc

308 1270 368 1333 lius
381 1276 437 1347 eet,
453 1271 709 1351 anteponendum
728 1269 837 1345 videri,
862 1274 898 1329 ut
919 1286 1014 1348 supra
1031 1267 1083 1328 de·
1130 1284 1204 1329 vero
1232 1275 1422 1329 commodum
1449 1265 1591 1329 ubsolam
1610 1262 1757 1347 potentiae
1781 1267 1891 1323 eanum

309 1364 490 1425 monstravi.
506 1365 550 1424 Ac
568 1363 607 1424 de
627 1362 761 1424 hominis
774 1362 901 1441 quidem
914 1361 1082 1440 creatisque
1131 1360 1345 1440 reprehendit,
1374 1360 1451 1420 dum
1476 1359 1517 1420 ad
1536 1358 1678 1420 divinum
1700 1356 1741 1417 de
1768 1352 1890 1433 reprobis

309 1454 403 1517 rebus
415 1455 532 1516 nectens
543 1473 613 1535 qua
624 1455 826 1534 intelligentia
840 1459 872 1514 et
884 1454 1004 1514 ratione
1015 1470 1084 1515 cen·
1132 1451 1318 1514 damnandis
1328 1451 1482 1531 judicium
1495 1450 1691 1525 transfertur,
1706 1451 1744 1508 ut
1767 1464 1803 1507 ea
1814 1463 1890 1507 (aaa

310 1552 437 1623 sentin,
462 1547 522 1607 diei
543 1547 604 1608 hoc
630 1552 740 1626 potest,
770 1546 874 1607 minias
897 1544 995 1606 bonas
1019 1562 1084 1606 esse
1133 1544 1291 1620 reddatur,
1316 1562 1372 1605 eur
1392 1544 1461 1605 illos
1484 1544 1561 1605 citra
1583 1540 1747 1622 proprium
1760 1538 1889 1599 meritum

311 1657 406 1718 quam
420 1644 555 1719 possent,
575 1640 688 1700 sicum
710 1639 820 1700 melius
843 1643 978 1719 possent,
1000 1638 1084 1717 quod
1133 1636 1253 1717 puniat,
1278 1637 1363 1716 quod
1383 1636 1557 1697 absolutam
1583 1636 1617 1695 in
1644 1652 1699 1695 eos
1724 1634 1889 1711 potestaten

312 1731 447 1792 deterius
469 1731 519 1792 vel
543 1732 648 1792 minus
667 1732 787 1792 honum
805 1736 851 1792 est
873 1730 989 1810 eligant
1002 1749 1010 1789 2
1025 1729 1085 1791 uisi
1133 1735 1284 1805 exerceat,
1298 1747 1394 1809 quam
1405 1746 1514 1791 vocem
1527 1726 1689 1809 profanam
1702 1740 1739 1786 ac
1753 1722 1888 1784 demetam

311 1822 371 1885 hoc
388 1823 491 1902 ipsum
503 1824 586 1903 quod
597 1843 653 1903 per
666 1842 699 1885 se
710 1823 910 1902 absoluteque
922 1822 1026 1884 minus
1040 1826 1086 1883 est
1133 1821 1206 1885 dam
1219 1821 1314 1883 verbo
1331 1827 1424 1883 tenus
1441 1821 1587 1901 appellat,
1603 1838 1675 1881 cum
1689 1818 1723 1878 111
1738 1832 1808 1877 eam
1819 1831 1888 1894 pror

311 1913 443 1990 1101111111,
458 1916 509 1977 vel
519 1921 674 1996 precepto
687 1916 791 1996 aliquo
804 1915 855 1977 vel
867 1916 927 1976 alia
944 1915 982 1976 de
993 1933 1086 1976 causa
1134 1931 1186 1974 sus
1198 1914 1281 1975 illius
1294 1914 1410 1976 incidat
1432 1914 1550 1994 opinio,
1564 1914 1602 1975 de
1617 1929 1751 1993 quasue
1768 1909 1831 1970 looo
1843 1924 1887 1968 nos

312 2007 434 2070 meliori
445 2007 681 2069 mrtefercndum
701 2009 751 2085 sit,
773 2026 871 2088 eoque
890 2008 956 2087 ipso
968 2008 1007 2069 sit
1018 2025 1084 2068 me·
1134 2023 1273 2085 agemus.
1289 2007 1370 2067 Sane
1390 2005 1564 2067 absolutam
1577 2010 1609 2067 et
1620 2005 1660 2066 ab
1673 1998 1888 2067 circumstanti

311 2098 383 2161 lius
408 2100 473 2162 Dici
492 2099 569 2176 hoc,
593 2101 738 2180 inquam,
764 2105 874 2181 petest,
902 2118 968 2161 non
990 2089 1088 2160 modo'
1133 2098 1386 2178 nmaxpeditam
1409 2098 1464 2159 Dei
1486 2099 1660 2178 potentiam
1683 2096 1842 2176 ceteroqui
1851 2094 1886 2155 fs·

312 2192 416 2255 minus
438 2192 558 2254 bonum
580 2194 745 2254 sedetiam
765 2193 869 2254 minus
879 2192 960 2253 bene
973 2191 1083 2269 faeere,
1133 2196 1291 2252 teturtam
1304 2190 1458 2251 iniisdem
1476 2191 1547 2267 illis,
1571 2208 1665 2270 quam
1687 2189 1755 2250 aliis
1769 2188 1885 2261 inlotis,

312 2303 348 2344 ao
361 2284 465 2345 minus
476 2284 546 2346 ideo
559 2284 657 2346 bonas
666 2303 741 2361 esse,
757 2285 834 2346 dum
845 2286 929 2364 quod
942 2289 988 2345 est
1000 2285 1085 2345 dete-
1135 2282 1418 2344 utinlihrodeVero
1427 2282 1569 2345 Ecclesia
1577 2279 1778 2362 reformando
1783 2279 1884 2345 moen.

312 2375 377 2439 rius
389 2376 516 2453 fuciunt,
532 2377 605 2456 quia
616 2377 738 2438 bonitas
749 2376 874 2437 illarum
882 2376 1086 2437 accessionem
1135 2375 1190 2435 uhi
1196 2375 1532 2436 transsubstantiationis
1540 2375 1655 2454 dogma
1665 2372 1816 2447 refellens,
1828 2389 1885 2451 pur

312 2470 403 2549 cepit,
419 2475 451 2531 et
462 2487 501 2530 ex
512 2470 583 2531 nisu
594 2469 762 2530 voluntatis
774 2486 967 2548 operumque
984 2468 1087 2529 studio
1134 2473 1188 2546 gat
1199 2468 1259 2529 hcc
1267 2468 1352 2547 quod
1363 2486 1383 2528 a
1394 2466 1552 2528 catholicis
1565 2466 1781 2545 objiciebatur,
1795 2463 1886 2525 Christi

312 2561 504 2640 inaequebilis
517 2562 583 2641 ejus
596 2562 727 2623 varietas
745 2561 857 2622 existit.
880 2561 960 2621 Deus
981 2566 1086 2622 autem
1136 2559 1212 2621 abse
1226 2558 1610 2639 omnipotentiamnagari.
1621 2560 1738 2619 Contra
1746 2556 1887 2636 quossicse

312 2654 399 2733 otrjus
419 2653 540 2715 hitinita
560 2654 706 2734 perfectio
723 2655 950 2714 incrementum
964 2654 1087 2714 nullum
1136 2651 1187 2713 ille
1196 2651 1352 2713 defendit:
1372 2650 1666 2713 «Rerumcmnium
1676 2648 1884 2712 maveiachan

312 2746 431 2825 accipit,
456 2747 635 2808 uniusmodi
660 2765 781 2826 semper
803 2747 970 2807 voluntatis
988 2752 1019 2807 et
1040 2765 1089 2807 aa·
1136 2743 1205 2805 fleri
1226 2762 1315 2825 posse
1334 2762 1354 2803 a
1376 2742 1496 2804 Christo
1515 2761 1573 2805 nes
1593 2760 1722 2823 quoque
1743 2738 1883 2803 hunul

312 2838 415 2915 donis,
441 2844 476 2901 ut
498 2839 543 2900 ita
561 2839 693 2900 dixerim
718 2844 864 2900 conatum
884 2839 1021 2914 adhibet,
1040 2844 1086 2900 ta-
1136 2836 1254 2898 Verum
1274 2836 1389 2916 siquis
1410 2837 1484 2898 inde
1506 2836 1621 2897 coelum
1637 2835 1764 2915 colligat
1781 2850 1883 2895 convu-

312 2932 403 2993 metsi
416 2950 494 3011 opus
510 2932 716 3012 effectumque
729 2932 833 3011 ipsum
844 2931 978 2993 alterum
991 2932 1087 2993 altero
1137 2946 1207 2990 sum
1221 2946 1286 2990 esse
1300 2928 1334 2989 in
1347 2935 1475 3006 terram,
1490 2928 1640 2990 ridiculus
1653 2928 1714 2988 crit
1727 2924 1884 2988 1111111111-

312 3024 537 3103 eitpcrlectius.
1136 3021 1219 3083 vinea
1239 3020 1417 3096 aesh'mator,
1442 3015 1884 3101 quinaturoeordinemahillo

353 3116 451 3178 Nemo
462 3117 576 3196 itaque,
593 3117 653 3177 nisi
664 3115 812 3195 profanus
831 3122 863 3176 et
880 3132 987 3177 vecors
1003 3114 1086 3176 111111-
1136 3112 1236 3174 fixum
1252 3118 1283 3174 et
1302 3113 1515 3190 constitutum,
1535 3119 1675 3174 monstra
1693 3112 1754 3173 sibi
1766 3108 1884 3189 lingenda

313 3226 399 3269 mare
422 3214 533 3287 potest,
557 3208 636 3269 nihil
651 3207 736 3268 aliud
752 3226 840 3287 posse
866 3209 966 3269 Deum
987 3206 1087 3269 iecere
1136 3205 1274 3267 revellat.
1308 3207 1354 3267 lta
1377 3205 1410 3266 in
1436 3206 1495 3266 hac
1522 3206 1715 3285 quaestione,
1744 3198 1884 3284 qrrereuh

313 3300 372 3359 uisi
386 3301 470 3379 quod
487 3299 558 3361 iecit
575 3298 749 3359 facturusve
767 3304 823 3375 est,
839 3303 893 3359 aut
910 3297 1084 3368 emelotam,
1136 3299 1286 3380 quidnam
1311 3299 1406 3378 possit
1427 3297 1575 3373 Christus,
1591 3298 1707 3359 frustra
1725 3315 1757 3357 se
1769 3295 1883 3373 infigent,

313 3408 408 3470 quam
428 3396 550 3468 vocant,
575 3390 657 3450 illius
679 3408 794 3468 negare
816 3390 992 3471 potentiam,
1017 3409 1086 3470 quai
1136 3409 1207 3452 cum
1221 3391 1288 3452 haee
1306 3408 1371 3450 una
1388 3390 1522 3469 cognitio
1543 3406 1652 3451 sensus
1666 3406 1776 3450 omnes
1789 3390 1885 3449 codrot

313 3501 379 3543 uon
403 3483 464 3544 alia
486 3488 533 3543 est
554 3500 649 3561 quam
672 3481 926 3550 entraordinariis,
952 3487 984 3542 et
1000 3483 1034 3543 in
1048 3501 1086 3544 eo
1134 3482 1383 3551 insecontinere
1393 3482 1515 3559 debeat,
1531 3482 1681 3562 quidnam
1690 3481 1775 3544 velit.
1793 3477 1885 3537 Volua

313 3573 427 3637 scilieet
448 3575 547 3654 posita
567 3579 614 3636 eat
635 3579 671 3634 ut
691 3573 789 3635 multa
806 3579 920 3653 praeter
938 3575 1087 3637 usitatum
1134 3580 1183 3637 tas
1193 3580 1298 3637 autem
1312 3574 1380 3653 ejus
1392 3593 1459 3635 non
1472 3573 1546 3635 alibi
1561 3592 1657 3654 quam
1669 3574 1706 3634 in
1722 3571 1811 3634 verbu
1821 3584 1885 3648 qut⁴

314 3684 421 3729 rerum
443 3666 586 3728 ordinem
608 3685 645 3728 ac
670 3672 790 3728 nattuae
815 3684 940 3727 cursum
966 3667 1087 3729 efficere
1135 3668 1242 3730 reuda.
1254 3688 1271 3725 n
1286 3668 1356 3727 Non
1366 3666 1464 3747 igitur
1482 3667 1689 3728 mutationem
1702 3658 1884 3745 penisdrini

314 3763 424 3837 queat,
449 3758 621 3837 cujusmodi
645 3777 711 3819 non
732 3776 831 3838 pauca
850 3759 918 3836 jam
942 3758 1030 3835 fecit,
1056 3764 1088 3819 et
1135 3760 1168 3819 in
1182 3777 1294 3840 eorpus
1305 3764 1337 3819 et
1349 3758 1536 3846 sanguinem
1547 3748 1884 3834 chrnddvinaposed

314 3850 408 3929 longe
421 3850 522 3930 phua,
539 3852 565 3911 si
582 3850 685 3926 vellet,
703 3850 802 3911 facere
818 3856 931 3930 posset.
947 3851 996 3911 Sic
1014 3869 1088 3911 cum
1136 3850 1217 3913 effici
1237 3851 1382 3912 Calvinus
1395 3858 1499 3931 negat,
1518 3851 1572 3912 sed
1585 3851 1656 3912 ideo
1669 3867 1736 3911 nen
1747 3846 1809 3910 lieri
1821 3840 1884 3923 quod

314 3942 354 4003 ad
365 3943 458 4004 Joeue
472 3960 577 4021 preces
596 3942 643 4003 sol
662 3942 765 4003 madio
787 3943 821 4002 in
834 3960 926 4003 crusu
939 3943 1085 4018 constitit,
1136 3943 1225 4020 nolit,
1240 3943 1324 4005 nolle
1342 3948 1460 4018 autem,
1485 3942 1558 4022 quia
1578 3959 1736 4021 nusquam
1754 3932 1884 4001 testanti

314 4041 369 4095 aut
382 4035 459 4097 lsaia
469 4040 593 4114 patente
605 4035 713 4096 decem
726 4034 873 4114 gradihus
888 4040 971 4096 retro
985 4037 1084 4113 cessit,
1135 4054 1173 4098 ea
1193 4035 1347 4110 voluntas,
1373 4035 1538 4096 existimat.
1561 4035 1651 4108 Quod
1672 4034 1756 4095 illius
1770 4022 1883 4106 discipuli

315 4133 369 4188 aut
379 4126 494 4189 martiri
506 4127 546 4188 ad
556 4126 653 4188 vitam
668 4127 801 4188 revocati
814 4131 898 4203 sunt,
914 4146 950 4187 ac
968 4128 1088 4207 reliqua
1136 4125 1265 4188 minime
1277 4125 1455 4205 aegitaniae,
1468 4127 1552 4188 idem
1562 4126 1677 4206 dogma
1687 4144 1753 4187 nou
1764 4141 1797 4185 eo
1805 4118 1882 4181 solum

314 4219 438 4298 generis
449 4217 598 4296 ejusdcm,
611 4238 681 4298 qua
693 4219 766 4298 quie
776 4219 922 4280 inusitata
932 4223 964 4280 et
974 4238 994 4279 a
1006 4238 1088 4281 com-
1135 4218 1314 4290 inficiantur
1323 4219 1408 4298 quod
1420 4219 1455 4279 in
1468 4219 1524 4280 Dei
1541 4219 1643 4280 Verbo
1655 4237 1722 4280 non
1740 4216 1777 4277 eit
1789 4226 1884 4292 expet

314 4311 404 4373 muni
427 4310 496 4389 lege
521 4317 593 4371 sunt
618 4317 746 4392 excepta
768 4310 911 4371 miraculo
924 4317 1085 4388 vocantur,
1136 4329 1217 4387 sum,
1240 4311 1295 4371 sed
1315 4311 1400 4389 quod
1422 4309 1697 4372 naturarerumid
1718 4303 1883 4385 conpatitur

314 4404 391 4480 haec,
417 4401 557 4480 inquam,
584 4404 690 4464 omnia
714 4402 854 4464 absoluta
876 4403 931 4466 Dei
950 4405 1088 4484 potentia
1135 4402 1341 4464 utinChristi
1351 4404 1565 4482 eorpuspanis
1578 4398 1881 4463 substantivantur.

314 4499 401 4573 gesta
410 4494 565 4555 dicuntur.
1135 4502 1228 4575 atque
1239 4496 1272 4556 id
1283 4513 1383 4574 genus
1401 4495 1461 4555 alia
1481 4495 1562 4555 mira
1581 4500 1613 4556 et
1628 4492 1778 4573 stupenda
1793 4483 1882 4568 quibui

151 4596 283 4658 euolutam
356 4585 450 4647 XVll.
471 4587 570 4660 Quam
591 4587 717 4666 quidem
738 4586 905 4666 potentiam
921 4591 953 4647 et
969 4585 995 4647 si
1011 4604 1088 4648 11011-
1135 4606 1243 4649 rerum
1256 4593 1402 4648 neumam
1411 4587 1519 4663 averni,
1532 4587 1666 4665 ideoque
1674 4585 1741 4647 lieri
1751 4591 1881 4658 nonpotoe

155 4651 281 4764 llllfttl
316 4677 411 4737 nnus
421 4677 550 4739 nsum
560 4679 643 4739 visus
653 4683 698 4740 en
707 4678 1087 4757 marmannorum
1136 4680 1306 4741 eumont.
1333 4680 1468 4759 auulsi
1490 4679 1644 4740 aeterno
1658 4678 1881 4756 carpum·

147 4754 293 4851 ¹¹⁰⁸,tffl'
316 4768 351 4829 in
370 4768 437 4847 ejus
460 4769 556 4831 rerba
574 4770 751 4849 (1111311111111
769 4769 911 4830 intendet
933 4769 1085 4847 animum,
1136 4771 1240 4851 padita
1260 4789 1311 4832 rcs
1331 4770 1400 4847 erit,
1428 4770 1482 4833 scd
1507 4788 1544 4831 ea
1569 4788 1620 4833 res
1639 4769 1763 4830 alterius
1775 4771 1814 4826 eet
1825 4757 1878 4822 loci·

317 4880 382 4923 non
395 4860 454 4923 hoc
467 4861 590 4940 penitus
601 4862 731 4923 sensisse
737 4861 898 4940 judicabit.
922 4863 1010 4923 Certa
1020 4863 1088 4923 loca
1137 4865 1227 4924 Nunc
1239 4863 1323 4942 quod
1340 4868 1478 4941 coeptum
1492 4869 1538 4923 est
1550 4880 1681 4941 agamus
1695 4868 1725 4923 et
1737 4861 1790 4921 hoo
1802 4852 1880 4915 udos

316 4951 369 5014 illa
382 4971 451 5033 que
465 4971 551 5015 exeo
566 4953 777 5033 profametur,
798 4972 864 5015 non
884 4954 916 5014 id
934 4954 1087 5034 satisper·
1137 4972 1218 5031 mus,
1239 4960 1393 5034 quatenus
1413 4954 1531 5034 aliquid
1548 4954 1617 5015 fieri
1632 4972 1652 5015 s
1666 4955 1728 5016 lieo
1746 4959 1879 5026 nonpotoe

316 5045 456 5109 suadent.
472 5046 539 5107 Duo
561 5053 633 5109 suut
652 5047 792 5123 omnino,
814 5045 893 5107 alter
907 5047 940 5107 in
954 5046 1088 5108 meando
1138 5064 1239 5127 quove
1250 5064 1342 5107 sensu
1356 5044 1433 5107 citra
1445 5045 1719 5125 reprehensionem
1730 5042 1876 5121 usurpem?-

316 5132 537 5199 Imtitrdionum
547 5138 645 5217 eapite
657 5138 861 5218 septim0§l5.
877 5137 931 5198 uhi
944 5159 959 5197 o
972 5139 1004 5199 id
1021 5138 1090 5199 ilari
1139 5141 1176 5201 ln
1203 5157 1265 5219 quo
1290 5138 1427 5217 perfidiae
1453 5155 1519 5200 suoe
1538 5136 1691 5199 latebram
1714 5131 1877 5199 comtiutnm

318 5243 383 5285 non
395 5244 483 5305 posse
502 5228 584 5305 uus,
595 5229 680 5308 quau
691 5248 757 5321 non
770 5230 912 5291 uiuum
923 5230 1089 5310 empna
1139 5229 1253 5292 nuere
1266 5230 1401 5292 mimus
1421 5230 1591 5307 nunna,
1607 5230 1663 5309 qur
1682 5218 1876 5310 omnum

347 5434 356 5479 t
370 5435 395 5479 ln
409 5440 462 5481 tom.
473 5436 547 5482 rtwt.
557 5440 621 5484 trost.
