4096 6190
312 407 372 466 626
830 406 1153 471 THEOLOGICORUM
1175 405 1393 469 DOGMATUM

312 573 1084 654 consentancumestpriusrcmipsomconstituere,
1135 571 1253 634 nitione
1278 572 1430 634 contineri
1455 571 1608 649 videcmr,
1638 577 1744 633 minen
1777 571 1906 633 rationis

313 665 426 745 quade
453 665 565 744 agitur,
583 684 678 746 quam
707 683 777 727 cam
800 682 865 726 csse
892 671 1082 727 monstrare:
1134 663 1407 744 intelligentiaeque
1430 663 1548 725 tinctio
1568 682 1632 724 una
1653 664 1748 724 etiam
1761 664 1906 744 exprimi

314 776 386 819 cum
407 757 446 819 de
468 775 503 819 re
516 770 557 819 an
570 756 610 818 sit
624 754 696 819 sciri
718 762 863 838 nequeat,
886 753 946 817 nisi
969 752 1086 836 aliquid
1133 754 1196 817 tur.
1226 755 1307 817 Nam
1325 760 1357 817 et
1383 768 1464 817 curo
1490 752 1676 817 vocabulum
1703 750 1845 817 teduiant
1875 761 1907 816 et

314 869 379 913 csse
392 855 521 912 comtct.
538 851 607 911 Non
621 854 667 912 est
680 854 786 912 antem
806 844 1087 929 aliquantipser
1134 848 1287 909 intentam
1322 840 1419 908 animi
1454 844 1673 927 cogitationem
1699 847 1846 922 ostendit,
1875 854 1907 909 et

314 943 488 1018 essentiam,
505 948 536 1004 et
544 942 577 1003 id
588 943 672 1023 qood
683 961 748 1004 esse
760 943 884 1004 dicitur.
1134 938 1305 1020 peecata
1326 940 1393 1019 ipsa
1417 958 1523 1001 rerum
1551 946 1583 1001 et
1609 938 1848 1015 administratio,
1867 940 1907 1000 ad

165 1053 221 1104 ouis
235 1053 267 1116 eu
356 1035 393 1095 ii.
420 1035 517 1114 Igitur
540 1052 635 1114 quam
644 1033 862 1116 procidentiam
888 1033 994 1096 Latine
1015 1035 1087 1096 dici·
1135 1049 1230 1112 quam
1239 1031 1432 1111 providentia
1443 1033 1577 1112 respicit,
1592 1031 1702 1093 eadem
1715 1032 1906 1092 mentisacie

144 1107 289 1164 ¹³¹⁰*¹‘¹⁸¹¹‘¹“·
315 1144 397 1200 mus,
418 1144 488 1188 eam
509 1127 606 1187 Graeci
628 1129 745 1201 πρόνοιαν
760 1125 925 1205 appeliant,
951 1131 983 1187 et
1003 1132 1088 1188 utro·
1135 1123 1306 1203 perficitur.
1331 1125 1412 1185 Tum
1434 1133 1547 1204 βώληοις
1566 1123 1629 1200 ilia,
1654 1141 1725 1204 quae
1747 1121 1907 1184 emanata

315 1218 408 1297 bique
421 1218 636 1279 vocabuluma
649 1216 824 1296 cognitione
838 1214 1010 1279 deducitur.
1027 1212 1087 1280 Sed
1136 1215 1269 1276 columns
1281 1235 1301 1277 a
1313 1216 1502 1277 Damascene
1528 1215 1676 1277 definitam
1687 1215 1710 1283 ²,
1727 1233 1767 1276 ex
1794 1214 1908 1274 mentis

316 1312 458 1372 Graecum
470 1311 584 1372 mentis
603 1309 746 1370 notitiam
764 1309 908 1390 exprimit
921 1330 928 1385 ;
942 1311 1086 1371 Latinum
1136 1309 1312 1386 cognitione
1325 1308 1450 1387 pendet.
1464 1308 1625 1369 Zacharias
1635 1307 1909 1387 liiityienaeuspro

316 1402 456 1478 visionis;
471 1420 541 1482 quae
556 1401 682 1481 propria
695 1419 766 1461 cum
780 1403 820 1462 sit
833 1402 1004 1471 oculorum,
1033 1420 1087 1463 sac-
1135 1400 1260 1461 videndi
1277 1401 1431 1461 actionem
1452 1401 1553 1481 ipsam
1565 1402 1609 1462 ita
1622 1399 1782 1462 describit:
1802 1420 1816 1456 τ
1834 1399 1906 1459 Pro

316 1494 397 1573 pius,
426 1495 473 1555 uti
499 1496 559 1555 hoc
585 1494 653 1554 ioco
672 1493 719 1570 fit,
734 1493 774 1554 ad
788 1494 929 1555 animum
942 1490 1084 1556 refertur.
1135 1491 1240 1554 ridere
1254 1497 1300 1554 est
1313 1493 1361 1570 iit,
1377 1504 1447 1573 qum
1467 1499 1550 1569 sunt,
1566 1499 1597 1555 ct
1618 1493 1698 1554 facta
1719 1498 1806 1568 sunt,
1828 1508 1908 1552 cure

317 1588 399 1646 Inest
412 1592 517 1670 autem
528 1586 562 1646 in
576 1585 727 1646 ambobus
740 1586 811 1662 iliis,
828 1591 940 1665 praeter
962 1587 1086 1647 intuen-
1136 1583 1254 1664 aliquid
1263 1584 1445 1665 impertiril.
1459 1607 1471 1643 ν
1491 1584 1551 1645 Ubi
1564 1591 1729 1664 utramque
1741 1584 1908 1663 illsmope

316 1678 366 1754 tis,
396 1678 556 1739 scientiane
576 1677 844 1757 significationem,
873 1679 1088 1741 antecessionis
1137 1694 1205 1737 ram
1232 1678 1355 1755 mentis,
1394 1684 1425 1738 et
1446 1677 1625 1755 voluntatis,
1650 1677 1822 1738 mirationis
1850 1694 1908 1737 vox

317 1770 477 1849 cujusdam
499 1770 617 1830 inclusa
644 1774 750 1844 notio,
779 1775 816 1830 ut
838 1769 878 1829 sit
899 1771 987 1849 quasi
1006 1789 1087 1851 prae·
1136 1769 1332 1848 amplectitur
1338 1791 1346 1846 ;
1361 1775 1431 1830 tum
1448 1771 1531 1850 quod
1546 1774 1580 1831 in
1597 1769 1691 1831 factm
1704 1788 1754 1831 res
1775 1770 1909 1830 derivari

317 1862 428 1938 sensio,
443 1862 507 1923 sive
519 1862 694 1942 praesagitio
718 1861 841 1937 mentis,
857 1868 921 1939 aut,
938 1864 963 1923 si
976 1864 1086 1939 mavis,
1137 1859 1221 1937 dicit,
1243 1863 1345 1938 tacite,
1367 1862 1451 1942 quod
1473 1880 1546 1923 mox
1559 1861 1701 1942 pluribus
1723 1866 1907 1942 exponetis,

317 1955 471 2035 praevisio.
501 1955 685 2033 Quanquam
709 1952 833 2014 Boetius
859 1954 894 2014 in
914 1955 1022 2034 quinto
1059 1959 1090 2015 ct
1137 1953 1261 2021 indicat,
1277 1953 1347 2014 ideo
1366 1954 1519 2033 provideri
1534 1956 1628 2015 aDeo
1642 1954 1736 2015 rebus
1750 1954 1907 2030 omnibus,

317 2047 428 2107 ultimo
439 2043 475 2107 de
490 2045 706 2119 Comolotioce,
721 2063 813 2124 prosa
826 2062 868 2122 τι,
890 2068 902 2103 τ
921 2038 1088 2109 Providen-
1138 2042 1222 2125 quod
1236 2056 1345 2109 earum
1366 2051 1543 2126 procreator
1557 2046 1606 2120 sit,
1626 2052 1658 2107 et
1678 2045 1792 2126 opifex.
1811 2046 1910 2119 Quam

316 2139 393 2199 tiam
404 2138 552 2218 appellari
565 2138 641 2206 vult,
656 2156 720 2198 non
735 2137 822 2217 quasi
836 2138 1087 2217 praevidentiam;
1138 2139 1292 2199 rationem
1323 2139 1429 2218 paucis
1455 2138 1558 2217 attigit
1580 2138 1756 2199 Lactantius
1780 2139 1816 2198 in
1849 2137 1909 2199 fine

317 2231 370 2291 sed
389 2230 473 2310 quod
497 2247 591 2310 porro
606 2229 645 2290 ab
657 2228 750 2289 rebus
774 2228 889 2289 infimis
912 2231 1086 2299 constituta,
1138 2230 1246 2309 capitis
1269 2230 1381 2291 decimi
1399 2229 1471 2290 libri
1493 2228 1529 2290 de
1549 2228 1601 2290 ire
1619 2229 1687 2291 Dei.
1710 2252 1725 2287 a
1739 2231 1794 2290 Fst
1817 2229 1909 2309 igitur

317 2323 406 2401 qnasi
440 2321 480 2382 ab
503 2322 623 2382 excelso
656 2336 762 2383 rerum
796 2322 956 2382 cacumina
980 2327 1091 2383 cuncta
1139 2322 1243 2383 divina
1262 2322 1466 2402 providentia,
1486 2327 1522 2382 ut
1541 2327 1705 2383 senscrunt
1720 2322 1743 2381 ii
1756 2322 1908 2399 homines,

318 2414 493 2493 prospiciat.
507 2434 523 2471 ν
542 2412 703 2492 Siquidem
730 2412 955 2491 prescientiam
975 2413 1008 2473 in
1026 2415 1089 2474 Deo
1139 2432 1216 2493 quos
1229 2414 1409 2475 nominavi:
1422 2414 1509 2494 qu‘us
1522 2414 1553 2474 vi
1567 2433 1603 2475 ac
1628 2419 1780 2494 potestate
1794 2410 1908 2488 omnia,

318 2507 443 2584 proprie
453 2509 546 2583 negat
559 2505 704 2583 usurpari
715 2503 905 2583 quasiiuturi
918 2504 1088 2565 scientiam.
1139 2525 1209 2586 quae
1222 2506 1375 2583 videmus,
1390 2506 1508 2567 ettacta
1520 2512 1603 2581 sunt,
1617 2511 1648 2566 et
1656 2512 1823 2584 reguntm.
1841 2529 1855 2562 ν

318 2598 436 2657 Verum
459 2614 524 2656 non
547 2602 593 2657 est
606 2596 644 2656 de
663 2598 746 2656 vocis
763 2596 900 2674 origine,
916 2614 952 2656 ac
964 2597 1090 2658 notione
1179 2598 1303 2659 Boetius
1324 2598 1358 2658 in
1380 2604 1491 2677 quarto
1514 2597 1550 2659 de
1570 2596 1773 2659 Consolatione
1786 2595 1911 2679 phileae

318 2688 513 2766 litigandum.
543 2687 581 2747 Et
602 2687 799 2767 quatenusin
814 2688 876 2747 Deo
899 2689 1091 2766 praescientia
1136 2688 1228 2771 pitzia,
1263 2708 1354 2770 prosa
1381 2707 1423 2767 vr,
1457 2690 1684 2770 providentiam
1713 2689 1758 2750 sic
1784 2689 1908 2751 definit:

319 2780 378 2841 dici
404 2780 510 2858 possit,
540 2796 596 2839 suo
623 2778 692 2839 ioco
720 2778 958 2839 declaravimus.
985 2780 1091 2860 itaque
1144 2802 1159 2839 a
1169 2782 1364 2842 Providentia
1372 2788 1419 2843 est
1431 2782 1497 2861 ipsa
1506 2782 1560 2842 iiia
1572 2782 1676 2843 divina
1689 2782 1770 2842 ratio
1783 2782 1820 2842 in
1829 2800 1909 2843 snm·

318 2881 422 2952 τρόνοιο
436 2872 475 2932 sit
481 2871 570 2951 quasi
582 2880 721 2950 προνόησις,
733 2869 765 2930 id
772 2864 821 2931 est'
825 2878 991 2952 antepreaso
1000 2873 1089 2949 notro,
1140 2890 1192 2933 mo
1207 2874 1349 2934 omnium
1370 2873 1509 2953 principe
1524 2873 1787 2952 conatibusque
1804 2880 1912 2935 canc-ta

320 2969 413 3043 atque
427 2963 566 3044 cognitio.
591 2962 650 3022 Vei
672 2962 868 3022 Latinavocc
887 2961 1089 3043 procidentia,
1140 2964 1285 3045 disponit.
1301 2987 1317 3023 ν
1336 2966 1410 3040 Quat
1425 2960 1647 3044 acriminipsa
1664 2960 1779 3025 divme
1803 2966 1913 3026 intelli

321 3053 1095 3136 quasiproeuidmtio,nomineturonteredenssoturs'
1140 3057 1252 3135 gentiae
1268 3059 1401 3137 puritate
1426 3057 1623 3137 conspicitur,
1639 3057 1682 3117 ait
1694 3056 1824 3133 ibidem,
1845 3076 1913 3138 pro-

320 3148 457 3229 cognitio.
469 3147 548 3208 Hinc
556 3144 814 3207 anctorrhetorici
823 3147 924 3224 operis
933 3144 1091 3208 adHerea·
1140 3148 1286 3209 videntia·
1299 3149 1501 3223 nominatur3
1531 3166 1603 3209 cum
1626 3167 1701 3209 vero
1724 3148 1765 3208 ad
1781 3167 1830 3223 ea,
1845 3169 1912 3230 que

320 3239 412 3315 aiom,
439 3238 519 3299 libro
540 3238 687 3314 secundo,
715 3237 950 3313 «Pnovidcntia,
979 3238 1090 3318 inquit,
1140 3245 1245 3301 movet
1271 3246 1364 3320 atque
1377 3240 1523 3320 disponit,
1533 3239 1676 3317 refer-tm,
1691 3240 1912 3321 sutumaretc·

321 3336 377 3406 ost,
393 3348 449 3410 per
462 3348 557 3412 quam
570 3331 711 3391 futurum
724 3329 844 3410 aliquid
854 3328 988 3408 videtur,
1005 3336 1091 3393 antc-
1140 3331 1227 3393 ribus
1250 3333 1440 3412 appeliatum
1453 3337 1516 3393 ests
1540 3337 1576 3392 ut
1592 3333 1632 3392 sit
1643 3331 1745 3393 iatum
1758 3333 1913 3395 inherens

321 3441 417 3503 quam
426 3422 543 3484 factum
557 3423 639 3484 sit.»
1141 3415 1235 3495 rebus
1254 3424 1422 3486 mobilibus
1449 3424 1618 3506 dispositio,
1634 3443 1690 3504 per
1705 3429 1913 3507 quampron'·

361 3515 425 3575 Nec
450 3520 556 3575 umen
591 3513 723 3593 simplici
742 3518 774 3574 et
808 3513 892 3575 nuda
918 3515 1093 3593 cognitione
1141 3516 1246 3578 dantia
1254 3517 1317 3577 suis
1326 3532 1457 3597 quaeque
1466 3516 1563 3578 nectit
1573 3515 1745 3597 ordinibus.
1757 3519 1911 3591 Quamob

321 3605 498 3667 definienda
511 3603 947 3686 estprovidentis,dequabic
960 3606 1091 3685 sgirnm.
1141 3620 1209 3670 rem
1239 3609 1434 3689 providentia
1471 3608 1627 3689 dispositio
1655 3615 1702 3669 est
1720 3628 1831 3671 rerum
1850 3629 1912 3672 om-

323 3700 396 3759 Hsec
409 3698 494 3759 enim
517 3694 711 3758 voluntatem
733 3710 797 3757 una
820 3698 1042 3778 complectittr,
1063 3705 1095 3761 et
1141 3701 1243 3777 nium,
1258 3706 1294 3762 ut
1316 3702 1350 3761 in
1372 3701 1479 3762 divina
1491 3706 1596 3762 mente
1614 3707 1792 3780 spectatur;
1816 3702 1910 3765 istum

323 3809 361 3852 ex
384 3796 518 3869 utroque
539 3789 699 3869 complexa
725 3789 843 3850 tumad
856 3790 1093 3852 mentemctin·
1142 3812 1215 3854 vero
1238 3792 1346 3854 eadem
1373 3793 1543 3873 dispositio,
1572 3798 1607 3854 ut
1628 3794 1719 3870 iocis,
1745 3795 1854 3856 formis
1878 3816 1911 3857 ac

322 3881 526 3962 teiligentiam
540 3886 665 3961 spectat,
679 3882 869 3943 acnotitiam
893 3883 1094 3946 consiliumve
1142 3884 1334 3966 temporibus
1367 3884 1576 3960 distribmtur,
1616 3885 1704 3946 velut
1743 3887 1910 3969 temporalo

324 3975 389 4051 Dei,
411 3980 481 4035 tum
501 3974 541 4035 od
558 3973 750 4035 voluntatem
781 3975 847 4053 ejus
867 3992 904 4034 ac
922 3974 1092 4036 decretum.
1142 3978 1287 4057 quasdam
1300 3974 1591 4059 ordinaterpb'cotio.

323 4067 484 4128 Nemeeius
497 4071 590 4141 certe,
613 4080 761 4145 excoque
781 4066 917 4128 ioannes
937 4067 1096 4129 Damasce-
1183 4070 1258 4130 Duae
1269 4073 1342 4129 sunt
1355 4084 1429 4149 ergo
1441 4069 1767 4150 providentiaepsrtes3
1781 4086 1910 4151 quaram

323 4177 395 4235 nus,
411 4158 504 4220 ambo
517 4158 621 4219 istain
637 4158 840 4238 providentiae
853 4159 1007 4220 rationem
1018 4176 1093 4221 con·
1143 4160 1239 4221 altera
1260 4161 1295 4220 in
1317 4174 1423 4221 rerum
1449 4161 1626 4222 stannatum
1649 4163 1857 4241 praecatione
1877 4182 1910 4226 as

323 4251 438 4312 ferunt.
467 4250 702 4327 «Providentia,
727 4250 830 4330 inquit
851 4251 1025 4328 Nemeeius,
1050 4258 1096 4313 est
1142 4252 1288 4329 scientis,
1303 4252 1805 4315 aiterainoonsulendivoiuntate
1816 4257 1909 4336 pronis

325 4361 399 4404 cura
411 4359 518 4404 rerum
530 4360 550 4402 a
563 4343 625 4403 ileo
640 4342 813 4422 proiecta⁶;
838 4343 888 4403 vel
902 4342 1095 4422 providentia
1143 4350 1198 4405 est.
1226 4345 1307 4417 Quas
1326 4344 1431 4423 paucis
1450 4345 1684 4425 comprehendit
1696 4345 1830 4426 cyrillus
1843 4347 1908 4408 Ale·

325 4440 372 4495 est
397 4434 453 4495 Dei
477 4433 631 4508 voluntas,
651 4452 707 4513 per
720 4452 815 4513 quam
833 4452 882 4495 res
897 4452 1005 4496 omnes
1024 4441 1095 4515 apta
1142 4436 1313 4497 xandrinus
1325 4435 1404 4497 libro
1418 4436 1445 4496 X
1459 4436 1652 4511 abloocaem,
1670 4438 1797 4499 oileum
1809 4438 1907 4519 appel

326 4526 618 4586 administrantur.»
647 4527 722 4599 Quae
740 4525 845 4601 verba,
861 4531 896 4585 ut
910 4526 1010 4587 stolia
1029 4527 1094 4607 pic·
1144 4527 1212 4589 lans
1242 4528 1448 4607 inspectorem
1475 4527 1705 4602 universorum,
1735 4536 1768 4591 et
1792 4536 1907 4591 mirato·

325 4634 422 4697 reque
436 4617 582 4691 Nemasii,
603 4618 739 4678 ioannes
753 4619 959 4679 Damascenus
981 4619 1094 4680 descri-
1143 4638 1212 4682 rem
1221 4629 1271 4680 θ.»
1289 4621 1327 4680 Et
1338 4619 1556 4681 Constantinus
1569 4621 1727 4699 Pogonate
1739 4622 1775 4681 in
1786 4621 1908 4701 epistola

327 4707 417 4789 psit¹.
431 4708 626 4770 dcbcetsoid
640 4709 806 4771 voluntatis
820 4709 900 4771 actio
913 4711 1096 4772 iniliadefl-
1144 4711 1184 4773 od
1203 4709 1386 4793 Apotdoaem
1413 4710 1541 4793 Papam,
1562 4733 1578 4771 ο
1601 4712 1679 4793 ipse,
1695 4713 1810 4792 inquit,
1827 4713 1907 4773 novit

363 5074 386 5115 o
404 5058 508 5115 Nanns.
526 5057 574 5114 lib.
591 5056 628 5113 de
645 5061 716 5114 Not.
732 5057 808 5114 dom.
829 5075 889 5130 cap.
905 5076 969 5115 xcii.
989 5060 1098 5132 Πρόνοια
1183 5060 1199 5117 b
1217 5059 1381 5117 manando
1396 5059 1499 5118 Maedi
1513 5058 1590 5135 optf.
1608 5061 1769 5133 Προνοεῖοναι
1777 5060 1903 5127 tinto&

327 5141 409 5194 τοίνυν
433 5139 497 5194 ἐστὶν
525 5138 551 5194 ἐκ
573 5141 627 5195 θεοῦ
641 5140 674 5202 εἰς
684 5141 716 5194 τὰ
741 5140 800 5195 ὄντα
822 5142 939 5214 γινομένη
961 5141 1096 5215 ἐπιμέλεια.
1146 5136 1201 5197 otei
1214 5162 1252 5209 τε,
1265 5142 1306 5196 sci
1319 5144 1488 5216 γεγενημένοις
1501 5144 1617 5216 φροντίδα
1631 5144 1684 5199 τινὰ
1697 5146 1788 5217 eipso.

327 5222 451 5293 ὁρίζονται
473 5220 499 5275 tt
520 5223 561 5275 sci
578 5222 655 5286 οὕτως
680 5221 764 5290 αὐτήν.
787 5222 897 5296 Πρόνοιά
911 5222 960 5278 ἔστι
985 5225 1098 5296 βούλησις
1181 5227 1309 5282 oCttttt.
1328 5225 1375 5279 Τὸν
1396 5223 1504 5295 ἐπόπτην
1518 5233 1569 5281 τῶν
1591 5226 1668 5294 ὅλων,
1698 5228 1739 5292 ταὶ
1767 5224 1899 5301 tamiris

325 5305 426 5440 qsoissqq’
439 5306 469 5373 ἢν
482 5304 563 5359 πάντα
577 5304 607 5360 τὰ
618 5304 678 5358 ὄντα
696 5304 740 5375 τὴν
754 5308 892 5379 πρόσφορον
916 5305 1096 5380 διεξαγογωγὴν
1146 5307 1298 5380 εἶορὲρουοα,
1313 5306 1425 5363 τουτέστι
1434 5309 1498 5363 θεόν.

343 5406 378 5461 ομ
424 5402 455 5440 ετ.

353 5562 364 5605 t
380 5553 428 5605 lib.
444 5559 477 5615 Ii,
490 5570 539 5618 cap.
552 5570 610 5606 τιτι.
624 5580 652 5595 ..
662 5561 677 5604 t
688 5556 736 5605 tib.
749 5557 777 5614 n,
790 5572 839 5618 sap.
851 5572 902 5607 nir.
