4134 6182
733 444 744 457 “
800 435 1014 499 PRAEFATIO.
1660 437 1716 499 Vll

9 544 10 577 z
120 567 268 650 quata
286 564 463 648 Tbeolaqica
477 566 602 648 propius
620 566 956 648 amputaturum
969 565 1103 629 mtoriae
1121 565 1289 628 cuminus
1306 583 1370 626 non
1386 565 1557 646 injucunda
1572 566 1628 629 illa
1645 569 1716 646 qui„

120 684 200 759 dem,
215 682 251 743 in
262 682 363 744 fiante
375 680 468 763 primi
481 680 575 760 hujus
583 680 750 746 voluminis
763 687 799 744 ut
811 682 983 758 ederentur,
1000 682 1106 745 curavi
1114 700 1122 758 3
1138 681 1275 763 elogium
1287 701 1399 764 nempe
1411 684 1525 746 Petavii
1539 704 1576 746 ex
1588 686 1717 750 Sotuelli

122 799 313 863 Bibliotheca
326 797 510 883 scriptorum
524 799 682 860 Societabs
694 806 806 863 nostras
822 819 894 861 cum
912 800 1160 862 adnotationibus
1173 801 1250 861 meis
1265 818 1272 874 ;
1295 799 1470 881 catalogum
1485 801 1637 865 librorum
1651 823 1717 865 om·

119 916 206 979 nium
217 913 259 978 ab
271 913 383 977 eodem
398 912 520 976 Petavio
538 913 692 975 editorum
706 933 744 975 ex
762 915 935 990 Niceronio,
952 914 1081 995 aliisque
1094 933 1102 990 ;
1119 914 1361 977 clarissimorum
1374 916 1512 981 virorum
1526 919 1564 980 de
1579 920 1712 997 Petavio,

119 1033 247 1113 ejusque
260 1029 527 1093 lucubrationibus
545 1030 719 1093 testimonia
736 1031 914 1111 quaedama
934 1049 984 1092 me
998 1030 1125 1092 collecta
1134 1051 1142 1107 ;
1164 1031 1409 1093 observationem
1428 1032 1554 1103 demum
1568 1035 1607 1096 de
1626 1033 1716 1096 Trac-

119 1149 233 1211 tatibus
253 1147 425 1227 tbealaqicis
443 1145 606 1209 cardinalis
623 1146 788 1227 Augustini
808 1147 921 1226 Oregii,
945 1152 1068 1208 auctore
1090 1147 1122 1206 P.
1140 1147 1241 1208 Oudin
1260 1148 1416 1208 Societatis
1435 1153 1557 1224 nostrae,
1581 1167 1619 1210 ea
1640 1150 1715 1210 actis

119 1264 325 1347 lipsiensibus
345 1283 397 1327 au.
415 1264 503 1338 trit,
525 1282 557 1343 p.
580 1263 637 1325 tei
659 1267 689 1324 et
707 1280 772 1342 seq.
796 1262 922 1325 Utinam
943 1280 1020 1345 quos
1042 1263 1183 1323 Petavius
1196 1261 1231 1323 de
1250 1262 1464 1338 sacramentis,
1479 1261 1514 1323 dc
1526 1261 1662 1342 Lepibos,
1677 1260 1714 1323 de

119 1379 237 1457 Gratia,
255 1381 291 1443 de
305 1378 396 1455 Fide,
413 1378 484 1461 Sps,
506 1372 531 1443 C
531 1370 680 1454 latitate,
701 1390 737 1443 uc
756 1370 942 1454 Virtutibus,
957 1376 1048 1459 deque
1061 1377 1186 1440 Peccata
1199 1379 1331 1441 scribere
1345 1380 1444 1440 morte
1456 1376 1630 1460 prohibitus
1641 1375 1709 1452 fuit,

117 1516 231 1578 magno
241 1494 506 1574 sauetheologicm
515 1495 560 1555 rei
569 1493 764 1569 detrimento,
773 1498 920 1554 tractatus
934 1493 1082 1573 quinque,
1093 1494 1192 1574 iisque
1207 1513 1265 1574 ega
1278 1494 1478 1556 lucubrandis
1491 1493 1636 1555 fuissem!
1654 1492 1714 1554 Ab·

117 1613 255 1675 solvendi
268 1613 370 1693 operis
383 1611 511 1690 hujusce
524 1611 682 1691 provincia
695 1610 798 1671 delata
813 1617 881 1692 post
892 1611 1007 1673 Petavii
1017 1610 1137 1673 obitum
1151 1630 1170 1697 a
1183 1611 1293 1672 nostris
1306 1610 1445 1672 Patribus
1464 1610 1600 1690 primum
1612 1609 1713 1671 iuerat

118 1729 148 1791 P.
164 1727 302 1789 Gabrieli
321 1725 484 1800 Cossartio,
505 1723 645 1785 Guidone
660 1724 766 1785 Patina
779 1726 854 1784 teste
872 1722 905 1783 in
925 1724 1054 1804 epistola
1067 1724 1204 1804 quadam
1224 1742 1278 1786 xus
1298 1724 1363 1785 kal.
1380 1724 1541 1803 januarias
1562 1742 1613 1786 au.
1634 1725 1712 1786 toea

117 1843 300 1926 mrmuptm
314 1842 365 1905 hic
374 1847 479 1902 tamen
487 1839 680 1921 perficiendae
691 1839 863 1900 Labbeanae
875 1838 1081 1900 Consiliorum
1092 1840 1278 1901 collectionis
1290 1859 1365 1902 cura
1376 1842 1466 1902 valde
1480 1841 1626 1902 distentam
1636 1840 1712 1903 dum

117 1960 201 2034 vixit,
223 1956 310 2038 operi
327 1955 375 2017 illi
396 1974 470 2018 sane
491 1953 671 2035 gravissimo
692 1972 821 2015 manum
835 1952 999 2014 admovere
1014 1952 1066 2013 vix
1079 1954 1188 2034 potuit.
1205 1952 1320 2015 Deinde
1335 1954 1389 2034 qui
1401 1950 1460 2017 hoc
1481 1956 1709 2035 aggrederetur,

118 2073 293 2155 aptissimus
313 2073 399 2132 visus
413 2075 460 2131 est
481 2071 574 2150 (quod
597 2088 636 2130 ex
650 2069 787 2130 Simonio
800 2069 833 2128 in
847 2067 957 2128 criticis
978 2067 1017 2127 ad
1026 2065 1154 2148 dupinii
1164 2067 1371 2130 bibliothecam
1382 2071 1709 2148 animadversionibus,

116 2195 144 2249 st
158 2190 191 2248 in
206 2188 308 2269 primo
326 2184 526 2266 epistolarum
543 2180 702 2246 volumine
718 2180 860 2245 editionis
876 2200 926 2244 an.
957 2180 1035 2244 1730
1049 2180 1228 2245 Niceronius
1242 2192 1363 2262 nmret,
1378 2206 1410 2266 p.
1423 2189 1492 2266 181)
1507 2188 1613 2249 Petrus
1628 2189 1712 2250 lose-

116 2305 195 2386 phns
215 2302 393 2376 Cancelius3
411 2300 462 2361 cui
474 2302 591 2363 socium
604 2300 745 2361 additum
756 2300 850 2362 bimae
864 2300 897 2361 P.
914 2299 1110 2360 Harduinum
1124 2305 1195 2362 sunt
1221 2302 1276 2380 qui
1290 2302 1471 2381 perhibeant
1496 2303 1544 2382 (V.
1555 2301 1712 2367 Noaceiles

25 2468 30 2479 .
117 2420 152 2484 de
163 2422 195 2483 lu
209 2418 394 2502 Republiquc
406 2419 455 2478 des
465 2416 576 2491 lettres,
591 2415 753 2478 decembre
768 2418 858 2491 toea,
875 2422 932 2476 art.
948 2416 988 2493 l).
1004 2417 1120 2477 Verum
1132 2416 1184 2477 ille
1196 2417 1320 2479 infirma
1332 2418 1465 2480 nimium
1474 2417 1618 2479 utebatur
1629 2416 1711 2479 vale-

118 2536 239 2605 tudinez
256 2553 319 2614 qua
338 2534 377 2594 de
396 2551 490 2593 causa
503 2531 589 2593 brevi
610 2533 759 2593 extinctam
773 2535 837 2605 est3
853 2530 904 2591 hic
924 2547 997 2591 vero
1016 2547 1080 2590 non
1093 2548 1130 2591 eo
1144 2537 1210 2592 erat
1222 2534 1357 2612 ingenio,
1374 2538 1409 2593 ut
1420 2534 1527 2595 alienis
1540 2533 1633 2595 vellet
1645 2552 1711 2595 ves·

117 2650 196 2729 ligiis
208 2649 358 2724 insistere,
375 2648 502 2709 nterim
514 2648 548 2709 in
560 2648 697 2710 ineunda
709 2646 882 2708 studiorum
894 2645 1012 2706 ratione
1022 2644 1156 2707 subesse.
1168 2648 1335 2710 Tellerium
1346 2667 1470 2730 quoque
1479 2650 1511 2711 in
1520 2668 1590 2711 eam
1602 2668 1709 2712 euram

117 2763 283 2843 aliquando
300 2762 488 2839 incubuisse,
507 2767 542 2823 ut
559 2768 697 2825 extrema
715 2762 792 2822 tanti
810 2760 911 2841 operis
928 2767 1173 2839 persequeretur,
1192 2762 1292 2843 deque
1310 2764 1490 2844 paenitentia
1509 2765 1615 2846 aliqua
1628 2784 1710 2826 com-

115 2886 287 2943 mentatum
305 2878 400 2940 luisse
420 2879 492 2958 legi.
516 2878 622 2940 Romae
641 2877 768 2938 tandem
788 2877 821 2936 P.
844 2875 994 2937 Antonim
1013 2875 1150 2953 Cmirrus,
1172 2879 1221 2939 vir
1240 2898 1356 2960 magna
1373 2881 1543 2942 eruditione
1561 2900 1661 2961 nuper
1679 2888 1709 2943 et

114 2995 177 3075 ipss
190 2995 371 3057 damonum
389 2999 459 3054 ante
479 2992 598 3074 aliquot
615 3010 723 3069 annos,
743 2991 884 3053 animum
907 2990 948 3051 ad
965 2989 1434 3075 absolutionemeeoloqicoram
1446 2994 1615 3075 dopmatam
1627 2997 1709 3075 adje

112 3117 203 3172 ent.
220 3110 308 3184 Quod
322 3128 360 3171 ea
370 3107 564 3190 premers'd.
577 3107 793 3170 tietmarum
806 3105 909 3169 Italica
920 3110 1005 3167 tomo
1017 3105 1181 3183 XXXVIII,
1196 3114 1275 3188 part.
1292 3112 1305 3170 l
1312 3154 1321 3185 ,
1335 3126 1408 3189 pag.
1423 3105 1654 3183 iddidicimus.
1668 3110 1707 3171 At

111 3232 229 3299 senten
244 3224 348 3287 macic
367 3242 430 3304 quo
445 3223 519 3299 tato,
534 3223 568 3287 ln
583 3224 717 3304 iucoepto
730 3223 785 3283 diu
798 3219 1035 3304 perstitit.de
1052 3237 1110 3300 ego
1123 3221 1267 3297 lacerem,
1289 3223 1344 3302 qni
1357 3223 1396 3283 ab
1415 3224 1545 3284 ntorum
1563 3233 1708 3304 praestan·

110 3343 300 3405 t'nsimorum
322 3340 487 3402 hominum
511 3340 647 3419 ingenio,
677 3339 877 3419 doctrinaque
901 3336 1079 3416 lonpp'sslme
1108 3336 1238 3400 absumi
1272 3340 1332 3401 Sed
1351 3356 1423 3400 vere
1446 3339 1526 3402 illud
1552 3339 1669 3402 dictum
1686 3359 1705 3403 a

109 3456 310 3519 celeberrimo
324 3456 478 3519 Ludovico
491 3456 693 3519 Themessino
709 3456 742 3517 in
757 3457 936 3536 praeladoue
950 3460 990 3520 ad
1006 3472 1099 3520 suum
1116 3454 1152 3518 cle
1176 3452 1259 3516 Verbi
1276 3452 1377 3515 divini
1393 3452 1603 3517 Iocamuticac
1618 3456 1704 3519 rolu-

109 3586 203 3633 mau:
226 3569 329 3633 Tanta
342 3570 429 3632 molis
442 3573 537 3653 cpm's
549 3568 752 3651 recapitando,
775 3570 949 3650 meirade,
966 3569 1168 3654 perpetiendo,
1180 3567 1378 3652 prosbqaada,
1393 3586 1483 3631 usum
1494 3588 1598 3651 parem
1611 3570 1706 3652 fuisse

109 3685 280 3752 Parmam.
296 3690 385 3763 Quod
398 3706 498 3750 uuum
515 3690 610 3769 igitsrr
626 3704 727 3769 neque
742 3688 883 3750 ssmdiis
901 3690 988 3766 meis,
1005 3706 1106 3770 usque
1124 3686 1163 3748 ab
1181 3686 1241 3748 hac
1258 3702 1330 3747 mea
1347 3687 1556 3749 mediocritate
1569 3688 1704 3751 multum

109 3801 306 3878 abhorrebat,
327 3802 565 3883 Prolegomenis‚
582 3820 652 3882 quae
670 3804 704 3864 in
717 3802 818 3882 primo
838 3803 995 3865 solumina
1009 3821 1122 3865 excusa
1136 3807 1217 3878 sunt,
1237 3820 1274 3862 ex
1288 3803 1344 3863 GL.
1360 3802 1397 3863 V.
1416 3804 1543 3866 loannis
1560 3806 1704 3886 Baptista

111 3919 222 3994 Fsure,
242 3920 401 4000 Appcsuta
419 3918 579 3999 tbeolspica
598 3920 703 3981 Roma
718 3918 873 3999 primum,
889 3925 957 3980 tum
971 3937 1010 3980 ex
1024 3920 1133 3981 eodem
1148 3919 1207 3979 hoc
1218 3918 1285 3998 ipso
1302 3918 1544 3980 Remcndiniano
1560 3926 1704 4002 typogra-

108 4035 181 4115 plrio
192 4035 331 4097 Veneriis
343 4034 491 4096 inlunem
504 4034 626 4109 emisso,
648 4033 833 4101 Pontificum
861 4036 1001 4113 Petrum,
1016 4033 1230 4109 conciliorum,
1246 4033 1521 4114 haretimrumque
1531 4033 1703 4096 indiculum

107 4145 237 4223 arbjeci,
253 4147 365 4210 additia
386 4149 471 4225 locis,
487 4150 520 4210 in
538 4150 703 4229 quibusda
721 4149 782 4210 illis
804 4167 823 4210 a
842 4149 964 4211 Petusio
985 4151 1097 4230 agitur.
1120 4149 1246 4229 Aliquot
1264 4154 1413 4228 praterea
1429 4152 1498 4207 tum
1517 4162 1614 4219 meas,
1634 4151 1702 4206 tum

107 4260 242 4324 aliorum
255 4263 503 4325 omnemomm
521 4264 669 4339 morum,
688 4263 790 4326 Casini
806 4263 930 4340 scilicet,
946 4264 1170 4339 Tourneminii,
1189 4268 1281 4343 atque
1293 4262 1400 4324 Aicolii
1414 4261 1638 4324 &curbones
1651 4260 1704 4321 ad·

9 4458 10 4469 ,
106 4376 184 4453 didi,
200 4377 316 4457 quibus
327 4377 377 4439 rel
391 4379 536 4440 omissae
550 4379 673 4440 Petavio
687 4377 911 4459 supplerentur,
925 4379 975 4440 vel
987 4384 1116 4440 macuta
1126 4384 1196 4459 post
1207 4396 1304 4439 novas
1316 4377 1592 4439 eruditissimorum
1604 4376 1704 4439 homi-

105 4510 184 4554 nnm
198 4512 290 4554 miras
303 4494 552 4556 reformarentur.
573 4495 793 4556 adnotationes
810 4494 943 4576 denique
961 4495 1128 4556 identidem
1144 4494 1254 4572 adjeci,
1275 4494 1388 4574 quibus
1405 4492 1570 4555 nonnullos
1589 4492 1703 4554 Patami

105 4606 190 4668 locos
211 4607 376 4683 vindicari,
397 4608 549 4669 illustrari
566 4608 726 4689 plurimos.
751 4610 846 4670 Erant
865 4610 1003 4685 fortasse,
1026 4610 1081 4688 qui
1106 4608 1214 4670 Clerici
1233 4608 1444 4670 adnotationes
1466 4615 1633 4690 querentur
1651 4609 1702 4670 hic

105 4719 288 4781 desiderem
313 4722 351 4782 Et
364 4721 531 4784 nonnullas
543 4724 670 4786 sonasse
688 4723 820 4803 adjicere
840 4730 991 4804 poteram,
1006 4725 1060 4785 scd
1074 4723 1237 4804 plerasque
1255 4741 1415 4786 necessum
1427 4724 1533 4785 ficisset
1550 4724 1700 4797 omittere,

107 4842 142 4896 ui
153 4854 226 4915 quse
239 4836 436 4897 heterodoxis
447 4837 601 4899 amoribus
610 4844 736 4900 scatent.
749 4839 910 4900 Confirtsre
924 4843 1027 4899 sutem
1039 4838 1109 4900 illos
1122 4840 1247 4901 alterius
1260 4840 1406 4920 temporis
1415 4841 1472 4901 erit
1478 4841 1597 4918 integro
1609 4837 1700 4913 libro,

105 4950 341 5031 qsriPetscsbsa
355 4951 510 5033 appensa
521 4953 645 5015 inscribi
661 4954 782 5035 poterit.
803 4955 891 5016 Faxit
910 4954 1002 5030 Deus,
1023 4960 1058 5016 ut
1074 4955 1133 5015 hoc
1151 4954 1303 5034 quidquid
1319 4961 1365 5016 est
1383 4954 1498 5016 labaris
1514 4951 1621 5026 nostri,
1640 4966 1704 5011 non

105 5066 216 5129 inutile
230 5068 374 5130 Ecclesiae
384 5084 449 5130 snas
462 5070 517 5144 sit;
534 5071 690 5146 Romana,
702 5072 842 5149 inquam,
855 5069 1007 5146 Ecclesia,
1018 5070 1058 5131 ad
1068 5088 1163 5150 quarn
1168 5079 1292 5153 propter
1297 5071 1442 5152 potiorem
1448 5067 1703 5150 principalitatem

106 5187 152 5263 (nt
167 5185 302 5246 truncus
315 5186 482 5261 scribebat,
495 5185 549 5247 lib.
566 5188 620 5263 111,
632 5185 779 5249 Aduersus
793 5186 924 5263 barenes,
943 5204 1011 5267 cap.
1033 5187 1089 5264 nr);
1113 5204 1222 5247 semare
1237 5197 1280 5248 est
1303 5202 1413 5247 annau
1434 5183 1588 5246 caucasias
1605 5182 1707 5257 Ecclc

103 5301 193 5375 aaa,
212 5298 265 5361 boc
276 5308 321 5362 est
334 5318 394 5380 ecs,
409 5301 464 5383 qui
479 5310 551 5363 scat
568 5300 697 5383 undiquc
708 5301 821 5384 talea
838 5302 868 5364 ia
882 5318 941 5386 qua
955 5320 1068 5387 semper
1084 5301 1121 5363 ab
1134 5300 1194 5382 liic,
1209 5302 1262 5382 qai
1279 5310 1348 5363 suat
1368 5298 1511 5384 undiquc,
1530 5304 1699 5361 consancta

107 5424 150 5481 nt
163 5434 199 5476 cs
211 5433 280 5496 que
296 5422 341 5480 cst
361 5415 400 5479 ab
415 5417 559 5500 spatulis
570 5415 707 5484 truditis.
