4030 6204
357 317 417 376 too
866 315 1190 379 Tubotoclcoutltt
1210 316 1428 381 occultunt

357 478 689 553 mantuanensem
703 480 841 540 anomni
855 481 1029 542 aeternitate
1040 500 1125 543 crsa-
1216 483 1267 542 Ill.
1290 482 1338 543 Ad
1358 483 1426 543 baec
1448 499 1571 545 summa
1584 482 1618 542 in
1640 500 1677 543 aa
1690 481 1813 543 benitas
1830 482 1936 553 emeat,
1965 496 1989 537 ιι

356 576 458 632 ῖθιθιιι
478 570 582 644 busca,
619 588 682 631 uon
717 572 801 650 quod
828 572 929 652 reipsa
955 575 1126 653 quidquam
1176 575 1259 652 quod
1273 593 1338 635 non
1348 574 1530 635 uniusmodi
1543 573 1939 653 resimplicicomruoditata

357 663 478 740 crearit,
492 663 632 741 autquia
645 664 827 743 procreandi
836 665 911 740 vim,
927 666 1060 726 acrelut
1080 685 1128 726 ar·
1176 667 1360 745 prodestiis,
1377 667 1492 745 quibus
1512 685 1578 727 sese
1599 665 1818 740 communicat,
1833 666 1887 726 sed
1903 667 1938 727 ad
1965 666 1982 694 '

356 761 421 823 tem
438 755 608 835 quamdam
632 755 788 830 habuerit,
814 757 1009 819 nibiladbuc
1026 760 1128 838 operis
1177 775 1286 818 omnes
1300 758 1545 838 opportunitates
1557 757 1728 831 valet,sine
1741 757 1805 818 ulla
1818 757 1877 829 rei,
1890 764 1939 817 ant

357 842 507 921 molieus3
524 847 682 907 sedetiam
696 847 780 926 quod
792 847 825 907 in
839 848 942 909 Verbo
956 849 1058 928 operis
1071 868 1127 910 suo
1176 867 1327 929 personas,
1350 850 1410 911 loci
1432 869 1468 911 ac
1487 850 1636 929 temporis
1656 850 1845 929 exceptione.
1867 850 1939 909 llam

356 939 489 1019 tempori
501 938 599 999 futuri
610 936 764 1001 rationem
775 940 983 1019 descripserit,
998 948 1028 1002 et
1041 942 1129 1020 quid·
1177 948 1300 1015 cetera,
1326 942 1469 1020 quamvis
1488 943 1617 1022 optima,
1642 946 1674 1001 ct
1695 940 1939 1021 prudentisima

357 1030 432 1109 (prid
449 1031 483 1093 iu
507 1031 574 1110 ipsa
599 1031 789 1110 producendi
804 1032 924 1092 actione
946 1033 1128 1095 intestinum
1177 1034 1268 1093 certis
1295 1033 1533 1093 circumstantiis
1559 1032 1687 1093 affirma
1713 1051 1749 1092 ac
1781 1031 1938 1092 definitum

357 1129 413 1199 est,
438 1141 474 1183 ac
495 1140 626 1183 manans
647 1124 681 1183 in
699 1123 861 1199 efficiente,
884 1123 1064 1204 profuderit.
1085 1126 1127 1187 lic
1177 1124 1293 1185 babent
1315 1144 1417 1198 ustam,
1442 1130 1530 1185 extra
1552 1124 1714 1203 quaejam
1731 1123 1824 1195 bona,
1845 1121 1938 1183 idest

357 1215 420 1276 sire
434 1215 513 1275 aetio
523 1215 624 1275 omnis
634 1216 755 1276 inestin
762 1221 883 1295 agente,
896 1222 932 1276 ut
943 1216 1128 1295 quibusdam
1176 1223 1258 1297 epta,
1275 1224 1307 1278 ct
1324 1218 1527 1297 congruentia
1547 1235 1613 1278 esse
1626 1217 1780 1278 demunt.
1806 1236 1821 1275 ι
1844 1216 1938 1294 sequ

358 1307 550 1387 pbilosophis
563 1307 672 1386 placet,
693 1308 882 1388 sempiterna
900 1314 946 1369 est
964 1314 1033 1369 tum
1047 1327 1129 1371 crea-
1177 1308 1274 1386 igitur
1286 1316 1361 1371 nota
1373 1316 1418 1370 est
1428 1328 1511 1370 reru
1525 1308 1691 1370 bonitatis?
1704 1308 1820 1388 quassit
1830 1308 1937 1385 urae

356 1398 411 1474 tio,
435 1404 504 1459 tum
533 1400 573 1460 ad
599 1399 853 1461 benefaciendum
882 1400 1001 1479 reliqua
1032 1402 1128 1462 veluti
1176 1400 1412 1482 riusNyssenus.
1425 1403 1499 1463 Haec
1507 1399 1936 1480 nimirumquodnonaalun

357 1491 466 1565 motio,
482 1492 604 1552 tametsi
618 1493 758 1552 nondum
772 1492 812 1551 ad
830 1492 984 1568 effectum,
997 1498 1027 1553 et
1040 1494 1128 1572 quasi
1176 1492 1217 1552 ad
1230 1511 1297 1554 rem
1310 1495 1447 1573 aliquam
1465 1493 1549 1554 utilis
1568 1498 1624 1565 est,
1645 1510 1746 1570 ueqrrc
1767 1491 1859 1552 aerbs
1875 1496 1934 1551 tau-

357 1584 527 1644 tcrminum
542 1583 688 1662 perducta
697 1585 751 1658 sit3
763 1583 827 1643 sire
836 1590 1000 1645 externum
1010 1585 1128 1665 aliquid
1176 1587 1339 1646 tummodo
1356 1585 1549 1665 temporibus
1566 1589 1622 1644 aut
1640 1583 1811 1657 commoda,
1826 1588 1882 1644 aut
1894 1583 1935 1641 iu·

357 1681 413 1750 cst,
429 1676 503 1737 etin
516 1694 594 1755 opus
607 1677 771 1752 bannens,
787 1676 931 1736 voluntas
939 1677 1017 1756 ipsa,
1034 1684 1065 1738 et
1079 1679 1127 1738 ln-
1177 1678 1341 1738 commoda
1359 1678 1496 1752 videtru3
1515 1694 1618 1757 neque
1639 1676 1697 1737 uni
1714 1675 1842 1755 quidem
1864 1674 1935 1735 boas

356 1768 453 1827 terior
479 1768 587 1841 animi,
616 1786 652 1828 ac
673 1767 793 1828 consilii
820 1769 985 1829 destinatio
1003 1771 1128 1833 nonnisi
1177 1774 1232 1841 cst,
1249 1769 1338 1829 altori
1351 1769 1525 1845 non'item;
1545 1767 1599 1830 scd
1612 1768 1696 1847 quod
1709 1767 1744 1828 iu
1759 1785 1805 1839 sc,
1822 1785 1860 1827 ex
1871 1784 1934 1845 pra

356 1864 473 1920 {eterna
482 1860 664 1940 poblitesse,
678 1859 869 1940 cumsitipsa
879 1861 933 1921 Dei
942 1861 1125 1924 substantia.
1177 1861 1247 1940 pria
1258 1866 1372 1921 natura
1385 1861 1506 1923 bonum
1518 1865 1576 1937 est,
1595 1865 1627 1921 ct
1639 1858 1797 1934 omnibus,
1815 1864 1849 1918 et
1858 1858 1935 1921 omui

358 1952 459 2026 Quare
472 1952 661 2030 sempiterna
680 1958 725 2013 cst
737 1952 884 2013 bonitatis
898 1954 931 2013 in
945 1971 994 2014 res
1012 1961 1128 2016 mestas
1176 1958 1315 2033 tempore
1329 1951 1563 2015 honumastt.»
1578 1953 1654 2026 Quae
1665 1970 1715 2012 res
1726 1969 1764 2012 ex
1777 1950 1933 2024 enamidit,

357 2043 533 2124 propensio.
555 2044 642 2104 Hauc
660 2044 734 2104 boui
752 2045 838 2105 relut
850 2045 1055 2109 indicaturam
1069 2048 1128 2108 ele
1177 2046 1261 2124 quod
1273 2050 1383 2106 creata
1393 2064 1442 2107 res
1452 2044 1593 2125 sirrgrrlae,
1605 2044 1651 2105 uti
1664 2050 1823 2117 naturam,
1837 2041 1933 2105 sicbo·

356 2142 466 2215 gauter
481 2137 678 2197 commendat
704 2135 839 2197 θιῖυθνιιιθ
853 2136 1028 2199 Marcionem
1056 2141 1128 2201 Ter·
1176 2137 1305 2199 nitatem
1318 2138 1435 2199 babent
1449 2138 1551 2214 certia,
1566 2137 1666 2217 iisque
1684 2134 1932 2216 pcmngustizdc

356 2229 516 2290 tullianus.
545 2251 561 2287 a
580 2229 694 2301 Prima,
712 2229 825 2307 inquit,
851 2229 985 2308 denique
1003 2230 1127 2293 bonitas
1176 2228 1299 2290 finitam
1312 2231 1465 2305 terminis,
1480 2236 1512 2291 et
1529 2231 1564 2290 in
1577 2228 1758 2290 uniusmodi
1774 2228 1878 2306 aliquo
1888 2245 1933 2305 pa·

356 2321 512 2396 creatoris,
528 2340 589 2400 qua
602 2339 635 2381 se
649 2322 729 2381 Deus
743 2321 844 2380 noluit
862 2320 896 2379 in
912 2325 1065 2383 aeternum
1085 2323 1127 2384 la·
1177 2339 1250 2383 nere
1278 2328 1418 2401 prosunt,
1450 2328 1506 2383 ant
1537 2322 1702 2383 delectant.
1733 2321 1816 2381 Deus
1841 2326 1932 2381 anun

355 2417 432 2488 tere,
446 2413 478 2477 id
492 2419 615 2474 estnon
629 2431 694 2473 esse
708 2412 837 2490 aliquid,
852 2412 901 2471 cui
917 2413 998 2472 llcus
1011 2432 1126 2493 eogno-
1175 2413 1298 2474 infinita
1325 2419 1381 2491 eet,
1403 2419 1434 2474 et
1455 2414 1544 2475 nulla
1564 2431 1599 2474 re
1621 2412 1768 2474 definiens
1791 2411 1933 2472 bonam

356 2510 502 2565 sceretm.
523 2505 603 2578 outo
626 2504 711 2564 enim
728 2508 794 2563 tam
812 2503 941 2579 bonum,
964 2523 1059 2583 quem
1073 2526 1129 2567 no·
1176 2506 1317 2566 omnium
1331 2506 1515 2586 complexio,
1531 2505 1608 2566 nibil
1620 2512 1656 2566 ut
1667 2504 1784 2585 appeti,
1802 2509 1857 2565 aut
1866 2521 1932 2582 qua

355 2596 436 2671 titia,
473 2602 503 2657 et
532 2597 650 2656 fructus
678 2595 753 2656 Dei?
787 2597 865 2681 llam
899 2597 957 2657 etsi
986 2599 1127 2661 nondum
1175 2616 1238 2676 quo
1258 2599 1351 2660 modo
1365 2599 1565 2658 commodum
1579 2616 1644 2658 esse
1659 2603 1764 2676 queat,
1780 2595 1867 2674 cujus
1878 2613 1932 2653 aas

356 2688 533 2767 apparebat,
557 2688 617 2749 hoc
640 2687 759 2747 bouum
781 2704 857 2761 esse,
882 2688 956 2766 quia
984 2691 1126 2752 nondum
1174 2690 1208 2749 in
1228 2689 1282 2751 illo
1305 2690 1346 2750 sit
1368 2689 1529 2750 abundans
1547 2690 1645 2769 copia.
1668 2691 1745 2751 ilum
1765 2688 1853 2748 enim
1868 2684 1933 2746 boni

356 2785 421 2840 erat
450 2781 637 2859 quidquam,
667 2780 716 2839 cui
743 2784 922 2859 appararet;
959 2782 1013 2841 sed
1048 2783 1139 2855 Deus,
1174 2782 1253 2841 ratio
1267 2782 1300 2840 in
1317 2783 1534 2843 conuenientia
1551 2782 1609 2843 sita
1623 2782 1664 2842 sit
1676 2786 1757 2860 apta
1770 2780 1831 2855 rei,
1844 2786 1932 2856 etop-

355 2873 545 2952 presciebat,
561 2872 637 2951 quid
659 2871 734 2932 boni
753 2872 968 2951 appariturum
992 2879 1080 2949 essct,
1096 2881 1127 2935 ct
1175 2878 1317 2952 portuuae
1332 2874 1371 2950 ci,
1383 2875 1467 2952 quod
1480 2874 1601 2934 bonum
1614 2873 1741 2953 appetit,
1755 2879 1866 2932 caetera
1873 2870 1931 2949 qut·

354 2964 424 3025 ideo
439 2965 472 3025 in
486 2982 575 3027 suam
596 2982 750 3024 summam
769 2964 922 3024 commisit
940 2964 1123 3038 bonitatem,
1174 2964 1246 3024 dem
1269 2966 1344 3043 quia
1362 2965 1451 3026 finita
1470 2972 1554 3041 suut,
1575 2984 1640 3026 non
1662 2964 1820 3037 omuibus,
1844 2980 1932 3040 neque

354 3058 526 3135 apparituri
535 3057 611 3117 boui
626 3057 868 3135 negotiatricem,
883 3075 948 3118 non
958 3057 1066 3136 utique
1080 3077 1126 3120 re·
1174 3057 1362 3116 omnimodis
1382 3063 1570 3135 congruunt.
1600 3080 1615 3114 a
1636 3058 1687 3116 Fst
1712 3056 1800 3116 enim
1827 3054 1932 3115 bonum

354 3150 525 3228 peutinam,
541 3167 598 3209 nec
612 3149 791 3209 obventitiae
804 3148 961 3221 bonitatis,
982 3168 1039 3210 nec
1053 3170 1125 3229 pro-
1174 3148 1258 3208 aliud
1272 3147 1414 3223 aitari,ut
1425 3148 1469 3208 eit
1482 3149 1726 3228 Augustinus3et
1735 3164 1847 3223 omnes
1857 3164 1930 3206 eree

353 3241 504 3302 vomtitiae
519 3240 729 3312 animationis,
751 3240 839 3318 [prasi
864 3240 976 3300 exinde
997 3260 1124 3305 causau—
1174 3245 1252 3299 turae
1277 3239 1394 3300 babent
1404 3241 1561 3319 quoddam
1574 3241 1692 3300 bonum
1709 3257 1803 3299 suum
1817 3236 1931 3317 insapi-

354 3332 436 3406 dam,
446 3351 508 3412 quo
516 3333 608 3412 coepit
618 3332 750 3411 operari.
763 3332 796 3392 Si
804 3332 888 3392 enim
894 3333 960 3411 ipsa
966 3334 1126 3394 constituit
1173 3332 1243 3390 tatia
1257 3348 1332 3407 saraa,
1348 3338 1379 3392 et
1389 3332 1587 3411 perfectionis
1598 3331 1932 3393 muraenularum

353 3423 490 3498 initium,
517 3424 704 3502 exindeque
724 3423 816 3502 erepit
838 3424 972 3503 operari,
990 3444 1054 3485 non
1072 3427 1126 3486 ba·
1174 3423 1248 3501 quid
1266 3424 1378 3502 cuique
1397 3425 1442 3484 rei
1464 3424 1651 3502 imperfectae
1665 3423 1873 3493 necemarium
1888 3422 1930 3485 at

353 3514 421 3575 buit
434 3517 562 3576 initium
576 3516 643 3595 ipsa
657 3534 728 3575 cum
741 3515 844 3575 lecit¹.
861 3538 876 3572 a
894 3517 1053 3576 Zacharias
1066 3518 1123 3578 Mi·
1173 3520 1209 3575 ut
1228 3515 1406 3594 perficiatur
1428 3535 1435 3576 ι
1458 3534 1563 3594 quaere
1585 3521 1676 3579 tuum
1693 3515 1828 3575 bouum.
1847 3514 1931 3574 Nam>

352 3608 505 3686 tyleneus
520 3607 553 3666 in
571 3607 651 3667 libro
666 3607 701 3667 de
715 3607 824 3667 Mundi
844 3606 972 3688 opificio,
996 3630 1012 3666 a
1027 3610 1125 3670 Deum
1173 3605 1284 3682 bonus,
1296 3607 1357 3667 nisi
1366 3624 1447 3666 unus
1462 3608 1552 3668 Deus.
1564 3608 1730 3668 Summum
1742 3605 1930 3679 bouum,bsc

353 3716 417 3759 esse
437 3698 611 3760 beneficum
630 3699 746 3771 scribit,
762 3700 818 3765 etsi
837 3699 979 3759 noudum
995 3719 1032 3759 ea
1050 3701 1122 3763 sub-
1173 3703 1218 3758 est
1235 3704 1328 3760 tuum
1347 3699 1476 3759 bonum.
1493 3700 1572 3772 Quid
1592 3717 1664 3777 emo
1683 3699 1778 3774 deest,
1798 3698 1849 3759 eui
1861 3714 1930 3758 θιιιιι

352 3791 471 3867 sistant,
483 3792 594 3870 quibus
603 3791 788 3867 benefaciat3
804 3798 839 3851 ut
851 3792 905 3869 qui
919 3810 955 3851 ca
969 3793 1125 3854 contineat
1172 3809 1261 3855 mum
1276 3791 1395 3851 bonum
1408 3790 1528 3851 bonum
1539 3790 1603 3851 est‘l
1620 3793 1700 3851 Sunt
1712 3789 1802 3850 enim
1819 3796 1851 3849 et
1863 3787 1928 3848 iub·

351 3882 386 3942 in
399 3902 476 3959 scae,
492 3901 562 3962 quae
582 3883 770 3944 beneficium
787 3889 949 3963 acceptura
967 3889 1050 3960 sunt,
1067 3904 1123 3945 an-
1171 3883 1255 3949 riore
1277 3883 1371 3959 bona,
1393 3901 1463 3961 quae
1477 3883 1544 3943 aliis
1560 3889 1592 3943 et
1611 3882 1680 3943 aliis
1701 3881 1785 3941 bona
1798 3880 1926 3942 sunit»

350 3981 476 4054 tequam
494 3976 531 4037 ad
556 3978 724 4036 astantiam
745 3976 799 4036 illa
819 3976 966 4055 perducat
974 3985 1000 4035 ⁰.
1016 3997 1031 4032 ιι
1059 3978 1124 4037 Hoc
1173 3972 1290 4055 ltaque,
1301 3976 1373 4054 quia
1387 3992 1510 4035 summo
1524 3981 1555 4035 et
1566 3973 1689 4034 infinito
1700 3974 1783 4034 bono
1798 3971 1874 4033 nibil
1885 3971 1928 4030 de

352 4067 448 4146 igitur
470 4068 562 4127 titulo
586 4068 758 4147 plurimum
786 4069 840 4128 Ilei
862 4068 993 4142 bouitas,
1015 4087 1050 4127 ac
1072 4088 1124 4129 vo
1171 4073 1227 4144 est,
1241 4087 1342 4146 neque
1356 4067 1526 4147 quidquam
1542 4068 1646 4128 deesse
1658 4071 1760 4145 potest
1769 4062 1927 4145 appetent,

351 4160 454 4220 luntas
462 4159 599 4220 benefica
611 4161 784 4240 splendoris
795 4161 913 4239 accipit.
930 4161 1023 4219 «Non
1038 4160 1123 4220 enim
1171 4160 1340 4238 quominus
1357 4160 1542 4223 desiderium
1556 4160 1679 4239 expleat
1690 4176 1795 4229 suum,
1812 4162 1865 4218 aut
1876 4172 1928 4234 quo

351 4252 619 4327 cumulotantum,
635 4253 878 4327 aitbmbrosius,
893 4252 1075 4324 sedordinc,
1092 4258 1124 4312 et
1170 4253 1305 4331 segnius,
1326 4272 1362 4312 ac
1383 4253 1514 4313 lentiore
1537 4252 1571 4312 in
1589 4251 1667 4311 illud
1680 4250 1803 4329 impetu
1814 4250 1926 4311 famma

350 4351 489 4423 tempore
513 4344 663 4405 beneficia
681 4340 861 4424 pensantur,
880 4362 952 4405 cum
972 4344 1007 4404 in
1027 4344 1122 4409 bene-
1175 4365 1191 4401 «
1207 4345 1248 4404 lu⁴
1260 4344 1353 4405 rebus
1372 4344 1498 4423 quidem
1512 4343 1732 4417 materialibus,
1749 4343 1795 4403 ait
1815 4343 1927 4402 llam

349 4435 421 4497 ficio
434 4436 503 4515 peri
518 4436 603 4515 prior
616 4436 666 4512 sit,
679 4437 732 4515 qui
747 4437 833 4515 prior
844 4437 946 4516 coepit.
964 4436 1122 4498 Beneficus
1170 4436 1238 4507 dus,
1260 4436 1344 4496 aliud
1366 4437 1437 4512 hoc,
1457 4435 1542 4495 aliud
1554 4441 1601 4495 est
1613 4435 1701 4510 illud,
1722 4442 1754 4495 et
1767 4433 1842 4494 alibi
1859 4448 1928 4512 que·

349 4533 396 4588 cst
417 4527 514 4601 enim,
541 4529 595 4607 qui
617 4528 751 4607 gratiam
783 4528 909 4608 ceperit,
930 4527 1051 4589 debitor
1068 4530 1121 4608 qui
1169 4528 1249 4595 ritur
1262 4528 1334 4604 hoc,
1349 4528 1423 4588 alibi
1442 4527 1532 4588 illud.
1552 4529 1589 4591 br
1600 4527 1695 4588 rebus
1711 4544 1787 4587 rcro
1800 4525 1928 4605 spiritur

349 4619 550 4681 rebdcrit¹.»
1170 4620 1251 4681 libus
1263 4618 1331 4701 (hoc
1342 4625 1388 4680 est
1402 4617 1523 4699 divinis)
1534 4638 1600 4680 nou
1611 4619 1695 4680 aliud
1706 4619 1766 4699 boc
1777 4625 1926 4696 estqum

384 4939 405 4978 α
420 4920 534 4977 Ztouta.
554 4916 600 4987 Εἴη
617 4920 639 4971 δ’
661 4921 689 4972 ἂν
713 4916 728 4972 ὅ
750 4919 802 4981 θεὸς
825 4916 948 4991 εὗεργέτης
961 4918 1001 4971 καὶ
1017 4919 1117 4990 μηδέπω
1166 4920 1225 4993 πρός
1237 4936 1260 4972 τι
1276 4918 1305 4971 ab
1325 4918 1450 4990 ὠφέλιμον
1466 4917 1541 4991 ἔχειν,
1562 4918 1623 4991 μηδὲ
1645 4918 1709 4972 κατὰ
1729 4918 1828 4990 sarpeia<
1841 4914 1924 4978 τιτιςῆ

346 5003 476 5059 θεστώτων
500 5008 550 5056 τῶν
571 5001 785 5074 εὐεργετουμένων,
800 5002 834 5064 ὡς
858 5001 922 5075 ἔχων
938 4997 962 5053 tu
989 5000 1067 5072 ἑαυτῷ
1086 5000 1118 5053 τὰ
1166 4999 1298 5072 ἑπωφελὲς,
1322 5002 1337 5073 ἢ
1361 5002 1483 5074 ἄχρηστον
1509 5001 1644 5073 φαίνεσθαι·
1665 5001 1727 5072 μηδὲ
1748 5000 1795 5054 aad
1814 4999 1856 5073 μὶν
1872 4993 1924 5051 εἶναι

347 5086 520 5160 εόεργθτθῖσθαι
534 5085 667 5156 μέλλοντα,
682 5084 791 5155 salapia
811 5085 827 5151 ἢ
850 5083 910 5155 πρὸς
928 5080 1027 5155 ὕπαρξιν
1051 5083 1117 5155 ἄγειν
1165 5085 1253 5147 καλὸν,
1269 5083 1344 5155 ἑτέρῳ
1369 5084 1396 5137 δὲ
1410 5084 1438 5136 cl
1456 5089 1578 5139 taratros·
1595 5083 1652 5137 ἀλλ’
1667 5086 1727 5155 ὅπερ
1740 5086 1782 5137 rai
1799 5082 1836 5155 ἔφ’
1848 5082 1923 5135 tara

346 5170 377 5223 τὰ
385 5168 558 5242 εὖεργετθῖσθαι
568 5167 701 5238 μέλλοντα.
1166 5166 1228 5219 κατὰ
1238 5166 1281 5234 τὴν
1294 5165 1357 5219 ἰδίαν
1378 5168 1448 5239 φύσιν
1461 5166 1512 5221 ἐστὶ
1525 5167 1612 5234 καλὸν,
1629 5167 1672 5219 καὶ
1694 5169 1766 5221 παντὶ
1778 5169 1820 5220 θεῖ
1832 5168 1922 5220 aaran

382 5253 539 5309 bGaaaoa.
562 5250 679 5306 Nissen.
700 5254 768 5304 orat.
793 5248 831 5304 dc
851 5250 985 5304 abortuie.
1005 5248 1046 5309 Τίς
1059 5253 1117 5320 γοῦν
1166 5250 1284 5310 ὡσαύτως
1298 5248 1359 5321 ἔχει.
1454 5265 1456 5270 ·

345 5331 500 5406 ὁχαραιιτὴρ
522 5336 566 5399 τῆς
593 5331 706 5400 ἀληθινῆς
735 5330 902 5403 ἇγαθότητοςς
927 5331 957 5384 ab
979 5329 1012 5402 μὴ
1042 5333 1117 5402 μόνον

372 5484 382 5528 l
396 5485 455 5531 lou.
468 5483 508 5529 lit.
521 5482 541 5528 li
554 5489 611 5529 coast
624 5486 690 5531 Marc.
702 5494 751 5540 cap.
763 5494 797 5528 ιιι.
809 5505 836 5518 -
846 5483 860 5528 t
870 5484 949 5528 subc.
962 5483 986 5528 ia
998 5484 1025 5528 vt
1037 5487 1088 5531 tac.
1098 5485 1150 5530 -a
1168 5478 1227 5540 tur}
1240 5482 1331 5530 invest
1343 5495 1381 5530 su.
