3956 6168
319 334 379 395 380
825 322 1151 389 rummuicueuu
1172 270 1402 388 DOGMA'PUM.

321 495 470 577 posuisse,
484 494 537 555 sed
547 493 579 555 id
592 491 837 573 ejusdiscipulus
852 491 1023 575 (Platonem
1034 508 1090 553 au·
1140 490 1274 552 adivina
1282 496 1387 553 mente
1400 490 1902 571 differreideasmagistiumsunm

320 594 386 651 tem
399 584 1013 668 intelligit)fceisse“.Hujusmodirerum
1026 602 1092 665 spe
1142 584 1307 646 credidisse
1328 588 1485 665 putarent.
1508 584 1589 658 Quin
1612 584 1696 646 idem
1718 584 1860 646 Alcinous
1876 591 1904 647 et

322 682 385 744 cies
404 685 437 743 et
454 680 540 741 ideas
559 678 685 760 passim,
701 684 737 739 ut
752 678 828 755 disi,
849 684 1009 759 oppugnat
1026 677 1094 738 Ari-
1141 675 1307 738 lustinua¹
1336 683 1457 757 msnyr
1483 675 1640 739 affirmant
1667 677 1828 739 Platonem
1852 677 1905 738 tria

322 774 456 851 stoteles,
471 791 584 853 easque
598 772 743 852 inprime
753 770 951 833 Posteabrum
965 792 981 829 u
995 788 1094 849 nugas
1141 787 1248 831 rerum
1270 770 1424 850 principia
1450 770 1597 850 posuisse,
1619 770 1794 849 materiam,
1815 772 1905 831 mum

323 885 451 930 canoras
464 866 611 928 etinanes
620 864 790 940 cannones,
801 885 817 921 ν
834 863 989 944 appelait
1006 882 1014 923 t
1030 880 1094 942 quo
1143 868 1174 923 et
1186 862 1299 939 ideam,
1315 882 1386 943 quse
1405 863 1576 943 posteriora
1595 864 1657 924 duo
1680 863 1814 925 inunum
1827 881 1905 943 sepa-

323 960 453 1022 ncmine
470 958 630 1039 vapidavit
643 977 662 1017 a
677 955 849 1032 Platonicis,
865 957 920 1035 qui
935 957 1030 1017 mam
1043 974 1094 1016 ca·
1143 961 1225 1033 rant,
1247 975 1283 1017 ac
1295 957 1436 1017 lustinus
1458 956 1550 1017 ambo
1564 975 1658 1037 supra
1676 955 1814 1018 scelestes
1825 955 1907 1017 urbes

324 1053 454 1115 lurnniae
463 1051 566 1113 dicam
575 1050 621 1111 illi
630 1049 840 1129 impegerunt,
854 1054 1095 1130 tanquamprae·
1145 1048 1335 1110 collocariab
1348 1049 1401 1110 illc
1416 1049 1531 1110 scribit.
1543 1049 1699 1130 Fstigitur
1711 1049 1782 1110 idea
1790 1047 1907 1110 distine

325 1145 459 1226 captaris
472 1144 522 1206 sui
540 1142 726 1204 sententiam
748 1158 910 1222 perperam
922 1140 1096 1202 etfraudu·
1144 1140 1439 1221 tumaliquidalleo
1452 1161 1488 1203 ac
1501 1147 1605 1203 mente
1614 1142 1771 1204 diunaes
1784 1140 1908 1202 Platonis

326 1239 425 1301 lenter
436 1238 659 1317 interpretatus
671 1225 761 1296 esset.
1146 1234 1309 1312 sententia,
1334 1239 1366 1295 et
1391 1235 1506 1297 ideireo
1529 1235 1601 1315 jure
1627 1234 1667 1295 ab
1694 1233 1844 1314 discipulo
1867 1252 1909 1294 re

367 1333 419 1393 lV.
447 1331 565 1391 Verum
587 1327 777 1407 Philoponas
800 1325 835 1386 in
857 1326 993 1388 secundo
1016 1325 1098 1387 libro
1146 1328 1317 1407 prehensus
1338 1332 1386 1388 est
1407 1326 1580 1404 Arbtotele,
1605 1326 1690 1407 quod
1709 1334 1795 1396 statae
1815 1326 1907 1387 nesdc

327 1423 464 1486 uduuuu
473 1417 784 1497 columbensis
789 1419 962 1493 eternitate,
975 1419 1100 1499 copiosa
1147 1438 1225 1500 quas
1251 1437 1433 1481 commimes
1454 1426 1486 1481 et
1506 1425 1672 1502 separatas,
1699 1419 1789 1500 quasi
1813 1437 1908 1480 rerum

328 1514 537 1596 disputatione
555 1511 751 1574 Aristotelem
764 1511 899 1571 tuetur*.
920 1511 958 1571 Et
974 1510 1101 1572 Ammo-
1148 1531 1219 1592 quae
1233 1513 1291 1574 sub
1306 1531 1415 1575 sensus
1433 1514 1548 1575 cadunt
1561 1512 1752 1593 exemplaria
1769 1511 1907 1574 tinxisset

328 1602 1102 1687 niusinprelationemlsepopesPorphyriiasserit
1189 1605 1277 1680 Quod
1299 1611 1335 1665 ut
1356 1604 1527 1667 absurdum
1548 1606 1683 1666 vitarent
1699 1604 1797 1685 aliqui
1813 1605 1908 1666 ffldem

330 1700 636 1762 Platonemeosensu
649 1714 712 1776 quo
721 1695 761 1756 ab
769 1694 931 1757 Aristotele
939 1695 1101 1757 intellectae
1149 1716 1188 1760 ex
1200 1697 1373 1778 disciplina,
1389 1717 1426 1760 eo
1440 1697 1647 1778 confugerunt
1663 1701 1701 1758 ut
1719 1697 1805 1759 ideas
1821 1696 1909 1758 aPla·

330 1798 413 1869 suut,
428 1793 513 1854 ideas
526 1789 690 1851 invexisse.
706 1788 785 1849 Nam
803 1807 876 1850 cum
885 1789 925 1849 de
934 1788 1102 1868 generibus
1149 1795 1223 1851 tone
1236 1790 1374 1853 dicerent
1393 1810 1459 1853 non
1473 1790 1641 1871 separatim
1653 1789 1693 1851 ab
1715 1788 1911 1870 snigiilaribus

330 1905 368 1947 uc
379 1884 498 1961 formis,
514 1880 839 1945 idestuniversalibus
851 1881 972 1941 nmuiis
984 1886 1100 1960 ageret,
1150 1883 1317 1944 existentes
1335 1890 1430 1959 οὐσίας,
1454 1883 1508 1945 sed
1528 1884 1698 1963 ipsummet
1718 1900 1784 1944 esse
1812 1884 1908 1959 Deum,

331 1977 438 2040 docmt
450 1999 465 2035 u
479 1993 606 2038 aunon
615 1992 704 2055 posse
713 1973 917 2054 separatasab
930 1973 1103 2035 individuis
1151 1974 1202 2036 vel
1214 1977 1313 2056 ipsam
1332 1975 1435 2056 potius
1453 1976 1508 2037 Dei
1521 1976 1682 2036 notionem
1704 1981 1736 2037 et
1754 1975 1912 2055 intelliges

332 2070 473 2148 existere,
487 2068 585 2150 quoles
599 2086 651 2129 eas
660 2066 785 2141 formas,
796 2067 828 2128 id
842 2071 898 2141 est,
910 2065 999 2135 silem,
1011 2082 1106 2146 pone·
1152 2069 1230 2130 tiam
1239 2069 1272 2129 in
1286 2069 1354 2149 ipso
1367 2069 1564 2130 residentem.
1577 2069 1643 2143 Qua
1655 2069 1693 2129 in
1705 2087 1740 2129 re
1754 2068 1910 2130 cavendum

333 2164 387 2225 bat
399 2164 496 2239 Plato,
511 2180 581 2242 quaa
598 2165 670 2222 ante
690 2159 849 2221 individua
862 2159 1019 2220 extabant.
1035 2159 1105 2219 Non
1153 2166 1200 2222 est
1216 2159 1368 2241 theologis
1387 2163 1500 2222 nestris
1513 2160 1569 2241 qui
1587 2161 1670 2242 apud
1684 2161 1855 2223 Platonicos
1865 2160 1912 2221 ists

334 2256 420 2317 enim
441 2254 619 2334 simpliciter
641 2252 793 2328 notiones,
818 2251 887 2312 illas
904 2269 970 2312 esse
991 2251 1107 2312 formas
1153 2254 1274 2334 legunt,
1289 2253 1450 2315 nesicliei
1463 2255 1616 2323 reticueris,
1633 2255 1694 2316 hoc
1707 2261 1764 2330 est,
1778 2251 1911 2327 vtqcssb

335 2348 460 2410 artificis
473 2346 612 2427 putabat,
622 2344 813 2406 sedomnino
827 2343 1010 2404 substantias
1019 2362 1109 2425 quas
1155 2346 1217 2408 illis
1237 2346 1381 2428 usurpari
1394 2352 1516 2428 putent,
1533 2366 1595 2427 quo
1618 2347 1711 2409 modo
1732 2345 1912 2427 interpretari

335 2441 409 2503 dam
429 2438 646 2519 intelligibiles,
668 2436 703 2497 iu
727 2455 804 2517 quas
826 2436 1001 2497 intuentem
1021 2435 1109 2516 opili-
1157 2440 1216 2521 ipsi
1224 2439 1335 2517 solent,
1346 2444 1381 2500 ut
1391 2439 1430 2500 sit
1438 2458 1503 2501 una
1511 2446 1542 2501 et
1551 2439 1683 2521 simplex
1691 2439 1807 2502 divine
1816 2438 1913 2501 menis

336 2551 416 2606 cem,
430 2531 706 2610 velutarchetypas
713 2529 875 2608 imagines,
886 2527 1110 2589 haecimeriors
1158 2532 1277 2609 notitie,
1292 2532 1437 2611 idemque
1450 2550 1577 2612 prorsus
1592 2550 1664 2593 eum
1678 2532 1735 2594 Dei
1748 2531 1912 2605 substantia,

337 2623 474 2687 molirit.
504 2645 520 2681 ν
547 2624 603 2684 Hae
626 2626 699 2681 sunt
717 2620 805 2697 idere,
826 2638 903 2700 quas
923 2638 988 2681 non
1008 2619 1110 2681 solum
1158 2625 1296 2705 adeoque
1318 2623 1454 2686 increata
1475 2643 1525 2686 res
1546 2629 1578 2687 et
1604 2625 1727 2687 infinita
1751 2630 1783 2687 et
1805 2622 1914 2705 uqunls

336 2726 436 2795 νοητάς,
452 2717 486 2778 id
499 2721 555 2791 est,
572 2711 779 2794 intelligibiles,
796 2713 861 2774 sive
874 2731 941 2774 non
953 2711 1111 2774 senensed
1159 2734 1282 2780 summo
1302 2716 1446 2778 omnium
1464 2717 1585 2797 parenti
1606 2718 1681 2795 Deo,
1701 2718 1766 2779 imo
1786 2717 1861 2797 ipsa,
1879 2714 1914 2776 nti

338 2816 443 2872 mente
461 2813 630 2890 perceptas,
652 2807 705 2868 sed
726 2806 819 2867 etiam
832 2813 918 2887 νοιρὰς
937 2823 1003 2868 esse
1026 2806 1110 2867 Plato
1159 2809 1234 2885 dixi,
1250 2809 1476 2888 dicendumque
1490 2808 1664 2871 christianis
1676 2816 1733 2887 est,
1748 2811 1804 2872 Dei
1816 2812 1915 2873 douc

339 2903 477 2980 creffidit‚
488 2903 548 2963 boc
560 2905 709 2963 estmutle
721 2898 876 2960 etmtioue
889 2896 1034 2978 praeditas
1041 2898 1112 2960 sub
1160 2908 1274 2963 natum
1294 2901 1344 2962 vel
1365 2901 1539 2963 substantie.
1564 2902 1683 2964 Verum
1701 2908 1732 2964 et
1750 2901 1915 2983 multiplicas

339 2996 476 3073 stantius,
492 3001 530 3056 ut
550 3012 590 3056 ex
611 2992 765 3054 Eustratio
788 2990 894 3072 postea
916 2992 1110 3071 probabitur.
1161 3013 1197 3057 ac
1208 2994 1364 3056 distinctas
1378 2988 1479 3056 etase
1491 2993 1626 3056 invicem
1641 3000 1672 3056 et
1686 2994 1725 3056 ab
1739 3000 1860 3056 auctore
1870 3010 1914 3055 suu

340 3090 415 3151 Inde
433 3106 507 3168 ergo
527 3091 646 3149 mnstst
666 3083 860 3146 Arbtoblem
878 3089 960 3145 recte
979 3084 1114 3145 Platonis
1161 3088 1306 3149 notiones
1327 3087 1402 3149 istas
1429 3086 1493 3149 sive
1519 3089 1637 3168 species
1664 3106 1729 3150 esse
1758 3087 1913 3161 protuerunt

340 3186 480 3244 mentem
495 3178 656 3259 accepisse,
673 3196 710 3239 ac
722 3183 846 3237 sutum
859 3177 1009 3255 mudum
1029 3194 1112 3238 com·
1162 3185 1194 3241 et
1220 3181 1259 3241 ab
1282 3198 1318 3241 eo
1346 3185 1536 3242 constructas
1563 3186 1594 3242 et
1617 3180 1790 3259 fabricatas,
1814 3178 1917 3243 inierie

341 3291 454 3335 munes
466 3277 498 3334 et
510 3278 595 3341 οὐσίας
608 3288 628 3331 a
641 3270 704 3330 Deo
716 3269 851 3331 diversas
866 3268 1026 3329 Platonem
1044 3288 1115 3330 eon·
1162 3290 1273 3353 resque
1286 3272 1365 3352 ipso.

343 3365 486 3441 stituissc,
515 3380 649 3443 quarum
686 3361 923 3441 participatione
958 3361 1116 3424 sensibiles
1204 3366 1242 3427 V.
1265 3365 1308 3427 Ac
1330 3364 1475 3426 nonnulli
1498 3366 1727 3428 Platonicorum
1755 3367 1810 3447 qni
1835 3381 1916 3428 snum

344 3458 492 3520 existtmt.
508 3456 644 3530 Quodex
657 3453 785 3514 Alcinoo
793 3452 882 3515 facile
892 3454 994 3533 colligi
1003 3460 1114 3535 potest,
1165 3457 1273 3519 Libros
1293 3458 1471 3538 attigerant,
1487 3464 1518 3520 et
1529 3469 1619 3541 λόγου,
1633 3460 1694 3522 hoc
1713 3465 1771 3537 est,
1791 3458 1873 3524 Verbi
1884 3454 1917 3517 di·

344 3557 376 3613 et
396 3567 507 3613 eorum
531 3547 758 3609 Platonicorum
782 3546 934 3607 sententia
947 3547 1002 3626 qui
1022 3553 1118 3608 certu-
1167 3550 1241 3620 uiui,
1268 3550 1376 3612 crebro
1399 3550 1463 3612 illie
1485 3552 1678 3615 mentionem
1698 3552 1767 3615 lieri
1786 3552 1915 3622 ddunt

344 3662 417 3705 rum
430 3659 536 3704 rerum
557 3641 641 3702 ideas
665 3656 729 3701 esse
742 3638 844 3700 nullas
866 3646 1017 3716 assemnt,
1033 3641 1119 3702 velut
1166 3652 1243 3724 λόγον
1257 3643 1360 3724 ipsum
1378 3643 1517 3705 diunam
1531 3663 1595 3706 esse
1614 3645 1718 3708 ideam
1731 3646 1791 3707 rati
1807 3647 1880 3718 sunl,
1891 3645 1918 3700 ut

345 3735 581 3798 artificiosarum
597 3737 653 3794 aut
665 3731 775 3792 vilium
789 3732 966 3793 eudemum
980 3732 1117 3813 sbrgula-
1168 3735 1255 3796 Pliilo
1269 3736 1431 3798 Judaeus**
1452 3737 1506 3817 qui
1520 3737 1555 3798 in
1568 3736 1649 3799 libro
1662 3736 1697 3801 de
1711 3731 1918 3819 Maudiopilicb

345 3827 430 3890 rium
443 3848 450 3889 ε
462 3846 525 3908 qua
533 3824 729 3889 distinctione
738 3823 786 3886 usi
800 3843 865 3886 non
875 3831 987 3903 essent,
1000 3827 1025 3886 si
1039 3826 1120 3888 nihil
1169 3828 1326 3890 luculenta
1335 3829 1542 3911 disputatione
1552 3830 1693 3892 idearum
1706 3837 1857 3906 namnam,
1865 3842 1918 3908 pre

383 4084 405 4126 e
423 4068 512 4125 bursa.
533 4064 581 4121 lib.
604 4061 665 4120 ΧΙΙΙ
688 4058 818 4135 Metuplr.
845 4078 870 4117 e.
893 4077 930 4117 rs.
956 4058 1030 4116 Ἀλλ’
1049 4060 1122 4136 tuli
1210 4064 1355 4125 elusos.
1382 4062 1446 4121 etet
1465 4065 1513 4140 γὰρ
1539 4065 1602 4121 αὐτὰ
1626 4068 1680 4122 καθ’
1704 4066 1781 4124 ἑαυτὰ
1798 4066 1917 4144 χαρίζεσθαι

347 4155 479 4228 Σωκράτης
492 4150 522 4204 τὰ
535 4148 639 4202 καθόλου
653 4144 682 4201 oi
695 4145 808 4219 χωριστὰ
825 4143 910 4217 ἐποίει,
929 4145 985 4200 otti
999 4147 1056 4209 τοὺς
1070 4146 1123 4221 bpa-
1173 4148 1282 4203 δύναται·
1295 4144 1338 4203 οἷα
1353 4149 1383 4204 τὰ
1393 4150 1440 4222 πρὸ
1454 4156 1504 4205 τῶν
1513 4152 1616 4206 πολλῶν
1635 4151 1689 4220 εἴδη
1704 4149 1917 4207 tmtutsttttl·

348 4239 436 4311 upote,
452 4235 475 4289 ol
488 4236 511 4288 δ’
527 4231 661 4311 ἐχώρισαν,
680 4232 720 4284 καλ
734 4229 765 4284 τὰ
779 4233 883 4283 τοιαῦτα
905 4235 955 4283 τῶν
970 4229 1047 4284 ὄντων
1061 4229 1124 4293 ἰδέας
1173 4250 1232 4285 των·
1248 4231 1360 4304 οὐδὲγὰρ
1374 4231 1460 4296 ἅπλῶς
1474 4234 1570 4302 νοήσεις
1586 4232 1648 4288 αὐτὰ
1666 4229 1729 4288 εἶναι
1741 4241 1785 4290 τοῦ
1798 4236 1918 4309 δημωρρνῖ

326 4320 559 4394 ’προσηγόρευσαν
1174 4315 1296 4386 βούλεται·
1316 4315 1380 4369 ἀλλὰ
1406 4316 1504 4379 πάντως
1526 4315 1612 4381 obelus
1633 4317 1701 4382 τινὰς
1718 4319 1821 4389 νοητὰς,
1841 4316 1918 4389 spis&

386 4405 403 4460 b
422 4402 499 4459 ldem
513 4399 566 4456 inl
582 4403 650 4469 post.
668 4413 729 4469 cap.
745 4412 799 4452 xta.
819 4395 856 4450 Τὰ
869 4394 917 4469 γὰρ
933 4393 985 4465 εἴδη
1001 4397 1120 4470 χαιρέτω,
1174 4397 1306 4471 ἀφορῶντα
1315 4399 1357 4454 τὸν
1367 4398 1525 4473 δημιουργὸν,
1535 4399 1570 4462 ὡς
1580 4400 1641 4473 πρὸς
1650 4399 1803 4475 ἂρχετῦπιννς
1813 4395 1918 4461 abbati

350 4486 513 4560 τερετίσρατα
527 4482 574 4556 γάρ
590 4479 650 4537 ἐστι.
1174 4483 1232 4555 τῇδε
1246 4485 1334 4536 ποιεῖν.

385 4680 394 4700 ⁶
410 4680 535 4733 fidendum
570 4691 642 4730 necne
672 4677 703 4729 sit
724 4675 840 4729 Aristoteli
859 4679 956 4727 menum
975 4674 1077 4727 Platonis
1096 4674 1127 4726 de
1175 4673 1316 4746 Κλήμεντος
1329 4672 1436 4747 περὶτοῦ
1451 4673 1578 4742 strowe
1590 4676 1678 4729 wem
1689 4691 1724 4732 es
1736 4672 1918 4733 omunst-

352 4759 414 4812 tdcis
434 4752 555 4815 enarranti,
571 4766 655 4819 auceps
677 4756 711 4804 est
732 4757 798 4818 atquc
819 4752 843 4804 in
866 4748 1030 4816 disceptatione
1047 4749 1125 4802 situm.
1210 4754 1226 4772 ‘¹
1244 4754 1355 4808 Accidere
1376 4755 1459 4807 mirum
1481 4771 1528 4809 non
1552 4756 1628 4821 duel,
1646 4758 1710 4824 qnod
1725 4759 1861 4812 Pbitmisds
1874 4755 1919 4806 ue

352 4835 415 4888 Licet
437 4832 496 4885 enim
511 4830 585 4882 adsint
603 4829 641 4894 qui
654 4832 716 4879 tauto
735 4826 820 4879 arbitra
834 4826 897 4879 litem
920 4826 1054 4893 diremptam
1074 4839 1130 4879 cen·
1177 4830 1304 4884 doctinam
1319 4845 1364 4883 non
1378 4845 1423 4883 uno
1438 4846 1517 4885 omnes
1529 4846 1608 4897 unsa,
1623 4848 1697 4900 nque
1711 4850 1757 4887 una
1770 4848 1842 4889 unns
1855 4831 1919 4884 reim

352 4915 426 4973 seam,
448 4922 493 4962 uon
517 4904 598 4957 desunt
618 4907 693 4955 umen
716 4903 755 4969 qai
775 4903 841 4954 illum
860 4902 896 4954 vel
917 4916 995 4953 errore
1009 4900 1129 4968 deceptum
1179 4906 1330 4960 intellexerint
1350 4912 1417 4973 atque
1433 4908 1582 4975 explanariut.
1601 4910 1725 4976 lmpedltns
1746 4912 1806 4964 emm
1820 4910 1921 4976 new

353 4988 389 5041 rel
415 4983 539 5037 insidentia
562 4981 586 5032 iu
613 4983 764 5031 bennenom
791 4984 866 5031 acum
893 4978 1031 5030 existiment.
1059 4976 1078 5027 Ε
1106 4989 1131 5028 rs
1180 4988 1215 5035 est
1227 4982 1452 5045 Philusalebrosus,
1467 4983 1586 5043 absarus,
1601 4985 1685 5053 quique
1697 5000 1743 5039 non
1758 4986 1920 5038 emmam-

353 5063 422 5117 uest
450 5060 479 5113 ob
515 5057 594 5113 oculu
639 5053 723 5106 bebere
758 5068 809 5121 que
839 5053 950 5105 Eusebius
986 5049 1132 5105 Catinensis
1181 5072 1225 5126 que
1246 5058 1343 5121 uadem,
1358 5073 1425 5125 quan
1446 5059 1547 5112 dinume
1566 5066 1589 5112 ct
1604 5060 1730 5127 probabile
1743 5076 1811 5128 sque
1829 5054 1921 5128 Μ

354 5139 440 5204 aliquot
473 5135 613 5189 contuentes
645 5129 757 5197 capitibus
790 5129 877 5181 erudite
909 5128 1002 5181 disserit
1037 5126 1132 5194 (Evos-
1182 5135 1265 5187 sectari
1287 5133 1384 5186 udum,
1399 5135 1434 5186 Ab
1447 5149 1472 5186 re
1487 5149 1531 5187 00„
1551 5136 1619 5188 ruent
1639 5136 1724 5203 legum
1740 5132 1920 5190 pfflpfflffli-

355 5215 427 5279 pelte.
453 5214 586 5279 preparet.
616 5205 657 5259 tib.
682 5205 723 5259 ltl.
747 5219 815 5272 capp.
840 5201 996 5279 xxiii-xxv)
1013 5202 1133 5275 περὶτῶν
1183 5223 1263 5261 rmum
1277 5208 1387 5276 (υἰνίνίλ
1403 5209 1741 5271 ὒννι.ηονιτί1ττιι6λτὶτνί,
1754 5212 1793 5264 tib.
1808 5202 1921 5276 lieu-,ll

355 5291 424 5365 παρὰ
436 5291 553 5345 Πλάτωνι
568 5289 650 5352 ἰδεῶν,
661 5285 692 5337 de
706 5286 843 5339 Platonicis
867 5283 937 5346 ideis,
952 5282 1067 5343 Φίλωνος
1080 5280 1135 5354 περὶ
1185 5283 1260 5353 qniiu
1276 5283 1381 5338 Philonis
1393 5289 1491 5339 mentem
1504 5292 1609 5340 abeunte
1622 5287 1744 5356 bqustdt
1759 5287 1789 5341 E·
1803 5288 1830 5343 ll.

356 5379 407 5428 τῶν
421 5368 488 5443 παρὰ
501 5369 592 5425 blaesi
604 5367 686 5429 brus,
697 5367 728 5421 de
741 5364 856 5420 umbus
865 5362 928 5415 ideis
940 5376 972 5414 ee
986 5361 1098 5422 Philone,
1114 5367 1138 5415 et

385 5535 657 5586 illimatum.
