4096 6190
321 380 381 441 θθθ
886 384 1208 451 rasomonorum
1229 388 1445 450 DOGMATUM

322 550 455 611 alterum
471 548 642 609 litterarum
661 550 795 611 duarum
809 555 840 610 et
858 552 1064 631 quadraginta
1083 573 1089 613 :
1141 556 1195 635 qui
1207 574 1289 615 unus
1302 555 1445 616 omnium
1458 572 1531 615 vere
1547 553 1693 614 dominus
1705 559 1763 613 est.
1788 574 1804 607 ο
1815 552 1911 631 Hujus

323 641 361 700 dc·
375 640 488 719 quibus
501 641 580 701 mira
595 641 762 717 somniant,
777 648 812 702 ut
826 643 911 722 apud
924 645 959 704 R.
976 645 1092 705 Mosem
1142 648 1226 708 enim
1245 647 1402 726 mancipio
1416 653 1489 707 sunt
1511 646 1628 721 omnia,
1652 652 1689 706 ut
1701 645 1746 705 ait
1760 644 1849 704 Philo
1861 646 1912 706 Ju-

323 730 486 811 legimus¹.
1142 740 1237 815 doeus,
1254 758 1313 799 usu
1325 757 1398 800 vero
1412 740 1573 814 duntaxat,
1589 745 1749 799 ereatura.
1769 736 1854 797 Nihil
1865 738 1911 797 in·

364 825 560 904 iosephusin
569 825 648 887 libro
662 824 792 887 sertode
805 825 945 902 Excidio,
960 848 1026 909 cap.
1040 847 1091 903 xv,
1142 831 1220 910 quit,
1245 831 1279 891 in
1302 837 1488 911 perpetuum
1510 836 1660 892 meaturce
1678 830 1736 890 ulli
1757 829 1911 905 venditur,

324 935 441 977 nomen
459 917 513 977 Dei
533 922 807 996 uuafflammaton
833 919 877 980 ait
903 938 969 981 esse
991 930 1094 1003 τέτταρα
1142 928 1292 1001 tanquam
1315 942 1397 984 unus
1416 923 1466 997 sit,
1487 923 1528 983 ad
1540 939 1635 1001 quem
1653 921 1779 1002 proprie
1801 928 1914 1001 spectat

325 1019 462 1088 φωνήεντα,
477 1009 596 1069 vocales
615 1016 759 1088 quatuor.
776 1012 855 1071 Nam
875 1030 938 1071 non
952 1014 1053 1074 solum
1068 1031 1092 1090 ι,
1143 1015 1284 1075 omnium
1293 1016 1499 1095 possessio⁶.»
1518 1015 1606 1087 Quod
1619 1015 1763 1093 deinceps
1777 1014 1914 1074 lueulcu-

326 1106 357 1160 et
370 1116 393 1173 t,
413 1101 467 1162 sed
485 1101 581 1161 etiam
594 1111 626 1176 n,
642 1101 748 1162 vocalis
765 1102 824 1163 tuit
848 1104 931 1182 apud
951 1107 1095 1186 antiquos
1142 1111 1190 1166 ter
1208 1108 1352 1168 ostendit.
1369 1109 1405 1167 Et
1417 1106 1609 1185 Augustinus
1628 1106 1662 1166 in
1673 1105 1827 1167 Psatmum
1842 1122 1914 1166 ms.

327 1192 483 1265 Hebraeos,
499 1194 679 1272 priusquam
693 1200 809 1273 puncta
823 1195 942 1255 vocalia
955 1200 1094 1259 succede·
1148 1218 1163 1254 a
1178 1198 1230 1258 [lle
1254 1216 1317 1259 uon
1343 1205 1414 1278 eget
1434 1200 1557 1259 nostri:
1583 1217 1640 1258 nos
1659 1215 1787 1277 egemus
1809 1199 1914 1276 ipsius

326 1291 396 1345 rent
419 1305 426 1345 :
452 1287 537 1364 qnod
558 1287 720 1347 inventum
748 1287 803 1366 qui
825 1306 889 1347 non
913 1288 1095 1369 Hieronymi
1146 1291 1217 1350 ldeo
1230 1309 1322 1351 verus
1336 1290 1491 1352 dominus.
1509 1293 1706 1352 Namtunon
1722 1291 1813 1350 valde
1826 1308 1917 1349 verus

327 1378 440 1437 saeorrlo
454 1379 546 1456 longe
561 1379 714 1440 recentius
728 1380 875 1458 agnoscit,
896 1381 1032 1443 multum
1046 1383 1095 1445 rel
1145 1382 1290 1442 dominus
1312 1383 1474 1443 servitui.
1499 1382 1599 1443 Ambo
1627 1382 1769 1443 homines
1791 1401 1799 1442 :
1824 1381 1917 1442 ambo

329 1469 500 1531 Hebraismi
522 1471 619 1546 rudis,
644 1473 693 1532 vel
715 1472 858 1552 pertirrax
878 1477 934 1532 est.
964 1475 1006 1534 De
1033 1495 1095 1554 quo
1145 1480 1270 1552 egentes
1281 1476 1380 1535 Deo.»
1398 1475 1435 1535 Et
1454 1475 1495 1534 ad
1507 1474 1663 1535 Pictorum
1681 1491 1786 1547 insui,
1809 1474 1868 1532 suh
1881 1474 1915 1534 li-

328 1561 401 1621 alibi
415 1562 515 1641 plura
528 1564 736 1643 Hieronymus
748 1582 821 1624 sane
835 1564 868 1623 in
885 1564 1097 1640 Quaestioutiius
1145 1585 1229 1641 nem,
1244 1568 1285 1627 ad
1297 1567 1350 1627 illa
1363 1567 1469 1641 verba,
1482 1565 1524 1628 Et
1534 1574 1717 1647 cognoscant,
1728 1565 1800 1646 quia
1815 1584 1918 1625 οοοιοιι

329 1653 483 1715 Hebraicis
504 1656 536 1715 ia
562 1655 705 1731 Genesim,
726 1657 896 1717 liuaama
917 1674 973 1736 par
995 1677 1014 1719 a
1037 1660 1097 1739 legi
1146 1658 1201 1718 tibi
1222 1658 1374 1733 Dominus,
1398 1661 1596 1737 «Tanquam,
1614 1658 1727 1736 iuquit,
1750 1676 1810 1717 nee.
1832 1676 1916 1733 vero,

329 1746 446 1819 asserit,
457 1746 510 1807 uhi
520 1748 583 1825 agit
596 1751 634 1809 dc
648 1751 774 1810 nomine
788 1746 910 1809 Abram.
926 1750 1032 1831 ltaque
1046 1771 1096 1813 eo-
1146 1770 1203 1812 nee
1218 1769 1274 1811 suo
1285 1751 1411 1811 nomine
1425 1756 1656 1830 nuncupentur,
1669 1750 1859 1828 quicumque
1868 1750 1917 1809 alii

328 1838 503 1916 gitaudum,
528 1858 569 1900 an
594 1860 710 1903 nomen
733 1842 808 1904 illud
832 1864 912 1921 nint,
939 1845 1036 1905 Graeci
1055 1846 1097 1905 ita
1146 1842 1266 1902 domini
1279 1843 1491 1917 nominantur,
1515 1843 1665 1921 quoniam
1687 1842 1841 1902 semiliter
1863 1842 1917 1902 do

329 1931 489 2010 concipere
510 1933 591 1993 soliti
608 1934 723 1995 tuerint
746 1944 820 2013 taut,
840 1944 876 1999 ut
893 1943 971 1999 esset
985 1937 1099 1997 littera-
1147 1936 1319 2005 minantur,
1335 1941 1452 1995 atvero
1465 1935 1596 1995 Domino
1611 1934 1782 2013 comparati
1797 1934 1919 1995 uecdo

328 2040 400 2081 rum
413 2030 563 2102 quatuor;
579 2045 635 2105 pro
658 2046 721 2106 quo
744 2029 866 2109 irrepsit
881 2050 920 2091 ex
940 2047 1044 2090 errore
1065 2030 1098 2090 in
1148 2027 1226 2088 mini
1244 2034 1327 2088 sunt.
1340 2048 1355 2084 ιι

329 2133 421 2175 usum
446 2134 645 2178 communem
660 2120 801 2182 trilittera
825 2142 885 2182 ror
900 2130 957 2195 ἰαὼ,
974 2127 1099 2200 propter
1187 2121 1225 2180 V.
1248 2120 1336 2193 Quod
1349 2137 1464 2198 magno
1486 2119 1730 2179 Ghmtianonrm
1753 2119 1868 2198 probro
1887 2121 1918 2181 in

329 2207 530 2286 euphoniam,
542 2211 591 2269 cui
601 2213 730 2290 repetitu
744 2215 855 2275 vocalis
866 2215 966 2294 prima
981 2213 1097 2273 obstre·
1147 2211 1206 2285 his,
1222 2230 1292 2290 quas
1309 2211 1436 2285 habent,
1452 2220 1584 2271 summae
1598 2210 1767 2287 majestatis
1781 2214 1918 2293 propria,

330 2317 403 2379 pere
416 2301 548 2362 videtur.
1148 2304 1336 2382 confingere,
1363 2303 1498 2382 graviter
1528 2303 1767 2381 Chrysostomus
1789 2323 1920 2384 cunque

370 2394 459 2452 Nunc.
480 2394 594 2471 passim
616 2394 761 2474 obtinuit,
786 2405 821 2459 nt
846 2397 957 2458 Jchoua
984 2416 1100 2458 nomen
1148 2395 1229 2456 ritur
1262 2395 1390 2455 homilia
1413 2410 1442 2454 rx
1472 2394 1503 2454 in
1526 2396 1620 2462 Actu:
1641 2394 1730 2471 eujus
1754 2395 1852 2455 rerba
1872 2396 1919 2456 liic

330 2485 411 2545 istud
424 2485 531 2545 Latine
544 2489 809 2565 pronuntiaretur,
826 2491 910 2569 quod
923 2495 995 2550 aute
1010 2490 1098 2550 Gala-
1149 2487 1279 2565 legenda
1290 2493 1364 2548 suut
1380 2507 1387 2546 ε
1408 2487 1581 2561 afflrristus,
1597 2486 1709 2565 inquit,
1725 2488 1824 2547 nostri
1845 2488 1919 2548 adeo

330 2577 432 2637 tinum
452 2595 545 2637 nemo
563 2597 727 2658 usurpasse
745 2582 910 2643 cereditur’.
936 2584 974 2643 Et
995 2600 1101 2642 veroa
1149 2580 1302 2639 rationem
1311 2579 1415 2651 habet,
1426 2586 1528 2658 utper
1541 2578 1919 2658 propriumcaputjurare

330 2667 484 2747 plerisque
507 2670 753 2749 reprehenditur,
769 2680 804 2733 ut
826 2693 845 2734 a
867 2675 1064 2736 Genehrardo
1075 2672 1098 2749 ³,
1151 2671 1322 2750 prohibeat.
1339 2672 1378 2732 At
1391 2689 1448 2731 nos
1461 2672 1505 2731 ita
1524 2669 1678 2746 majestati
1693 2672 1748 2730 Dei
1767 2689 1832 2731 nou
1849 2691 1918 2752 par-

331 2761 386 2839 qui
421 2762 558 2821 nativam
595 2766 879 2841 pronuntiationem
916 2771 1004 2846 putat
1036 2784 1100 2825 esse
1150 2763 1259 2833 riman,
1275 2768 1310 2823 ut
1324 2763 1439 2843 ubique
1464 2763 1567 2842 ipsum
1589 2762 1763 2822 trahamus,
1784 2764 1918 2835 Nescitis,

331 2851 432 2927 letus,
449 2853 488 2913 ab
502 2857 893 2934 nta,quemadmodumab
906 2858 1099 2933 miiitum
1150 2854 1226 2933 quid
1248 2856 1287 2915 sit
1307 2857 1398 2930 Dens,
1423 2861 1454 2914 et
1481 2873 1543 2932 quo
1566 2872 1619 2913 ore
1642 2854 1682 2913 sit
1707 2854 1918 2933 appellandus.

333 2944 442 3019 lihieh,
454 2946 523 3006 ecit.
540 2947 591 3022 Ut,
607 2965 679 3007 eum
694 2950 825 3009 Deuade
839 2951 937 3029 seipso
951 2950 1099 3028 loquium,
1151 2947 1278 3021 Verum,
1303 2947 1328 3006 si
1341 2946 1419 3007 forte
1438 2947 1476 3007 de
1499 2946 1602 3024 aliquo
1623 2944 1723 3024 probo
1737 2952 1769 3006 et
1793 2947 1919 3008 hanimo

331 3037 434 3096 vocari
452 3055 484 3097 se
506 3039 588 3099 dicat
610 3057 685 3109 murt
708 3041 815 3115 Ehieh,
840 3061 907 3109 cro:
931 3060 1003 3102 eum
1022 3042 1102 3102 alius
1151 3039 1217 3098 viro
1235 3039 1403 3118 loquimur,
1430 3039 1530 3099 dicere
1552 3038 1702 3111 solemus,
1727 3037 1819 3098 ablue
1838 3041 1920 3118 prius

331 3128 480 3208 loquitur,
503 3133 627 3191 tertiam
645 3150 809 3210 personam
832 3135 995 3213 exprimat.
1021 3136 1102 3194 Sane
1151 3149 1185 3190 os
1205 3137 1307 3206 tuum,
1332 3149 1428 3210 quam
1450 3130 1540 3191 illum
1562 3130 1716 3190 nominas.
1741 3132 1786 3191 Aa
1807 3149 1919 3193 nomeu

332 3222 406 3283 Jove
425 3222 604 3303 illud,quod
621 3224 757 3303 Angelus
777 3226 924 3286 Caninius
943 3223 1100 3305 usurpat⁸,
1150 3223 1228 3284 illud
1241 3224 1421 3303 pretiosum.
1435 3223 1519 3302 quod
1533 3222 1660 3282 nomine
1673 3223 1760 3281 omni
1774 3229 1919 3301 prosun-

333 3320 368 3374 ut
381 3321 411 3375 et
424 3314 533 3376 Jclroeu
553 3315 719 3377 confictum
739 3317 872 3393 videtur,
886 3324 918 3378 et
930 3324 976 3378 est
988 3317 1100 3377 veteri·
1151 3315 1212 3375 tius
1232 3321 1289 3390 est,
1305 3316 1389 3394 quod
1410 3334 1466 3394 per
1487 3320 1587 3375 totam
1606 3320 1724 3373 terram
1742 3313 1920 3376 admirabile

333 3408 391 3467 bus
413 3409 573 3485 ignotum,
600 3427 619 3468 a
643 3427 706 3487 quo
729 3409 829 3469 Joucru
857 3428 950 3470 suum
972 3410 1103 3487 gentiles
1152 3412 1213 3481 est,
1239 3408 1324 3487 quod
1351 3407 1511 3467 audientes
1539 3406 1697 3466 daemones
1723 3404 1919 3481 humescunt,

334 3500 501 3561 commenti
519 3505 602 3560 sunt.
622 3501 680 3561 Pro
697 3501 757 3562 hoe
769 3518 843 3561 vero
859 3501 968 3580 legunt
982 3501 1103 3561 Hebraei
1152 3499 1327 3579 promiscuo
1342 3498 1376 3559 in
1386 3517 1445 3559 usu
1458 3498 1635 3558 ferimus.0
1650 3498 1919 3559 eomueurdimml

335 3606 418 3659 titire
441 3590 568 3667 Adonai,
592 3593 676 3671 quod
695 3599 740 3653 est
763 3592 916 3670 Dominus,
934 3599 1048 3668 vetere,
1069 3599 1104 3654 ut
1153 3588 1764 3670 lndeenimcontemptumesseeoepit‘a
1777 3591 1814 3649 Et
1832 3607 1919 3651 mox:

335 3689 481 3761 apparet,
509 3683 667 3761 institut03
697 3685 746 3745 cui
774 3690 805 3745 ct
833 3701 886 3745 nux
921 3685 1104 3764 interpretes
1156 3683 1311 3756 «Nonne,
1332 3701 1404 3744 cum
1425 3681 1710 3755 Deusnominatur,
1724 3681 1837 3742 horror
1855 3683 1921 3761 qui·

335 3775 493 3853 suffragati
507 3782 590 3851 sunt,
605 3778 660 3855 qui
673 3777 787 3858 ubique
801 3794 917 3838 nomen
929 3779 1010 3851 κύριος
1021 3777 1104 3838 illius
1153 3774 1226 3835 dam
1243 3773 1390 3835 invadere
1413 3792 1470 3834 nos
1494 3771 1642 3834 deberet?
1656 3772 1750 3851 Atqui
1771 3774 1856 3852 apud
1867 3774 1922 3834 Ju-

336 3865 403 3926 loso
421 3867 657 3943 substituerunt,
682 3870 791 3948 magis,
810 3875 996 3948 utapparet,
1017 3887 1104 3930 reve·
1154 3866 1236 3927 daeos
1254 3872 1319 3927 tam
1334 3871 1501 3944 augustum
1524 3865 1602 3925 illud
1622 3882 1740 3925 nomen
1757 3864 1826 3940 fuit,
1843 3866 1921 3926 utin

336 3959 443 4020 rentiae
466 3979 569 4035 eausa,
599 3980 693 4041 quam
716 3962 799 4040 quod
821 3979 894 4020 vera
919 3960 1001 4020 illius
1027 3967 1106 4022 esset
1153 3958 1277 4019 laurinis
1302 3958 1538 4031 inscriberetur3
1564 3974 1622 4017 nee
1649 3956 1706 4016 ulli
1734 3963 1856 4035 gestam
1879 3956 1923 4017 tas

336 4049 442 4129 ignota
454 4053 597 4132 prolatio.
613 4054 673 4114 Sed
694 4052 799 4131 vulgo,
824 4072 859 4112 ae
874 4052 988 4132 passim
1002 4052 1105 4113 efferri
1154 4056 1243 4125 esset,
1259 4051 1319 4111 nisi
1332 4067 1455 4111 summo
1473 4048 1622 4128 pontifici.
1639 4049 1727 4109 Nunc
1739 4054 1856 4123 autem,
1871 4068 1922 4108 re·

337 4161 401 4203 non
424 4144 553 4223 placuit3
577 4151 613 4205 ut
631 4164 671 4205 ne
686 4145 910 4224 pronuntiandi
929 4144 1105 4205 assiduitate
1154 4143 1201 4203 lut
1213 4160 1281 4203 rem
1302 4143 1439 4221 aliquam
1454 4140 1682 4219 despicabilem,
1703 4158 1818 4201 nomen
1830 4142 1924 4220 ipsius

337 4235 504 4297 vilesceret.
515 4238 595 4297 Nam
604 4243 635 4297 et
649 4238 765 4316 alioqui
778 4255 884 4297 revera
897 4244 982 4313 κυρίου
990 4254 1106 4297 nomen
1155 4233 1398 4295 enoumferimus
1407 4242 1430 4294 ⁰.
1441 4254 1456 4291 u
1468 4233 1540 4293 Huc
1560 4232 1805 4312 chrysostomus.

339 4329 402 4390 Deo
424 4330 636 4409 potissimum,
660 4336 690 4390 et
717 4329 774 4390 soli
797 4329 919 4408 proprie
944 4329 1105 4404 convenit;
1196 4327 1248 4387 Vl.
1272 4326 1359 4399 Quod
1378 4326 1417 4387 ad
1438 4343 1553 4387 nomen
1570 4323 1695 4386 Eiokim
1719 4327 1840 4401 attinet,
1860 4324 1925 4403 ejus

376 4669 397 4709 a
410 4652 492 4708 Prusa
514 4651 561 4708 lib.
578 4652 614 4709 de
638 4650 802 4707 Cherubim.
824 4651 912 4719 Κτήσει
928 4649 971 4722 μὲν
983 4649 1015 4704 τὰ
1028 4648 1108 4703 πάντα
1159 4648 1221 4712 θεὸς,
1233 4647 1275 4700 καί
1289 4646 1369 4708 ποίοις
1382 4648 1488 4718 στόμασι
1506 4646 1631 4699 καλεῖσθαι
1651 4645 1751 4716 θφιῠνει.
1769 4644 1826 4699 ἁλλ’
1841 4649 1869 4700 ἄν
1884 4646 1925 4719 μίν

338 4739 402 4800 θεοῦ,
418 4739 503 4809 χρήσει
516 4736 542 4790 δὲ
558 4738 631 4808 μόνον
644 4735 760 4807 γενέσεώς
775 4733 835 4788 ἔστι.
845 4734 948 4805 βεθαίως
961 4733 1017 4806 γὰρ,
1025 4733 1107 4802 φησίν,
1160 4731 1214 4803 περὶ
1229 4730 1294 4791 τινθς
1307 4730 1411 4802 λέγομεν
1431 4729 1517 4803 ἀνδρὸς
1536 4727 1661 4801 ἐναρέτου,
1684 4728 1774 4802 φαμὲν,
1790 4729 1926 4785 &uidam

340 4818 410 4874 ουδὲν
423 4819 502 4873 οθδενὶ
513 4820 633 4891 πέπραται
648 4823 697 4871 τῶν
709 4816 732 4870 ἔν
747 4818 849 4890 γενέσει,
869 4815 902 4878 ὡς
917 4818 946 4868 ἂν
956 4814 1013 4876 ιἑνὸς
1028 4815 1107 4876 θντος,
1160 4814 1189 4868 τὸ
1202 4815 1284 4885 στόμα
1298 4833 1353 4879 σου,
1364 4812 1405 4864 καί
1416 4812 1482 4866 οὕτω
1499 4814 1627 4884 μνήσθητι·
1643 4813 1695 4865 νυνί
1710 4812 1739 4866 τθ
1753 4812 1833 4884 τίμιον
1851 4814 1927 4885 ὄνομα

340 4896 370 4956 οῦ
380 4903 467 4975 κυρίως
476 4902 588 4974 βεθαίαή
604 4907 652 4955 τῶν
668 4902 734 4955 θλων
744 4905 837 4968 κτῆσις.
1160 4898 1189 4952 tl>
1203 4897 1263 4968 θτὲρ
1273 4899 1321 4951 πᾶν
1331 4896 1420 4968 ὄνομα,
1436 4896 1618 4968 tetraptoton
1632 4895 1655 4949 a
1673 4897 1738 4969 πάσῃ
1753 4902 1796 4970 γῇ,
1814 4897 1926 4968 discipo-

377 4986 513 5041 bCuurs.
532 4986 611 5041 llum.
630 4988 703 5040 ixia
718 4988 806 5040 Actu.
828 4983 908 5037 Ἀλλὰ
922 4983 936 5035 θ
950 4981 993 5054 μὶν
1008 4981 1110 5053 Χριστὸς
1159 5000 1198 5043 νες
1212 4981 1340 5042 ἀκούοντες
1366 4979 1515 5051 φρίττουσιν,
1544 4979 1629 5040 ἁπλῶς
1648 4980 1819 5051 περισύρομαι.
1845 4983 1867 5033 ὢ
1888 4986 1928 5045 τῆς

340 5070 418 5131 οὕτως
439 5067 510 5141 ἡμῶν
533 5069 650 5140 φείδεται,
669 5068 703 5130 ὡς
714 5067 814 5120 κωλύειν
828 5067 869 5118 καὶ
891 5066 953 5120 κατὰ
967 5070 1010 5134 τῆς
1023 5064 1111 5126 οἰκείας
1161 5064 1296 5133 συνηθείας·
1310 5062 1358 5116 tat
1372 5061 1419 5135 γὰρ
1432 5062 1520 5129 ταύτης
1530 5063 1628 5134 γέγονεν
1641 5060 1861 5134 εὐκαταφρόνητον,

341 5152 438 5226 ὀμνθειν
451 5154 566 5226 κεφαλῆς.
593 5151 662 5224 ἡμεῖς
675 5151 702 5204 δὲ
717 5149 965 5221 οὕτως’ἀφειθοῦμεν
980 5151 1023 5215 τῆς
1040 5146 1111 5215 δόξης
1198 5147 1314 5203 ullor:
1334 5144 1428 5215 Οθγθιρ
1441 5145 1526 5215 φρίκην
1547 5144 1596 5198 ἔθει
1611 5145 1729 5217 γενέσθαι,
1749 5144 1928 5217 ὀνομαζομένου

342 5241 385 5303 τῆς
394 5242 438 5291 τοῦ
452 5238 516 5301 θεοῦ,
526 5237 560 5298 ὣς
571 5239 698 5308 πανταχοῦ
713 5233 784 5287 αθτθν
801 5234 888 5286 ἕλκειν.
904 5232 948 5285 οῦκ
957 5230 1009 5285 lore
1022 5231 1047 5283 τί
1060 5228 1111 5286 ἐστι
1162 5234 1206 5283 τοῦ
1220 5230 1291 5294 θεοῦ,
1306 5226 1363 5281 ἀλλ’
1378 5226 1417 5281 ἐπὶ
1431 5228 1473 5299 μὲν
1489 5226 1623 5281 Ἰουδαίων
1637 5228 1716 5290 οὕτως
1726 5227 1801 5281 αὐτοῦ
1812 5228 1842 5281 τθ
1854 5228 1929 5298 ὄνομ

369 5484 379 5525 1
395 5480 464 5586 :trial
464 5483 541 5587 m,
555 5493 604 5537 cap.
624 5493 674 5526 ιιιι,
690 5502 717 5513 -
736 5479 751 5523 2
774 5479 927 5524 VldsBurtor.
943 5479 965 5521 ln
988 5478 1050 5523 rhea.
1072 5478 1094 5521 in
1112 5466 1176 5520 utu.
1195 5496 1222 5509 -
1243 5473 1408 5519 adauctu-ud.
1429 5472 1451 5517 iu
1471 5474 1531 5517 Ριαί.
1551 5484 1620 5516 urru
1637 5479 1660 5515 et
1679 5472 1720 5520 liu.
1740 5473 1748 5517 1
1767 5474 1793 5517 da
1813 5474 1892 5519 aaut.
1906 5494 1933 5509 -

343 5545 357 5588 ί
368 5544 391 5586 Li
410 5576 414 5586 .
525 5574 531 5595 .
546 5556 566 5587 c.
578 5557 594 5588 ι.
