4096 6190
418 395 468 457 DE
488 396 561 458 ΒΕΘ
583 398 725 473 DEIQUE
746 399 1087 474 PROPRIETII'I'IBUS,
1111 398 1183 460 LIB.
1205 398 1286 475 VIII,
1309 398 1393 461 CAP.
1417 398 1468 460 IX.
1682 400 1739 458 677

151 554 248 617 dolum
265 559 483 638 Apostolorum.
505 584 521 621 a
544 564 599 625 Dei
621 566 859 645 appellationem
877 568 921 627 ait
971 567 1034 628 cari
1053 566 1106 640 ait,
1136 587 1152 622 u
1180 565 1401 645 principaliter,
1418 570 1450 624 et
1474 570 1738 643 consequenter.»

152 666 217 709 esse
239 650 427 727 subeuntia,
451 655 516 715 sive
534 657 655 717 timoris
672 658 776 720 divini.
801 680 816 716 s
834 660 922 733 Quod
972 657 1183 737 Principaliter
1195 658 1238 717 ait
1246 657 1380 736 exprimi
1397 662 1495 716 «octo
1504 656 1613 716 modis.
1625 656 1743 716 Dicitur

153 741 192 802 de
204 743 316 803 timore
328 744 436 823 injicit,
451 747 483 808 id
494 765 532 808 ex
547 748 671 810 Arbitio
694 757 854 812 mutuatus
864 758 919 825 est,
971 750 1055 811 enim
1082 757 1137 811 ant
1163 752 1253 825 Deus,
1288 755 1343 811 aut
1374 750 1534 824 Dominus,
1569 754 1624 809 aut
1650 748 1742 808 slmul

153 834 241 911 cujus
266 837 432 914 protritum
455 841 587 916 esthoc;
620 843 777 921 «primus
800 844 833 903 in
848 843 922 905 orbe
971 841 1121 902 Dominus
1150 843 1241 911 Deus,
1270 848 1324 903 aut
1350 841 1482 916 adunat,
1518 847 1572 900 aut
1595 839 1740 915 Sabaoth,

153 926 232 986 Deos
249 926 320 987 fecit
339 929 441 991 timor.
458 952 474 988 a
491 933 569 994 Vide
596 933 748 995 isidorum
772 935 852 996 libro
867 936 921 995 IIII
971 939 1026 994 aut
1037 934 1116 1006 Heli,
1129 939 1183 994 aut
1195 934 1294 1008 Heloi,
1311 940 1366 993 aut
1380 938 1436 993 est.
1449 932 1531 993 Nihil
1545 931 1631 992 enim
1645 931 1739 1004 alind,

155 1017 325 1098 Otiyinum·
547 1014 550 1021 ’
971 1044 1067 1105 quam
1080 1027 1179 1087 Deum
1192 1026 1365 1087 haecverba
1382 1025 1566 1104 significant.
1587 1025 1653 1084 Duo
1671 1029 1741 1083 tan·

193 1110 245 1170 Vl.
261 1112 323 1172 Neo
336 1113 521 1195 obstat,qu0
539 1117 642 1178 minus
657 1126 763 1195 οὖσιώδη
791 1119 853 1179 sint
866 1120 924 1179 ista
971 1123 1040 1177 tum
1060 1136 1288 1198 nonnunquam
1306 1123 1337 1179 et
1350 1117 1470 1178 dealiis
1492 1115 1619 1176 abusive
1634 1115 1742 1176 dicun·

73 1198 78 1207 '
153 1201 303 1263 vocabula
329 1213 400 1282 θεὸς,
430 1213 461 1267 et
488 1211 579 1285 Deus,
601 1211 684 1288 quod
706 1211 756 1271 vel
777 1212 923 1272 ereamris
971 1214 1034 1287 tur,
1051 1211 1141 1279 Deus,
1164 1216 1195 1272 et
1208 1213 1367 1282 Dominus,
1383 1215 1460 1270 teste
1474 1208 1580 1269 Paulo.
1598 1207 1742 1283 Quoniam

154 1297 435 1370 communicantur,
455 1300 505 1361 vel
518 1301 558 1361 ad
572 1301 695 1362 easdem
708 1303 924 1386 relut‘apeasoe
972 1302 1021 1363 dii
1033 1302 1130 1380 multi,
1145 1311 1174 1363 et
1187 1302 1299 1363 dommi
1307 1302 1400 1363 multi
1411 1300 1440 1377 1;
1458 1302 1577 1381 reliqua
1597 1317 1672 1360 vero
1689 1318 1743 1359 sex

154 1384 310 1448 dicunmr.
333 1391 412 1450 Nam
425 1396 456 1452 et
481 1401 543 1467 troi,
558 1412 594 1454 ac
607 1392 653 1453 dii
671 1397 874 1456 nominantur
889 1395 924 1455 in
972 1412 1135 1473 nunquam
1148 1395 1209 1455 nisi
1221 1396 1260 1456 de
1273 1396 1336 1456 Deo
1350 1395 1507 1455 dicuntur.
1522 1415 1538 1451 a
1554 1393 1625 1452 Ham
1639 1396 1741 1452 alitem

154 1478 319 1557 Scripturis
340 1483 502 1545 excellenti
527 1485 676 1564 dignitate
708 1472 841 1566 praediti,
870 1488 924 1566 qui
976 1505 1079 1547 cnon
1106 1487 1258 1565 quidest,
1284 1487 1338 1547 sed
1365 1486 1437 1565 ipris
1457 1491 1503 1545 est
1530 1506 1545 1542 u
1571 1483 1743 1563 significare

153 1572 269 1632 summi
280 1575 420 1636 numinis
428 1576 694 1657 effigiempropius
702 1580 736 1639 in
745 1580 834 1640 terris
845 1579 923 1640 reie-
973 1579 1064 1653 dioit;
1081 1579 1156 1658 quid
1175 1579 1261 1639 enim
1277 1579 1315 1639 sit
1336 1579 1417 1638 Deus
1437 1576 1657 1656 comprehendi
1678 1593 1744 1635 non

154 1668 247 1737 runt;
263 1670 294 1725 et
307 1667 389 1728 Deus
411 1668 555 1743 abraam,
584 1671 679 1744 isaac,
708 1678 740 1731 et
752 1672 859 1744 Iacob,
876 1672 925 1732 vel
973 1675 1083 1749 potest.
1099 1691 1114 1729 a
1133 1672 1172 1732 At
1192 1676 1416 1750 consequenter
1438 1668 1627 1748 significatur
1650 1669 1741 1742 Deus,

156 1754 237 1815 Deus
261 1757 455 1832 Judaeorum,
483 1779 519 1821 ac
532 1763 674 1840 gentium
698 1773 837 1823 vocatur.
855 1765 925 1824 Non
977 1785 993 1821 u
1010 1781 1082 1823 eum
1096 1781 1253 1843 personas,
1270 1768 1324 1822 aut
1342 1762 1565 1841 operationem,
1578 1765 1632 1821 aut
1650 1760 1742 1820 colla-

153 1844 196 1919 id,
212 1847 351 1926 inquam,
372 1851 527 1929 prohihet,
540 1854 617 1932 quin
641 1856 764 1935 proprie
782 1856 923 1916 substan-
972 1855 1092 1915 tionem
1115 1856 1181 1934 ejus
1208 1855 1247 1915 ad
1273 1860 1427 1915 creaturas
1462 1853 1619 1931 Scriptura
1646 1851 1743 1929 signi-

153 1936 230 1999 tiam
256 1942 354 2019 ipsam
372 1944 427 2003 liei
447 1945 613 2023 significet3
629 1947 770 2026 quamvis
795 1947 925 2008 Basilius
972 1945 1053 2007 licat.
1068 1969 1084 2004 a
1103 1948 1153 2023 Ut,
1163 1965 1235 2007 cnm
1242 1947 1364 2007 Patrem
1371 1946 1512 2019 dicimus,
1525 1966 1541 2001 u
1550 1943 1744 2022 ilcetprimus

153 2030 282 2108 epistola
290 2050 379 2109 cxxx,
394 2046 449 2097 θεοῦ
463 2055 579 2098 nomen
592 2039 661 2099 ideo
675 2040 843 2111 portendit,
859 2058 924 2100 non
973 2039 1096 2100 auditus
1115 2044 1315 2118 generantem
1338 2038 1497 2117 significet,
1521 2042 1744 2115 consequenter

154 2121 541 2200 significaresubstantiam
550 2130 661 2208 ipsam,
673 2131 822 2210 quoniam
836 2132 925 2192 idolis
972 2137 1078 2192 tamen
1110 2131 1314 2210 intelligimus
1340 2133 1449 2191 Deum.
1478 2131 1526 2204 Et,
1557 2146 1629 2188 oum
1656 2127 1741 2203 dicit,

154 2213 394 2297 hominibusque
402 2222 801 2300 nonnunquamtribuitur,
815 2241 924 2284 verum
973 2224 1183 2303 Omnipotens,
1210 2224 1281 2285 lieet
1300 2223 1511 2305 operationem
1533 2220 1600 2299 ejus
1624 2219 1744 2299 primus

153 2312 315 2383 (protenus,
327 2315 358 2370 et
370 2329 433 2389 quo
446 2330 538 2372 sensu
547 2321 663 2385 οὐσιῶδες
676 2315 793 2375 censeri
802 2315 922 2388 debeat,
972 2333 1074 2375 sermo
1088 2316 1259 2388 denuntiet,
1287 2318 1510 2393 consequenter
1523 2318 1628 2372 tamen
1651 2311 1743 2371 intel·

153 2415 194 2457 ex
207 2401 458 2463 antecedentibus
471 2404 579 2483 quuet.
596 2406 677 2466 Tum
691 2424 776 2481 vero,
789 2425 861 2467 aum
875 2408 924 2468 vel
973 2406 1098 2483 ligimus
1112 2408 1222 2468 Deum.
1239 2428 1254 2463 a
1273 2405 1332 2480 Qui
1346 2405 1455 2466 Iunilii
1465 2405 1551 2465 loeus
1578 2401 1745 2483 precluus

153 2490 251 2551 Groeci
264 2494 430 2555 articulum
444 2495 572 2571 addunt,
588 2504 624 2557 ut
637 2498 676 2558 sit
690 2507 775 2574 tica,
791 2499 840 2559 vel
858 2500 923 2560 sine
972 2504 1028 2573 est,
1044 2505 1075 2559 et
1096 2504 1320 2559 consentaneus
1345 2498 1395 2573 iis,
1421 2515 1491 2576 qua
1518 2497 1556 2557 de
1579 2497 1745 2556 nominum

151 2583 283 2645 articulo
297 2588 453 2667 precipuo
469 2589 604 2667 quodam
621 2591 715 2651 modo
729 2592 921 2670 exprimitur,
972 2595 1132 2670 potestate,
1149 2597 1180 2651 et
1201 2609 1260 2652 usu
1275 2590 1367 2670 paulo
1379 2594 1451 2650 ante
1469 2594 1642 2649 memorata
1658 2592 1741 2648 sunt.

151 2675 225 2736 satis
251 2677 429 2758 intelligunt
452 2698 560 2741 omnes
578 2681 704 2742 unicam
730 2687 762 2743 et
790 2683 924 2762 singula-
973 2682 1172 2743 Sedillorum
1180 2683 1347 2743 nominum
1356 2682 1502 2761 pleraque
1514 2680 1741 2752 suntllehraea;

151 2785 221 2827 rem
253 2772 380 2832 nomine
416 2772 470 2832 illo
498 2772 665 2851 significari
699 2774 920 2851 substantiam
972 2770 1133 2852 dequibus
1148 2775 1292 2854 deinceps
1305 2774 1461 2851 agendum
1471 2772 1608 2832 videtur.

152 2863 352 2938 qrrantumvis
374 2864 579 2944 impositionis
599 2865 689 2944 origo
703 2884 742 2927 ex
762 2866 875 2946 aliqua,
892 2874 924 2928 et

151 2953 278 3030 quidem
293 2953 407 3034 insigni
421 2956 606 3035 proprietate
620 2958 792 3020 descendat.

192 3044 273 3105 aaa
295 3046 372 3129 roua
394 3048 498 3127 oyem
521 3049 722 3110 namnam
745 3050 922 3129 uspuana·
1203 3037 1392 3117 CAPUT
1436 3036 1511 3115 IX.

150 3135 270 3215 impetu
279 3138 412 3201 effusum
423 3140 532 3218 magis,
548 3160 641 3219 quam
656 3147 797 3202 accurata
805 3143 923 3203 dictum

151 3230 272 3290 ratione
310 3230 443 3307 videtur,
472 3252 485 3289 r
515 3233 570 3293 liei
596 3251 712 3294 nomen
738 3233 922 3295 relationem

151 3321 267 3382 habere
289 3323 330 3384 ad
345 3342 392 3398 ea,
408 3341 478 3402 quoe
500 3325 617 3385 servilis
640 3332 713 3386 sunt
725 3326 910 3387 conditiffltis
973 3338 1016 3398 De
1030 3336 1088 3399 Dei
1099 3334 1265 3396 omninibus
1278 3333 1360 3416 opud
1372 3333 1515 3396 Hebroeoa
1526 3332 1642 3404 decem:
1659 3334 1744 3396 dete-

151 3419 338 3475 sicrestum
360 3414 477 3475 habent
502 3417 772 3478 substantiam.»
799 3419 844 3478 Ex
859 3436 921 3497 <1110
1013 3426 1436 3509 troprommatomemorudilis
1451 3425 1529 3494 locta
1538 3426 1745 3508 Myonessos

150 3510 258 3569 contra
285 3506 453 3568 Anomoeos
474 3508 641 3579 invehitur,
667 3510 721 3588 qui
737 3510 792 3570 Dei
806 3528 921 3572 nomen
1010 3518 1257 3602 quodubiumait,
1274 3537 1314 3580 un
1326 3516 1473 3579 Hebrum
1490 3517 1616 3579 arisati.
1636 3518 1743 3600 Eupo·

151 3599 261 3676 prima
282 3598 441 3659 niniam
454 3617 595 3678 persone
622 3600 724 3661 solum
738 3602 919 3680 tribuentes,
1010 3614 1098 3674 mcor
1111 3613 1157 3675 aa
1169 3620 1198 3673 et
1215 3611 1390 3693 propiata
1410 3609 1493 3671 illias
1510 3611 1646 3672 nomina.
1668 3611 1739 3681 loo,

151 3689 355 3751 detrahebant
377 3690 503 3758 Patris:
523 3709 594 3751 cum
621 3692 681 3753 hoc
701 3692 755 3752 illo
775 3693 867 3773 longe
883 3696 923 3755 sit
1012 3705 1090 3782 lesa,
1105 3704 1181 3773 Iube,
1198 3703 1282 3779 Iucu,
1304 3702 1389 3769 Jove,
1413 3701 1574 3763 cellchovo
1589 3701 1662 3783 quid
1673 3703 1742 3764 scat.

149 3784 365 3862 praesltntiust
380 3783 757 3862 deqlfflrestlisssdiefltul'·
772 3786 920 3847 AIJUSII·
1012 3795 1123 3858 Nomen
1149 3802 1255 3876 reptem
1283 3792 1437 3855 vocalium.
1468 3793 1544 3854 Iton
1573 3793 1742 3856 litterarum

151 3892 212 3934 nus
234 3875 351 3954 narcyr
369 3875 673 3955 panotemperataa
688 3877 818 3956 nupsit,
841 3880 921 3939 «nei
1010 3906 1063 3957 ιιι,
1088 3887 1136 3949 ael
1162 3903 1226 3947 1111.
1264 3884 1326 3946 car
1349 3903 1452 3945 naam
1482 3884 1562 3945 tirou
1582 3885 1740 3965 ineffabile.

150 3965 390 4046 apellationem
403 3985 468 4027 11011
486 3984 551 4027 esse
565 3985 692 4043 nomen,
707 3969 761 4029 sed
774 3970 920 4031 reiinex-
1014 3979 1143 4058 pausa
1161 3977 1275 4053 aaa,
1301 3974 1426 4052 sacua,
1448 3975 1574 4050 Arous,
1596 3976 1738 4041 strati.

150 4058 300 4138 plicabilis
321 4059 446 4119 insitam
473 4064 592 4119 natura
614 4059 780 4120 hominum
799 4062 919 4139 opinio·

150 4150 257 4211 nemi.
272 4173 289 4209 u
306 4152 445 4225 Quorum
454 4150 622 4211 verbenam
631 4157 837 4213 consentanea
850 4171 919 4214 sen-
1012 4154 1035 4213 1.
1052 4151 1181 4232 Propria
1193 4169 1265 4231 qnoe
1279 4150 1426 4211 dicuntur
1440 4149 1568 4210 nomina
1584 4151 1638 4211 [tei
1652 4150 1744 4230 plura

148 4242 248 4302 tentia
271 4248 317 4303 est
343 4243 391 4317 iis,
421 4261 491 4323 qna
519 4260 613 4322 snpra
628 4242 773 4321 diximus,
802 4245 921 4306 nullam
970 4251 1044 4306 sont
1071 4245 1155 4324 apud
1182 4243 1339 4319 Hebraea
1372 4259 1468 4321 quam
1494 4244 1578 4321 apud
1601 4244 1743 4304 nationes

148 4333 300 4395 vocabulo
313 4344 430 4397 τοῦθεοῦ
444 4335 552 4414 subjici
574 4335 744 4411 notionem,
770 4355 840 4416 quae
864 4356 919 4399 na·
970 4343 1114 4398 caeteras:
1130 4342 1246 4397 acsunt
1255 4334 1409 4415 pracipua
1418 4333 1537 4410 decem,
1548 4352 1619 4413 qna
1633 4335 1740 4396 Hiero-

148 4434 252 4488 turam
275 4427 374 4507 ipsam
398 4427 565 4488 divinitatis
588 4433 788 4508 representet
814 4431 920 4492 animo
970 4448 1085 4509 aymus
1098 4429 1188 4509 epist.
1204 4443 1320 4503 cxxxvi,
1340 4427 1445 4506 paucis
1464 4432 1603 4486 recenset
1616 4428 1676 4487 hoe
1690 4447 1741 4488 or·

148 4525 275 4593 nostro;
298 4537 407 4580 verum
428 4536 464 4580 ex
479 4520 642 4580 hominum
655 4520 779 4599 placito,
800 4526 831 4582 et
845 4540 918 4583 con-
969 4522 1052 4583 dIne.
1082 4521 1223 4583 Primum
1258 4536 1375 4581 nornen
1402 4523 1448 4579 est
1473 4516 1519 4579 El
1533 4536 1545 4579 .·
1572 4519 1742 4580 secundum

147 4628 241 4672 sensu
252 4611 439 4673 vocabulum
447 4611 524 4672 illud
532 4613 572 4673 ad
583 4612 681 4691 ipsam
692 4611 831 4673 adhiberi
840 4614 918 4675 desi·
969 4614 1093 4677 Eloc'm:
1121 4614 1249 4675 tertium
1275 4611 1354 4673 Eloe
1367 4631 1379 4674 .·
1404 4614 1552 4690 quartum
1578 4609 1740 4673 Sotootd:

147 4702 307 4781 gnandam
321 4703 598 4764 Deisubstantiam.
968 4699 1740 4788 quintumEiiootsextumEsereteictseptimnm

188 4795 305 4855 Eodem
325 4800 441 4874 spectat
453 4794 530 4856 illud
544 4796 653 4855 Junilii
677 4796 813 4858 Africani
839 4797 919 4859 libro
967 4799 1104 4861 Adonai:
1125 4804 1268 4859 octavum
1290 4797 1341 4859 Ia:
1356 4810 1475 4856 nonum
1499 4793 1738 4875 Tetraprammo·

146 4885 332 4947 secundarie
352 4884 707 4969 Portibusdicioaelepis
732 4891 831 4968 capite
852 4908 916 4966 xrn,
968 4898 1034 4951 ton:
1057 4890 1212 4951 decimum
1241 4887 1368 4951 Soddai.
1385 4890 1460 4961 Qua
1475 4885 1610 4948 Isidorus
1632 4889 1739 4969 Hispa-

147 4978 202 5039 uhi
215 4978 336 5038 driohus
349 4980 448 5040 modis
465 4979 602 5040 dlvinam
616 4982 781 5042 essentiam
798 4982 917 5060 signifi·
965 4982 1091 5058 lensis¹,
1106 4988 1137 5043 et
1150 4982 1317 5043 Rhenanus
1327 4975 1480 5052 MaurusI,
1496 4976 1611 5057 alinue
1624 4980 1738 5042 descri-

183 5263 205 5302 a
223 5247 316 5302 Crura.
334 5245 356 5301 V
375 5242 455 5301 Thes,
488 5243 548 5306 θεὸς
563 5242 917 5317 μὲνγὰρῶςπρόςτὰδοῦλα,
1003 5245 1138 5301 ὀΙῦετῐΝ.
1155 5244 1243 5318 Apol.
1261 5246 1283 5300 l.
1308 5242 1353 5299 Ὃν
1366 5245 1456 5316 τρόπον
1468 5245 1508 5298 καὶ
1517 5245 1557 5310 τὸ,
1571 5246 1634 5311 θεὸς,
1644 5266 1737 5319 προσα-

146 5330 188 5384 καὶ
200 5329 232 5384 τὰ
242 5327 346 5401 γενητὴν
361 5327 451 5401 ἔχοντα
464 5327 508 5394 τὴν
521 5325 606 5380 uiolas
618 5326 670 5400 ἔχει
682 5327 727 5396 τὴν
738 5328 834 5401 aptatu.
966 5331 1075 5401 γόρευμα
1088 5327 1132 5381 οὔκ
1146 5328 1226 5400 ὄνομά
1240 5326 1314 5391 ἔστιν,
1335 5325 1399 5380 ἀλλὰ
1417 5327 1559 5399 πράγματος
1573 5328 1736 5402 trasimirus

966 5410 1072 5482 ἔμφυτος
1085 5415 1116 5483 τῇ
1129 5410 1198 5482 ptest
1213 5416 1263 5465 τῶν
1278 5409 1411 5482 ἀνθρώπων
1425 5406 1493 5470 δόξα.

175 5542 184 5585 t
199 5541 247 5586 Gal.
261 5549 291 5583 iv.
303 5537 461 5583 -alioiil
477 5537 535 5591 orte.
548 5549 568 5581 r.
582 5548 598 5583 1.
609 5558 636 5571 -
646 5537 660 5580 a
672 5536 719 5582 Lib.
733 5538 741 5581 I
754 5539 781 5581 de
795 5540 856 5584 vnis.
869 5552 888 5585 e.
903 5552 918 5585 ι.
