4134 6182
324 306 360 370 ⁴0
741 304 780 366 [N
803 305 901 366 OPUS
922 302 1251 367 THEOLOGICORUM
1273 302 1503 368 DOGMATUM.

320 458 417 519 instar
430 462 510 532 sunt,
529 474 598 536 quae
616 474 652 517 ex
674 455 909 536 quintasynodo
923 460 953 515 et
966 455 1096 535 septima
1150 459 1185 517 ln
1209 456 1322 537 quibus
1346 456 1488 531 aliorum,
1511 457 1565 535 qui
1592 462 1662 517 ante
1685 476 1716 518 se
1742 456 1919 534 floruerant,

321 549 396 612 alibi
409 550 510 626 retuli,
525 568 597 610 cum
604 548 642 610 de
652 549 781 628 Spiritus
795 548 890 609 sancti
904 549 1095 628 processione
1147 549 1308 612 doctorum
1326 550 1407 611 dicta
1427 554 1458 610 et
1478 549 1643 611 sententias
1663 569 1727 612 non
1740 569 1811 612 raro
1824 551 1923 632 prole·

321 644 558 706 sermonemfeci
569 652 593 706 t.
604 643 683 703 Nam
690 642 853 703 anathema
865 641 1027 718 dicuntiis,
1041 643 1095 722 qui
1147 650 1229 720 runt,
1251 649 1282 705 et
1302 642 1460 704 catholica
1478 661 1606 704 causam
1625 642 1709 720 fidei,
1725 650 1756 705 et
1767 644 1919 719 Ecclesia,

322 739 403 800 dicta
422 743 599 799 sanctornm
614 737 750 812 Patrem,
769 740 800 796 et
817 735 981 796 sententias
1000 752 1093 815 repu—
1146 736 1272 798 illorum
1280 736 1479 799 advocatione
1486 738 1639 800 muniunt.
1650 739 1816 819 Exquibus
1823 756 1924 820 panea

321 832 418 894 diant.
441 830 559 906 Quibus
577 836 816 892 consentaneum
827 829 905 889 illud
926 835 988 905 est,
1010 829 1093 909 quod
1147 846 1229 890 mmo
1242 830 1275 890 in
1293 831 1432 891 medium
1449 830 1587 907 afferam,
1603 850 1673 911 quas
1687 832 1727 892 ad
1747 834 1922 895 ornandum

319 926 498 987 'l'ridentina
511 925 645 1005 synodus
663 946 679 984 ε
692 924 732 985 ad
746 923 914 985 coercenda
926 922 1096 1004 petulantia
1146 923 1230 985 hunc
1244 924 1347 986 locum
1361 925 1498 987 conterre
1509 931 1647 1006 possunt.

319 1019 454 1100 ingenia,
471 1019 616 1094 decernit,
636 1023 672 1079 ut
686 1036 778 1079 nemo
793 1036 856 1078 suas
869 1017 1038 1097 prudentias
1050 1016 1095 1077 in·
1188 1016 1239 1078 1v.
1263 1018 1471 1080 Memorabilis
1495 1025 1540 1080 est
1561 1025 1630 1080 ante
1644 1040 1762 1098 omnes,
1775 1027 1806 1083 ct
1820 1021 1860 1083 ad
1872 1022 1922 1082 in·
1961 1039 2002 1083 aa
2025 1044 2058 1095 us

320 1113 411 1172 nixus
430 1113 463 1173 in
480 1112 573 1173 rebus
589 1111 672 1187 fidei,
696 1117 727 1172 et
750 1129 884 1187 morum,
901 1110 941 1172 ad
960 1110 1093 1171 aedifica·
1147 1108 1287 1171 stitutum
1299 1118 1439 1173 nostrum
1452 1112 1591 1194 apprime
1599 1113 1679 1176 facta
1686 1115 1793 1195 cyrilli
1803 1121 1922 1177 senteu-
1949 1094 2058 1192 ὼζζᾚξῖ

320 1206 436 1267 tionem
456 1207 601 1268 doctrinae
613 1205 785 1266 christiana
797 1203 1032 1285 pertinentium,
1048 1223 1095 1265 sa·
1147 1205 1200 1281 tia,
1217 1211 1346 1285 quaeest
1366 1206 1400 1265 in
1419 1206 1594 1267 defensione
1608 1209 1856 1270 anathematismi
1869 1227 1922 1270 oc·

320 1318 406 1362 cram
414 1302 604 1382 scripturam
615 1299 655 1361 ad
669 1317 740 1359 suos
755 1317 861 1360 sensus
878 1302 1092 1377 contorquens,
1146 1298 1210 1360 tavi
1243 1300 1389 1361 adversus
1420 1298 1594 1361 orientales.
1636 1301 1681 1362 lbi
1705 1320 1743 1362 ex
1776 1302 1922 1383 Apostolo

320 1403 426 1455 contra
453 1412 525 1454 eum
548 1412 683 1469 sensum,
712 1411 806 1472 quem
827 1391 936 1467 tenuit,
959 1396 989 1451 et
1012 1395 1095 1451 tenet
1147 1394 1283 1473 primum
1292 1393 1443 1470 hortatur,
1458 1395 1920 1476 «utsequisqueprobet,num

320 1492 426 1548 saneta
444 1494 544 1548 mater
564 1487 708 1562 Ecclesia,
724 1487 812 1565 eujus
834 1491 880 1547 est
896 1482 1036 1564 judicare
1056 1485 1094 1545 de
1147 1488 1185 1549 sit
1206 1488 1240 1548 in
1259 1486 1320 1548 fide
1334 1492 1358 1563 ³,
1388 1506 1424 1548 αο
1443 1487 1472 1548 ιε’
1483 1487 1567 1564 velit,
1590 1489 1754 1550 emendare
1778 1506 1810 1550 se
1834 1488 1925 1549 facile

320 1599 393 1643 vero
420 1599 523 1657 sensu,
546 1586 576 1641 et
599 1581 847 1661 interpretatione
867 1579 1094 1660 scripturarum
1147 1600 1246 1662 posse,
1262 1582 1288 1642 si
1302 1587 1477 1644 sanctorum
1492 1583 1617 1643 Patrum
1633 1583 1823 1644 monimenta
1836 1602 1923 1643 scru-

321 1680 507 1750 sanctarum,
525 1674 684 1735 autetiam
699 1680 805 1735 contra
826 1674 1005 1735 unanimem
1020 1692 1093 1734 con·

321 1786 445 1829 sensum
456 1768 593 1843 Padum,
604 1767 704 1847 ipsam
718 1767 907 1847 scripturam
918 1785 1038 1828 sacram
1050 1767 1096 1826 in-

321 1861 481 1942 terpretari
506 1861 619 1922 audeat
643 1860 668 1921 ².
694 1882 710 1917 o
734 1861 784 1922 Sic
797 1859 980 1921 llnllanum
994 1860 1096 1921 couci·

322 1955 410 2030 lium,
434 1953 669 2033 cujusquemodi
691 1953 817 2014 tandem
836 1959 892 2030 est,
912 1953 1038 2030 utiliter,
1061 1973 1096 2015 ac

322 2046 518 2108 landabiliter
538 2046 649 2123 sanxit,
675 2067 691 2105 ε
709 2052 745 2108 ut
764 2048 818 2127 qui
833 2046 974 2108 Ecclesiae
995 2048 1097 2128 praesi-

321 2141 405 2216 dent,
428 2140 560 2217 elenrm,
585 2147 616 2201 et
638 2140 789 2221 populum
810 2141 848 2201 de
866 2140 904 2201 iis
923 2141 1095 2217 instituant,

323 2252 392 2314 quae
416 2234 456 2294 ad
475 2234 620 2314 pietatem
642 2233 781 2310 attinent,
804 2235 881 2295 adeo
902 2239 938 2295 ut
955 2254 972 2295 e
993 2234 1097 2295 divina

325 2328 482 2408 Scriptura
500 2327 566 2388 veri
585 2327 737 2403 notiones,
754 2327 919 2406 sejudicio
937 2326 1093 2407 colligant,

322 2439 424 2501 neque
434 2420 926 2503 praetergmdianturtraditosjam
937 2422 1094 2499 terminoS,

325 2521 379 2576 aut
406 2515 581 2576 divinomm
600 2515 725 2575 Petrum
751 2515 957 2576 traditionem.
981 2514 1097 2576 Verum

325 2607 432 2688 siquis
450 2609 488 2669 de
503 2607 660 2688 Scriptura
680 2626 781 2670 sermo
795 2613 1035 2682 commoveatur,
1058 2624 1098 2666 ne

324 2719 394 2762 eam
416 2701 504 2762 aliter
514 2701 760 2781 interpretandis,
777 2719 873 2781 quam
896 2707 931 2763 ut
957 2700 1098 2762 Ecclesiae

324 2795 379 2856 illa
392 2794 523 2873 lumina,
539 2801 569 2856 et
582 2796 722 2876 magistri
736 2795 799 2856 suis
810 2795 843 2856 in
852 2793 939 2857 libris
953 2812 1099 2874 exposue-

323 2888 444 2950 τὴνδ’.»

181 3053 194 3082 0
221 2986 286 3082 db·
363 2984 434 3044 Jam
448 2982 532 3064 quod
546 2982 587 3045 ad
600 2983 781 3045 earumdem
795 2980 984 3062 synodorum
998 2999 1100 3043 exem-

269 3105 280 3135 ·
324 3076 377 3159 pla
399 3080 539 3159 pertinet,
555 3079 588 3140 in
602 3083 747 3159 promptu
767 3078 897 3157 quisque
918 3076 1012 3138 habet
1032 3075 1100 3136 illa·

206 3159 240 3190 m’
266 3178 272 3191 '
324 3170 955 3250 rumaota,inquibustumadScripturae
967 3168 1099 3248 dirigen-

325 3263 399 3324 dam
410 3264 701 3342 interpretationem,
712 3269 780 3323 tum
793 3263 833 3323 ad
841 3262 1054 3341 disceptandas
1062 3280 1100 3321 ex

323 3355 362 3416 iis
373 3355 604 3430 connoversias,
621 3361 652 3416 et
670 3354 832 3416 statuenda
850 3354 922 3416 fidei
940 3354 1096 3433 dogmata,

325 3449 460 3510 multum
472 3448 646 3509 testimonio
659 3453 798 3509 veterum
813 3450 938 3508 Patrum
952 3447 1099 3508 antistites

325 3549 464 3619 utsmtsrr,
479 3546 570 3622 atque
589 3559 627 3602 ex
641 3558 749 3603 eorum
770 3558 802 3602 se
820 3540 953 3621 pendere
967 3539 1098 3621 placitis,

326 3642 356 3696 et
368 3637 451 3716 ipsos
460 3640 598 3696 auctores
605 3634 692 3715 sequi
699 3634 890 3715 profitentur.
905 3634 945 3695 Ut
955 3633 988 3695 in
1002 3633 1101 3713 Ephe·

326 3729 403 3804 sina,
427 3727 684 3803 Chalcedonensi,
708 3727 826 3807 quinta,
848 3732 948 3802 sexta,
970 3727 1100 3806 septima

325 3821 521 3883 oecnmmieis
531 3822 697 3883 estfactum
707 3840 714 3880 :
725 3820 918 3902 quodlpsum
932 3826 962 3881 et
974 3821 1100 3901 provin·

326 3917 455 3991 ciarum,
473 3935 508 3977 ao
521 3916 682 3978 nationum
693 3913 971 3995 synodi'plerceque
984 3919 1100 3976 testntae

326 4016 408 4072 sunt.
429 4011 515 4073 ldem
526 4011 620 4073 etiam
631 4008 825 4091 singulorum
839 4014 945 4070 conta
957 4009 1098 4084 haereses,

326 4112 379 4166 aut
388 4106 426 4167 de
438 4105 588 4167 catholica
601 4103 662 4165 fide
676 4103 898 4183 disputantium
912 4103 1038 4164 Petrum
1050 4103 1099 4162 in·

1147 1679 1239 1750 tetur,
1256 1674 1321 1755 qul,
1345 1674 1385 1734 ob
1408 1680 1524 1736 rectam
1542 1675 1724 1755 dogmatum
1736 1680 1766 1736 et
1783 1681 1924 1736 exactam

1149 1768 1310 1845 rationem,
1319 1769 1445 1830 laudem
1455 1769 1495 1829 ab
1503 1769 1646 1830 omnibus
1658 1769 1925 1850 approbationem·

1149 1880 1210 1942 que
1224 1868 1402 1923 meruerunt
1418 1881 1424 1922 :
1439 1868 1513 1923 tunc
1525 1862 1651 1924 solerter
1665 1881 1754 1924 suam
1767 1861 1862 1924 fidem
1874 1880 1926 1923 ex·

1149 1955 1292 2036 plorabit.
1306 1956 1456 2018 Omnibus
1469 1958 1563 2033 enim,
1579 1957 1692 2037 quibus
1703 1956 1823 2037 integra
1837 1974 1925 2016 mens

1149 2054 1204 2123 est,
1213 2049 1387 2130 propositus
1400 2054 1446 2110 est
1470 2049 1521 2110 hie
1534 2067 1654 2129 scopus,
1669 2055 1704 2110 ut
1721 2049 1848 2110 illorum
1861 2048 1926 2128 opi-

1148 2143 1257 2204 niones
1268 2150 1454 2224 sequantur;
1469 2143 1619 2223 quoniam
1632 2149 1663 2204 et
1674 2143 1733 2224 ipsi
1745 2140 1924 2224 apostoliea,

1149 2243 1179 2296 et
1191 2237 1368 2317 evangelica
1386 2237 1550 2298 traditione
1568 2255 1640 2299 cum
1654 2242 1788 2298 mentem
1804 2235 1928 2316 imples-

1149 2335 1216 2390 sent
1234 2349 1334 2407 suam,
1348 2349 1384 2391 ac
1404 2330 1477 2391 fidei
1496 2330 1670 2391 doctrinam
1690 2335 1771 2391 recte
1792 2348 1827 2390 ac
1849 2327 1927 2390 eitra

1148 2423 1267 2502 labem,
1295 2430 1326 2486 et
1352 2442 1488 2486 errorem
1513 2424 1683 2486 admodum
1708 2415 1924 2497 ιτοοόοιεοιιιί,

1149 2515 1315 2579 luminaria
1335 2517 1368 2578 in
1392 2516 1509 2578 mundo
1535 2517 1670 2593 fuemmt,
1699 2516 1830 2577 verbum
1854 2515 1927 2576 vitae

1151 2611 1369 2672 continentest.
1386 2634 1400 2667 ν
1418 2611 1474 2672 Hic
1481 2610 1567 2671 locus
1584 2610 1634 2671 vel
1651 2629 1688 2671 eo
1708 2608 1844 2670 maxime
1864 2607 1931 2668 ani-

1151 2705 1388 2766 madvertendus
1408 2710 1463 2779 est,
1479 2705 1563 2784 quod
1575 2722 1614 2764 ex
1627 2721 1663 2763 eo
1678 2703 1823 2764 discimus
1832 2720 1929 2782 quem

1151 2815 1244 2858 usum
1268 2796 1408 2875 afferant,
1424 2799 1464 2858 ad
1488 2797 1640 2859 catholica
1667 2794 1850 2857 stabilienda
1874 2796 1930 2856 do-

1151 2896 1268 2970 gmata,
1289 2891 1465 2953 testimonia
1486 2893 1612 2952 Petrum
1635 2891 1807 2952 :nimirum
1828 2895 1863 2950 ut
1888 2908 1928 2950 ex

1150 2983 1212 3045 illis
1250 2983 1421 3046 traditionis
1458 2985 1645 3066 perpetuitas
1676 2989 1811 3060 constet,
1841 2982 1928 3063 quod

1151 3097 1251 3140 unum
1277 3079 1356 3140 inter
1382 3079 1556 3159 theologica
1589 3079 1740 3160 principia
1765 3076 1928 3139 numerari

1152 3191 1246 3253 supra
1270 3171 1558 3233 demonstravimus.
1587 3173 1635 3234 Sic
1658 3172 1837 3233 Mansuetus
1863 3168 1928 3250 epi·

1152 3284 1262 3345 scopus
1289 3264 1523 3327 Mediolanensis
1557 3265 1589 3324 in
1615 3264 1762 3343 synodica
1799 3261 1930 3343 epistola

1152 3359 1192 3418 ad
1207 3359 1439 3420 Constantinum
1453 3359 1655 3438 Pogonatum,
1673 3376 1742 3437 quae
1763 3361 1854 3418 sextae
1879 3374 1929 3435 sy-

1151 3453 1438 3534 nodopraetixaest‚
1460 3451 1501 3513 ad
1525 3470 1573 3512 res
1598 3451 1671 3512 fidei
1689 3449 1929 3528 constituendas,

1152 3546 1327 3628 apostolicae
1353 3545 1536 3620 traditiones,
1566 3552 1596 3606 ct
1630 3543 1840 3605 venerabilium
1869 3541 1931 3603 Pa-

1153 3648 1233 3702 trum
1257 3641 1396 3702 instituto
1424 3639 1612 3719 conjunctim
1624 3644 1729 3700 tenere
1743 3636 1931 3718 praecipitac

1151 3740 1218 3797 tam
1246 3736 1377 3811 Graecos,
1410 3750 1507 3815 quarn
1533 3733 1655 3795 Latinos
1678 3731 1851 3812 complures
1884 3749 1932 3792 re

1153 3834 1255 3891 censet
1281 3829 1499 3890 «orthodoxos
1527 3829 1641 3903 Patres,
1658 3826 1712 3908 qul
1733 3844 1788 3907 per
1809 3824 1934 3887 diversa

1152 3922 1221 3984 loca
1235 3922 1301 3982 zelo
1313 3923 1369 3983 Dei
1381 3923 1531 3984 ferventes
1552 3922 1698 4002 dogmata
1710 3920 1858 3983 salutaria
1871 3938 1933 3980 no-

1153 4019 1201 4079 bis
1229 4015 1430 4096 reliquerunt.
1464 4014 1581 4089 Quibus
1614 4015 1790 4091 nominatis,
1839 4012 1933 4093 quid·

1154 4112 1230 4194 quid
1248 4112 1282 4173 hi
1305 4113 1485 4187 docucrtmt,
1514 4108 1624 4189 inquit,
1645 4113 1824 4190 sapuertmt,
1851 4127 1934 4188 prae·

326 4196 1098 4276 stitutumbfitutexeommscfiptifflgssosssifflsss·
1154 4207 1333 4268 dicavenmt
1362 4205 1413 4266 rel
1442 4203 1617 4265 defensores
1651 4204 1841 4279 exstiterunt,
1875 4219 1935 4262 nos

363 4398 470 4458 a'l’aut.
486 4414 562 4470 syn„
574 4412 638 4453 ean.
651 4401 694 4453 ts.
704 4393 762 4452 Ὅτι
768 4396 809 4451 δεῖ
818 4397 873 4461 τοθς
886 4400 929 4466 τῆς
940 4401 988 4451 τῶν
1002 4394 1103 4467 Ἐκκλη·
1157 4414 1235 4464 σεται,
1248 4394 1289 4451 καί
1304 4394 1370 4470 μάλα
1390 4388 1488 4468 ῥαδίως,
1498 4392 1554 4455 robe
1564 4396 1612 4447 τῶν
1632 4386 1709 4464 άγίων
1728 4388 1845 4463 Πατάρων
1858 4386 1939 4443 πολυ·

327 4494 386 4543 σιῶν
398 4491 552 4560 προεστῶτας
573 4481 597 4536 bt
612 4483 675 4555 πάθῃ
692 4481 735 4554 μὲν
752 4483 841 4554 ἡμέρᾳ,
865 4481 990 4554 ἕξαῑρὲτως
1006 4481 1032 4535 δὲ
1049 4488 1103 4546 ταῖς
1156 4484 1328 4558 πραγμονήσας
1345 4483 1440 4541 πόνους·
1455 4477 1480 4530 οἳ
1504 4479 1544 4532 καλ
1568 4474 1606 4532 ἔπ’
1617 4475 1732 4550 όφθότητί
1747 4496 1785 4543 τε,
1807 4476 1846 4529 καὶ
1868 4474 1937 4547 ἀκρι-

328 4574 461 4645 κνριακαῖς,
483 4571 561 4625 πάντα
578 4567 621 4622 tto
639 4568 741 4640 κλῆρον,
759 4567 799 4621 καί
816 4566 858 4621 τδν
880 4566 940 4620 λαόν
958 4565 1102 4621 ἐκδιδάαειιν
1156 4570 1209 4640 θείᾳ
1222 4569 1351 4640 δογμάτων
1365 4566 1493 4635 διαθόητον
1509 4563 1593 4637 ἔχουσι
1612 4564 1677 4635 παρὰ
1688 4563 1786 4617 πάντων
1804 4560 1848 4629 τὴν
1862 4559 1936 4630 ripp-

327 4660 383 4721 τοθς
396 4664 445 4713 τῶν
459 4654 585 4717 Εθσεθείας
599 4656 698 4727 λόγους,
713 4652 739 4707 ἔκ
751 4657 795 4721 τῆς
809 4652 873 4715 θείας
885 4656 978 4724 γραφῆς
989 4651 1104 4725 ἀναλεγο·
1158 4652 1226 4726 μίαν,
1240 4653 1297 4705 τότε
1307 4651 1351 4719 τὴν
1364 4646 1455 4704 οίιιείαν
1466 4648 1583 4721 εθτέχνως
1597 4648 1722 4719 δοκιμάσει
1738 4646 1828 4700 πίστιν·
1844 4644 1938 4706 σεοπδς

329 4745 414 4817 μόνους
424 4742 455 4797 τά
466 4744 509 4809 τῆς
521 4738 634 4808 ἀληθείας
656 4739 766 4811 νοήματά
778 4757 815 4805 τε,
835 4738 875 4790 καί
885 4735 1001 4808 κρίματα,
1015 4738 1054 4790 καλ
1070 4737 1102 4810 μὴ
1157 4738 1204 4812 γάρ
1217 4739 1292 4791 ἅπασι
1306 4739 1358 4798 τοῖς
1371 4730 1462 4809 ἀρτίοις
1484 4734 1528 4802 τὴν
1540 4733 1624 4806 φρένα,
1643 4733 1697 4793 ταῖς
1720 4729 1817 4784 ἀκτίνων
1837 4728 1939 4782 ἕπεσθαι

329 4822 531 4902 παρεκόαίνοντας
544 4825 599 4886 τοθς
615 4824 662 4892 ἤδη
682 4822 858 4895 παραδοθέντας
877 4822 959 4894 δρονς,
976 4822 990 4890 θ
1014 4821 1058 4889 τὴν
1078 4819 1104 4875 ἔτι
1157 4820 1339 4884 tricaturae
1354 4819 1515 4888 districte
1537 4817 1710 4884 ἀποστολικῆς,
1730 4816 1769 4868 καί
1781 4813 1940 4886 εθαγγελοεῆς

329 4919 379 4968 τῶν
393 4912 516 4984 θεοφόρων
530 4908 645 4979 Πατίρων
659 4909 800 4980 παράδοσιν·
815 4906 880 4960 ἀλλά
890 4906 931 4958 καί
948 4902 970 4958 εἰ
989 4906 1104 4978 γραφικός
1158 4907 1313 4979 παραδόσεως
1328 4903 1370 4959 τδν
1381 4902 1472 4958 οἰκεῖον
1487 4902 1652 4976 ἐμπλήσαντες
1662 4904 1727 4970 νοῦν,
1738 4899 1779 4952 καί
1793 4898 1836 4952 τδν
1852 4896 1891 4950 ee
1904 4900 1939 4970 τῇ

328 4996 478 5066 ἀνακινηθείη
488 4996 573 5067 λόγος,
585 4993 617 5066 μὴ
631 4992 713 5054 άλλως
729 4995 815 5046 τοῦτον
829 4990 1034 5065 ἓρμηνευὲτωσαν,
1044 4992 1059 5059 ἢ
1071 4992 1105 5052 ὡς
1158 4988 1239 5045 πίστει
1251 4990 1327 5061 λόγον
1340 4988 1418 5061 ὀρθῶς
1431 5006 1468 5055 τε,
1476 4986 1515 5040 καί
1524 4986 1665 5059 ἀμωμήτως
1675 4983 1701 5039 ἐκ
1712 4989 1762 5039 τῶν
1775 4982 1848 5056 ἱερῶν
1857 5001 1939 5055 γραμ-

331 5083 359 5135 θν
373 5078 397 5136 ol
408 5086 452 5150 τῆς
472 5074 617 5148 Ἐεκληοίας
630 5077 766 5150 φωστῆρες,
784 5076 824 5130 καί
838 5075 977 5130 διδάαεαλοι
996 5076 1036 5129 aa
1055 5080 1104 5130 τῶν
1160 5076 1253 5147 μάτων,
1267 5068 1294 5126 ab
1308 5073 1375 5146 μάλα
1385 5072 1582 5145 αατωρθωεότες,
1596 5074 1721 5142 φωστῆρες
1733 5065 1796 5137 ἦσαν
1809 5065 1834 5120 ἐν
1847 5067 1940 5139 κόσμῳ

328 5165 425 5221 οίκείων
438 5167 632 5240 σεγγραμμάτων
645 5163 783 5235 παρέθεντο.
1159 5160 1234 5233 λόγον
1244 5162 1309 5228 ζωῆς
1322 5156 1459 5232 ἀπέχοντες.
1475 5156 1527 5214 ior.
1542 5155 1585 5211 τδν
1599 5152 1638 5209 ἰπὶ
1652 5158 1683 5227 τῇ
1698 5150 1779 5208 πίστει
1793 5151 1881 5224 λόγον.

366 5251 462 5307 tha.
479 5250 517 5307 ad
537 5250 645 5307 Anatb.
663 5253 693 5305 θ.
719 5242 819 5302 Ἕαντόν
845 5262 874 5321 γε
894 5247 941 5320 μὴν
967 5243 1105 5319 ἐπανορθώ-

357 5442 367 5490 l
384 5447 434 5493 Lib.
443 5442 496 5488 vlt.
506 5458 554 5500 esp.
573 5441 652 5492 νωιά,
662 5465 688 5479 -
698 5441 780 5491 tsess.
797 5440 820 5495 l,
831 5440 881 5489 -s
893 5443 915 5487 lt
927 5444 977 5492 Gor.
987 5452 1039 5499 riu,
1050 5440 1074 5490 ό.
1086 5464 1111 5477 -
1121 5438 1135 5487 l
1144 5439 1223 5498 strip.
1238 5451 1265 5493 ιι,
1273 5436 1352 5495 sats.
