4096 6190
374 320 424 381 DE
443 320 518 382 DEO
539 321 683 396 DEIQUE
702 322 1048 405 PROPRIETATIBUS,
1071 327 1143 391 [ΑΒ.
1166 329 1236 404 Vll,
1258 329 1341 392 CAP.
1365 332 1417 392 vl.
1632 336 1700 399 -585

98 499 313 563 nequeamus.
330 484 408 547 Cum
420 491 526 548 autem
539 505 580 549 ne
591 486 673 568 ipsos
688 489 814 568 ηιιίιίοιο
828 509 882 551 an·
930 492 1061 556 minime
1073 493 1265 575 aspectabilis
1278 502 1324 559 est
1336 496 1401 558 visa
1410 501 1537 573 nattum
1550 515 1607 577 per
1615 498 1702 560 illem

97 574 195 653 gelos
209 576 313 639 videre
327 577 424 639 Deum
437 585 601 654 asseveret,
616 581 816 643 manifestum
836 588 882 643 est
931 590 962 646 et
981 587 1166 666 angelorum
1193 593 1304 651 turmae
1323 590 1415 650 istam
1435 590 1597 665 viderunt3
1620 589 1702 652 Visae

98 684 175 727 non
184 667 224 729 de
233 687 380 748 corporeo
390 671 526 750 qcrodm
535 671 661 734 iliorum
672 673 788 735 intuitu
797 674 882 754 loqui
931 685 970 738 est
985 678 1072 755 oniba,
1088 680 1141 757 ait,
1155 681 1274 762 augelis
1298 681 1404 761 ltaque
1424 681 1587 744 nobiscum
1605 681 1700 745 hene-

100 758 227 835 Titum,
243 760 299 821 sed
316 762 354 822 de
364 762 445 824 clara
454 768 486 825 ct
494 764 656 844 perspicua
666 766 880 845 intelligentia,
931 768 1000 831 fiuo
1009 771 1068 832 isto
1079 774 1216 852 corporis
1229 774 1322 835 etiam
1336 774 1510 855 expertium
1523 781 1636 836 natura
1648 794 1702 856 po·

99 869 181 929 quae
193 852 272 913 visio
284 853 345 913 dici
358 860 524 931 mereatur,
537 857 588 917 cui
599 857 720 934 eadem,
735 876 830 938 quam
843 859 882 921 de
931 861 988 923 tite
996 869 1043 924 est
1051 874 1073 923 ⁰.
1089 885 1105 922 o
1121 865 1199 927 Cum
1210 872 1316 928 autem
1327 884 1366 927 ex
1379 866 1507 929 advene
1520 867 1701 930 haereticum

99 943 201 1004 nobis
225 946 400 1026 assumpsit,
428 949 655 1027 argumentatio
677 949 880 1031 suffragatum
931 952 1101 1017 induxisset
1111 956 1309 1037 objicientem
1318 958 1397 1019 iliud
1410 958 1478 1036 sibi,
1491 958 1619 1040 Angelos
1628 978 1702 1041 por·

100 1033 151 1095 ob
171 1035 204 1096 id
223 1055 288 1098 non
305 1038 421 1100 intueri
439 1040 565 1120 angelos
586 1043 697 1119 Deum,
715 1044 787 1122 quie
810 1049 883 1104 sunt
931 1045 1183 1130 vetorumsemper
1195 1049 1294 1112 uidere
1306 1050 1413 1133 facien
1428 1048 1565 1126 Petits⁸3
1578 1070 1704 1133 resposi-

100 1124 154 1187 ita
172 1127 335 1190 dissimiles
355 1129 432 1210 ejus,
452 1134 539 1194 utin
564 1133 651 1195 nullo
670 1152 784 1213 genere
806 1152 881 1196 0011-
932 1126 994 1202 del,
1018 1146 1082 1188 non
1102 1129 1201 1210 ipsum
1225 1131 1281 1192 Dei
1305 1136 1451 1192 naturum
1474 1132 1621 1211 aspissere,
1649 1133 1703 1195 sed

100 1218 248 1280 veniant.
932 1219 1042 1281 eodem
1065 1219 1170 1283 videre
1197 1223 1302 1299 modo,
1329 1242 1392 1303 quo
1416 1224 1516 1285 Moses
1535 1225 1704 1286 Dominum

151 1312 189 1372 ll.
218 1312 429 1376 Theodoretus
459 1315 493 1377 in
525 1317 646 1397 dialogo
680 1317 798 1397 primo,
829 1316 883 1398 qui
932 1310 1043 1374 vidisse
1056 1311 1185 1394 sact'ettd
1200 1313 1553 1397 sactltn⁸dicitur.Nam
1567 1335 1625 1379 net:
1638 1317 1701 1395 ille,

100 1410 244 1484 ’Δτμπτος
256 1405 443 1483 inscribitur,
458 1409 716 1472 Deuminnatura
728 1429 784 1471 sua
792 1429 833 1471 ne
843 1410 883 1471 ab
932 1422 990 1465 nec
1008 1406 1169 1486 prophetoe
1182 1407 1285 1469 caeteri
1302 1407 1357 1468 Dei
1370 1408 1534 1470 essentiam
1547 1409 1701 1480 viderunt,

102 1495 228 1575 angelis
258 1497 385 1577 quidem
409 1500 508 1562 videri
526 1520 615 1581 posse
639 1502 759 1579 scribit3
782 1502 884 1563 risum
933 1515 1003 1577 quae
1017 1496 1116 1560 videri
1133 1498 1172 1559 ab
1193 1499 1371 1561 bominibus
1384 1520 1450 1562 non
1469 1506 1584 1581 potest3
1612 1524 1627 1560 ιι
1651 1504 1704 1565 sed

101 1590 399 1652 autemtuncabiis
412 1610 487 1669 esse,
503 1612 714 1656 cumcaruem
725 1594 836 1671 induit,
853 1601 885 1657 et
932 1589 1065 1651 visiones
1086 1591 1235 1669 quasdam
1253 1592 1293 1654 ad
1307 1610 1416 1654 eorum
1438 1593 1502 1655 vim
1516 1599 1705 1676 captumque

102 1679 206 1742 homo
220 1686 267 1743 est
280 1682 377 1744 factus
392 1703 399 1744 ι
420 1685 582 1760 cortinam
595 1704 669 1766 ergo
684 1692 805 1767 poterat
817 1687 884 1749 sinc
933 1682 1152 1762 temperatasd,
1169 1689 1227 1745 etc.
1244 1684 1294 1746 Sic
1309 1685 1404 1765 igitur
1417 1690 1448 1747 et
1464 1686 1503 1747 de
1516 1687 1634 1766 angelis
1654 1688 1704 1748 in-

103 1791 240 1853 corpore
248 1774 347 1836 videri
359 1781 471 1837 natine
485 1777 543 1838 sub
554 1777 655 1840 visum
668 1797 734 1840 non
748 1779 884 1841 cadem?
932 1773 1118 1854 telligamus,
1132 1793 1205 1837 cum
1218 1777 1372 1854 audimus,
1389 1796 1441 1839 eos
1454 1778 1590 1858 quotidie
1601 1780 1706 1842 videre

105 1865 223 1928 Nonne
234 1867 404 1929 recorderis
417 1868 543 1930 illorum
556 1870 693 1951 Apostoli
703 1870 882 1947 verborum,
933 1865 1043 1928 faciem
1061 1868 1158 1929 Patris
1171 1869 1279 1930 nostri.
1300 1870 1369 1931 Non
1383 1870 1467 1931 enim
1480 1870 1618 1931 divinam
1636 1872 1706 1933 sub

103 1975 183 2037 quta
191 1959 352 2039 perspicue
366 1960 479 2022 docent
498 1962 885 2025 divinamnonesseaatu-
933 1958 1079 2020 stantiam
1115 1960 1236 2037 vident,
1266 1979 1337 2041 quse
1367 1980 1468 2043 neque
1495 1962 1706 2027 circumscribi

102 2067 180 2111 rem
203 2051 445 2131 spectabilem?
463 2053 512 2115 Sic
535 2060 640 2116 autem
662 2054 766 2116 dicit:
794 2056 884 2132 Quen
934 2055 1044 2130 potest,
1055 2069 1156 2132 neque
1166 2052 1397 2134 comprehendi,
1407 2072 1509 2134 neque
1518 2055 1706 2134 cogitatione

104 2160 193 2202 nuuc
216 2141 292 2204 vidit
320 2142 487 2213 ίιοοιιόαοι,
514 2164 606 2227 neque
633 2144 729 2207 οιίίονο
750 2154 845 2226 potest
859 2145 883 2208 ¹.
935 2141 1047 2221 sepiri;
1064 2149 1095 2204 et
1108 2144 1252 2205 universa
1265 2145 1491 2226 complectitur,
1506 2147 1560 2207 sed
1574 2147 1706 2227 gloriam

107 2233 331 2311 Quamobrem,
356 2236 383 2297 si
404 2236 600 2317 impossibilis
625 2243 670 2300 cst
692 2238 882 2309 hominibus,
934 2236 1288 2313 quamdamaclillorum
1296 2243 1702 2319 naturamtemperataw.»

105 2324 176 2386 imo
198 2327 292 2389 etiam
313 2329 432 2408 angelis
457 2330 600 2407 dixerim,
623 2331 735 2392 divine
764 2338 885 2393 nature
935 2327 1030 2388 Porro
1043 2327 1099 2388 ubi
1121 2347 1248 2391 carnem
1263 2328 1406 2409 suscepit,
1421 2329 1516 2391 ctiam
1535 2330 1575 2392 ab
1588 2331 1707 2411 angelis

106 2419 279 2497 contantes,
289 2420 349 2498 dic,
359 2422 459 2497 sodes,
470 2423 626 2502 quomodo
635 2423 719 2484 visus
730 2428 775 2484 est
782 2424 883 2501 terris,
934 2417 1008 2498 ipsis
1025 2419 1069 2480 ait
1081 2420 1179 2482 videri
1196 2421 1355 2501 coepisset,
1372 2422 1508 2502 Apostoli
1526 2423 1630 2484 verbis
1647 2424 1707 2486 illis

109 2510 169 2589 qui
194 2512 295 2573 rideri
325 2513 471 2593 cernique
498 2533 563 2577 uon
587 2514 728 2595 potesttl
753 2538 768 2573 ι)
798 2516 886 2590 Quod
934 2510 1090 2589 nanctus,
1114 2512 1198 2575 Visus
1215 2521 1255 2575 cst
1278 2513 1400 2596 augelis.
1416 2515 1464 2576 Ad
1482 2533 1551 2594 ηοω
1565 2516 1706 2579 Theodo-

106 2602 245 2665 subindc
267 2623 306 2666 ex
324 2604 421 2667 altero
444 2606 582 2685 ejusdem
604 2606 887 2688 apostolisatis
934 2609 1019 2666 retus
1032 2605 1116 2667 idem
1124 2605 1190 2667 haec
1200 2605 1346 2667 adnotat:
1363 2594 1507 2687 aOmppe
1520 2608 1708 2671 invisibilem

107 2694 270 2773 eiuratio
292 2716 354 2776 quo
370 2698 499 2760 scribit:
512 2699 557 2761 Et
575 2699 728 2780 manifeste
747 2718 885 2781 magam
935 2697 1103 2759 divinitatis
1117 2704 1263 2760 naturam
1281 2717 1321 2760 ue
1340 2698 1386 2759 illi
1404 2699 1531 2778 quidem
1545 2701 1705 2778 videbant;

107 2787 285 2867 etpietatr'c
298 2798 525 2862 tutamentum,
542 2789 621 2852 Deru
634 2790 835 2870 manifestatae
846 2800 887 2853 est
935 2788 1040 2869 itaque
1063 2790 1263 2852 iocmmetum
1285 2791 1430 2852 viderunt
1443 2802 1456 2837 t
1471 2792 1495 2851 *.
1511 2812 1526 2848 ν
1541 2793 1588 2853 lta
1614 2794 1707 2855 etiem

108 2877 143 2939 iu
164 2897 263 2957 carue,
283 2880 468 2963 justificatae
489 2890 532 2943 est
556 2883 587 2943 in
609 2883 730 2964 spiritu,
745 2882 887 2965 apparuit
936 2880 1151 2950 OEcumenius,
1173 2882 1228 2962 qui
1242 2887 1352 2943 testem
1367 2881 1461 2961 hujus
1475 2884 1549 2944 citat
1566 2884 1706 2947 Clemen-

108 2970 230 3051 eupelr's
241 2971 264 3051 ⁸,
281 2978 312 3034 et
330 2981 451 3052 coetera,
464 2976 622 3054 quomodo
642 2976 676 3036 in
690 2977 796 3037 Graeco
814 2975 888 3054 legi-
935 2979 1000 3035 lem
1014 2973 1260 3035 Alexandrinum
1273 2973 1306 3034 in
1319 2974 1451 3054 septimo
1465 2974 1706 3058 Hypotyposeon.

107 3067 167 3125 tur
173 3083 181 3139 ;
201 3083 276 3129 nem
302 3066 391 3128 aliter
414 3068 519 3129 latine
544 3074 667 3130 sonant.
692 3068 808 3142 Quibus
829 3067 887 3128 iste
937 3065 1049 3128 lisdem
1070 3084 1206 3146 quoque,
1232 3064 1343 3145 quibus
1366 3065 1582 3146 OEoumenius,
1607 3069 1709 3132 verbis

107 3157 235 3218 nectit:
262 3179 278 3217 u
298 3159 497 3220 Manifestum
519 3165 564 3222 est
584 3160 689 3240 igitur,
706 3161 805 3223 rideri
822 3178 887 3221 uon
936 3157 1035 3219 utitur
1049 3157 1309 3238 Tbeophylactus.
1329 3179 1345 3215 ιι
1364 3158 1604 3240 Omysterium!
1620 3162 1710 3223 aium

107 3265 202 3328 posse
218 3249 357 3312 divinam
372 3257 535 3329 uatrrram3
551 3269 616 3314 esse
636 3257 741 3313 auum
754 3258 888 3333 aspecta·
937 3249 1041 3326 ambo,
1067 3249 1231 3312 uobiscum
1250 3250 1353 3329 angeli
1375 3252 1530 3314 Cinistum
1551 3253 1707 3332 viderunt,

107 3339 209 3401 bilem
238 3361 379 3418 manem,
404 3362 520 3424 perque
546 3344 628 3406 hauc
652 3344 884 3424 aspectabilem,
936 3361 1031 3422 quem
1042 3348 1133 3405 autea
1147 3342 1433 3404 nonvidebantm

106 3431 199 3493 illam
213 3452 285 3512 quae
297 3435 429 3497 minime
444 3437 704 3516 estespectahilis,
729 3456 795 3499 esse
813 3456 886 3499 οοιι-
979 3436 1030 3495 111.
1062 3436 1243 3497 Theodorus
1272 3436 1347 3498 item
1378 3438 1610 3518 Mopsuestcnus
1645 3459 1710 3503 nou

107 3530 248 3604 spectem
257 3525 280 3587 ί.
294 3548 310 3585 u
325 3529 369 3589 Ac
383 3528 489 3607 paucis
505 3528 674 3608 interjectis
693 3548 700 3590 ι
725 3530 887 3591 «Consen-
936 3528 1039 3589 solum
1062 3527 1096 3589 iu
1123 3528 1233 3590 eadem
1254 3535 1301 3590 est
1326 3529 1483 3610 opinione,
1509 3533 1561 3594 sed
1584 3532 1712 3615 iusuper

107 3621 203 3678 tanea
222 3637 309 3698 ergo,
330 3619 442 3699 inquit,
466 3621 590 3683 divinus
612 3620 777 3701 Apostolus
798 3622 884 3697 dixit,
937 3622 1037 3682 Deum
1059 3619 1103 3681 ait
1128 3620 1217 3682 initio
1238 3621 1305 3683 sine
1327 3622 1391 3683 ulla
1413 3641 1498 3701 voce,
1523 3643 1593 3705 quae
1609 3626 1711 3688 audiri

106 3706 190 3771 Dete
204 3710 409 3793 manifestatus
426 3720 470 3775 est
482 3713 512 3776 iu
529 3731 627 3776 corae.
641 3713 793 3776 Perillam
803 3713 887 3776 enim
936 3718 1049 3793 posset,
1065 3713 1179 3776 caelum
1193 3732 1229 3775 ac
1247 3718 1364 3776 terram
1382 3733 1517 3792 creasse3
1533 3717 1617 3798 quod
1630 3737 1709 3780 nou·

151 3952 297 4011 a'l'nttoo·
315 3953 384 4011 Diti.
400 3969 420 4010 1.
439 3954 492 4008 Ποῦ
511 3954 592 4008 τοίνυν
611 3948 666 4008 οἶόν
686 3950 756 4023 τείν
783 3952 885 4027 ὀφθῆναι
970 3951 1080 4009 (libid.
1099 3952 1135 4006 Οθ
1157 3948 1201 4020 τὴν
1223 3952 1286 4005 θείαν
1305 3953 1391 4024 φύσιν,
1414 3951 1480 4007 ἀλλά
1501 3953 1567 4027 ὄψεις
1590 3956 1656 4021 τινίις
1679 3964 1711 4033 τῇ

108 4036 172 4109 δίχα
185 4038 300 4110 σώματος
314 4036 357 4106 τὴν
373 4037 477 4111 ἀόρατον
496 4038 581 4111 φθαιν;
600 4039 616 4106 ἢ
639 4036 667 4091 ot
691 4038 812 4110 μίμνηοαι
833 4043 884 4092 τῶν
935 4042 1004 4108 σφῶν
1020 4036 1120 4107 δυνάμει
1136 4034 1295 4107 συμμέτρους.

114 4116 299 4174 Ἀποοτολικών
315 4119 410 4174 ἐκείνων
425 4120 517 4193 ῥητῶν,
530 4121 662 4175 ἀδιδάσκει
671 4126 756 4192 σαφῶς
770 4124 813 4188 τῆς
822 4120 886 4184 θείας
971 4135 986 4175 e
1006 4119 1075 4175 ibit.
1096 4117 1167 4173 Οθτω
1179 4117 1260 4171 τοίνυν
1275 4118 1315 4170 καί
1330 4119 1385 4191 περί
1398 4125 1448 4173 τῶν
1458 4119 1570 4193 ἀγγίλων
1583 4125 1710 4197 νοήσωμεν

109 4200 207 4273 φύσεως
231 4203 260 4257 rb
285 4203 401 4271 ἀθέατον;
425 4205 492 4275 λέγει
515 4201 542 4258 bl
565 4204 650 4266 οθτως·
676 4205 704 4257 br
722 4198 785 4257 ιίδιν
809 4202 886 4264 abbeie
936 4202 1072 4274 ἀκούοντες,
1083 4203 1121 4256 ὅτι
1131 4198 1285 4274 καθ’ἡμέραν
1296 4201 1372 4274 θρίθοι
1383 4203 1412 4256 τθ
1424 4204 1556 4276 πρθοωπον
1566 4210 1610 4260 τοῦ
1620 4208 1712 4279 πατρὸς

110 4283 262 4356 ἀνθρώπων,
277 4284 334 4340 οὔτε
347 4285 407 4340 ίθιῖν
419 4287 529 4341 δύναται.
545 4285 655 4341 siccisne
665 4286 782 4348 ἀδύνατος
795 4285 889 4358 ἀνθρώ
936 4286 1017 4358 ἡμῶν.
1034 4284 1063 4339 οὖ
1075 4284 1122 4358 γάρ
1137 4282 1180 4352 τὴν
1194 4283 1260 4337 θείαν
1275 4283 1359 4339 οθσίαν
1368 4285 1456 4358 ὁρῶσι,
1466 4286 1510 4354 τὴν
1519 4287 1710 4361 ἀπιρίγραπτον,

111 4386 180 4430 ποις·
206 4366 255 4441 ἐγὼ
278 4370 305 4423 tt
328 4389 389 4443 φημι
411 4370 452 4423 καί
474 4369 596 4443 ἀγγέλοις·
618 4369 634 4437 η
653 4374 696 4437 τῆς
716 4370 780 4434 θείας
796 4371 888 4442 piceae
936 4368 980 4436 τὴν
1005 4368 1194 4436 ἀκατάληπτον,
1216 4366 1261 4435 την
1284 4367 1454 4440 ἀπερινθητον,
1474 4370 1517 4439 τὴν
1536 4373 1710 4444 περιληπτικὴν

111 4451 214 4522 θεωρία·
239 4450 290 4505 sliri
310 4457 363 4515 πῶς
384 4451 424 4506 ἐπὶ
443 4458 487 4521 τῆς
506 4458 551 4526 γῆς
571 4453 586 4506 ὁ
606 4452 707 4515 ἀθίατος
725 4454 764 4506 καὶ
783 4452 888 4526 ἀόρατος
938 4458 988 4508 τῶν
1005 4454 1081 4507 θλων·
1099 4451 1164 4504 ἀλλίι
1178 4449 1250 4513 δόξαν
1265 4451 1363 4525 τινθτῇ
1381 4452 1461 4508 αὐτῶν
1475 4454 1543 4526 φύσει
1557 4471 1711 4530 ουμμιτρου·

111 4531 194 4603 &sla-
940 4537 1023 4610 siut«

155 4616 260 4673 bibit.
280 4618 361 4686 Δῆλον
384 4620 474 4683 τοίνυν,
497 4619 531 4683 ώς
543 4618 647 4693 ἀόρατος
661 4619 704 4692 μίν
719 4618 796 4688 ηθεία
809 4620 887 4692 φθοις,
975 4618 1080 4694 fibid.
1100 4617 1171 4673 Μετὰ
1192 4619 1235 4691 μέν
1257 4637 1296 4674 τοι
1316 4617 1360 4685 τὴν
1383 4618 1560 4695 θνανθρώπησιν
1581 4623 1649 4696 ὤφθη
1671 4625 1711 4679 καί

113 4698 192 4771 ὁρατὴ
209 4699 235 4753 tl
249 4700 264 4769 ἦ
280 4699 349 4772 σὰρξ,
358 4703 398 4754 καί
411 4703 452 4755 διὰ
465 4706 512 4770 τῆς
527 4703 616 4776 ὁρατῆς
630 4702 646 4771 ἡ
660 4702 764 4776 ἀόρατος
775 4703 852 4774 ὤφθη.
938 4706 990 4766 τοῖς
1004 4701 1116 4775 ἀγγέλοις
1130 4699 1192 4756 κατά
1203 4702 1246 4754 τθν
1260 4702 1325 4754 θεῖον
1337 4699 1502 4758 ’Autoteles‘
1512 4705 1562 4779 οὺχ
1570 4707 1712 4780 ὁμοιώματι

155 4782 293 4839 cinaeo.
309 4782 375 4840 ibid.
392 4781 715 4858 Ἀρμοδίωςτοίνυνθθτῖος
733 4785 891 4850 ’ἀπόστολος
939 4785 1026 4857 δόξης,
1054 4784 1110 4839 ἀλλ’
1131 4784 1233 4854 ἀληθεῖ,
1257 4785 1297 4838 καί
1318 4787 1393 4848 ζῶντί
1413 4789 1568 4861 multllm<
1588 4784 1643 4843 θίὸν
1664 4809 1712 4845 itti

115 4858 181 4919 ιίπε·
197 4865 259 4929 ost<
274 4865 413 4940 ἐφανερώθη
424 4865 449 4920 ἓν
459 4869 540 4942 σαρκί.
556 4871 588 4923 δι’
604 4868 694 4937 ἐκείνης
706 4868 754 4942 γὰρ
765 4868 781 4937 ἡ
791 4869 892 4933 ἀθέατος
939 4868 1142 4943 παραπετάσματι
1156 4873 1192 4940 τῷ
1206 4872 1249 4935 τῆς
1261 4870 1351 4941 οαρκθς
1364 4871 1564 4943 προκαλύμματα

115 4944 226 5019 tarpeis,
241 4949 319 5021 φθοις·
335 4952 367 5004 δι’
383 4949 474 5019 ίκτίνης
488 4950 563 5020 αθτὴν
579 4946 644 5005 είθον
657 4953 698 5006 καί
713 4958 764 5006 τῶν
779 4951 891 5025 ἀγγίλων
975 4968 997 5024 g
1014 4951 1056 5007 ld.
1071 4951 1102 5007 ln
1126 4951 1137 5006 l
1157 4954 1229 5007 Τίον.
1246 4966 1285 5019 tn,
1297 4951 1343 5008 ίθ.
1364 4952 1413 5020 Τὴν
1427 4954 1474 5027 γὰρ
1485 4952 1590 5026 ἀόρατον
1603 4959 1646 5023 τῆς
1660 4957 1713 5011 θιθ·

115 5030 141 5083 ol
159 5032 322 5105 δῆμοι-ὤφθη
336 5033 395 5107 γὰρ,
409 5034 494 5105 φησίν,
510 5033 632 5108 ἀγγέλοις.
647 5033 699 5107 μεθ’
712 5035 783 5107 ἡμῶν
793 5031 835 5089 οὖν
846 5037 893 5109 ἀρα
940 5033 1164 5107 τητοςφθοιν,οθθθ
1173 5033 1362 5107 ίκιῖνοιίώριον,
1372 5036 1559 5108 οαραωθίνταδί
1570 5036 1710 5093 θθεάοαντο.

116 5115 484 5188 τῆςθωρεᾶςταθτηςκαίτῶν
500 5115 891 5190 ἀοωμάτωνήφθσιςάτιίλαιοεν.
977 5116 997 5172 lt
1022 5117 1127 5174 OEcott.
1144 5124 1172 5174 el
1190 5117 1314 5173 Tutore.
1344 5115 1379 5171 Ὦ
1400 5119 1542 5190 μυστήριον·
1567 5119 1620 5193 μεθ’
1641 5119 1712 5194 ἡμῶν

944 5194 1009 5257 ebor
1023 5200 1047 5254 οί
1061 5201 1162 5274 ἀγγελοι
1176 5201 1219 5256 τθν
1233 5200 1344 5275 γριατθν,
1359 5203 1477 5274 πρότερον
1492 5201 1541 5276 οὐχ
1554 5202 1669 5277 ὁρῶντες.

156 5343 305 5397 'ltbuuius
327 5349 407 5413 quest.
436 5357 473 5409 ru,
495 5345 562 5399 artic.
587 5347 614 5409 Ξ,
636 5351 694 5400 scct.
712 5346 738 5411 t,
758 5346 893 5436 theodoreti
941 5346 1074 5401 εοοίυοιίοοι
1090 5344 1167 5400 mults
1179 5349 1274 5400 conuur
1286 5344 1389 5399 debota.
1404 5344 1460 5399 Eam
1474 5346 1565 5401 νὶιίειίι.

150 5489 160 5534 l
175 5490 196 5537 l.
209 5490 264 5536 τθιιι.
278 5502 308 5545 u,
322 5492 412 5538 ta-‘t
422 5492 440 5538 l.
457 5492 867 5550 itm.111.to.-ettcut.xua,to.
882 5516 909 5530 ·-
922 5495 1017 5545 ίθοοά.
1029 5506 1105 5549 urus,
1118 5494 1150 5540 tl.
