<?xml version="1.0" encoding="UTF-8"?>
<!DOCTYPE html PUBLIC "-//W3C//DTD XHTML 1.0 Transitional//EN"
    "http://www.w3.org/TR/xhtml1/DTD/xhtml1-transitional.dtd">
<html xmlns="http://www.w3.org/1999/xhtml" xml:lang="en" lang="en">
 <head>
  <title>
</title>
<meta http-equiv="Content-Type" content="text/html;charset=utf-8" />
  <meta name='ocr-system' content='tesseract 3.04.00' />
  <meta name='ocr-capabilities' content='ocr_page ocr_carea ocr_par ocr_line ocrx_word'/>
</head>
<body>
  <div class='ocr_page' id='page_1' title='image "./dogmatatheologi01goog_0130.png"; bbox 0 0 4008 6170; ppageno 0'>
   <div class='ocr_carea' id='block_1_1' title="bbox 347 307 1652 387">
    <p class='ocr_par' dir='ltr' id='par_1_1' title="bbox 347 307 1652 387">
     <span class='ocr_line' id='line_1_1' title="bbox 347 307 1652 387; baseline 0.006 -20"><span class='ocrx_word' id='word_1_1' title='bbox 347 309 397 367; x_wconf 81' lang='lat' dir='ltr'><strong>DE</strong></span> <span class='ocrx_word' id='word_1_2' title='bbox 417 309 494 370; x_wconf 77' lang='grc' dir='ltr'><strong>1)Εο</strong></span> <span class='ocrx_word' id='word_1_3' title='bbox 514 307 660 381; x_wconf 78' lang='lat' dir='ltr'><strong>nEtQt&#39;E</strong></span> <span class='ocrx_word' id='word_1_4' title='bbox 683 311 1025 385; x_wconf 69' lang='lat' dir='ltr'><strong>Paurutssrnttut&#39;s&#39;,</strong></span> <span class='ocrx_word' id='word_1_5' title='bbox 1049 312 1120 371; x_wconf 81' lang='lat' dir='ltr'><strong>llll.</strong></span> <span class='ocrx_word' id='word_1_6' title='bbox 1147 313 1168 387; x_wconf 84' lang='lat' dir='ltr'><strong>i,</strong></span> <span class='ocrx_word' id='word_1_7' title='bbox 1194 314 1277 372; x_wconf 72' lang='lat' dir='ltr'><strong>dtr.</strong></span> <span class='ocrx_word' id='word_1_8' title='bbox 1303 314 1352 373; x_wconf 82' lang='lat' dir='ltr'><strong>tv.</strong></span> <span class='ocrx_word' id='word_1_9' title='bbox 1614 318 1652 377; x_wconf 75' lang='grc'><strong>89</strong></span> 
     </span>
    </p>
   </div>
   <div class='ocr_carea' id='block_1_2' title="bbox 14 457 1833 5290">
    <p class='ocr_par' dir='ltr' id='par_1_2' title="bbox 14 457 1833 5290">
     <span class='ocr_line' id='line_1_2' title="bbox 76 457 1663 541; baseline 0.003 -22"><span class='ocrx_word' id='word_1_10' title='bbox 76 460 165 519; x_wconf 82' lang='grc' dir='ltr'>ιιιίιιιιε</span> <span class='ocrx_word' id='word_1_11' title='bbox 176 459 295 533; x_wconf 70' lang='lat' dir='ltr'><strong>dieitur,</strong></span> <span class='ocrx_word' id='word_1_12' title='bbox 309 457 513 519; x_wconf 81' lang='lat' dir='ltr'><strong>differentiam</strong></span> <span class='ocrx_word' id='word_1_13' title='bbox 520 457 667 533; x_wconf 85' lang='lat' dir='ltr'><strong>inveniat,</strong></span> <span class='ocrx_word' id='word_1_14' title='bbox 685 461 833 538; x_wconf 88' lang='lat' dir='ltr'><strong>quoniam</strong></span> <span class='ocrx_word' id='word_1_15' title='bbox 886 460 1188 541; x_wconf 87' lang='lat' dir='ltr'><strong>Quidquidigiturest</strong></span> <span class='ocrx_word' id='word_1_16' title='bbox 1196 461 1319 523; x_wconf 88' lang='lat' dir='ltr'><strong>nonnisi</strong></span> <span class='ocrx_word' id='word_1_17' title='bbox 1326 460 1566 541; x_wconf 87' lang='lat' dir='ltr'><strong>peraliquidest.</strong></span> <span class='ocrx_word' id='word_1_18' title='bbox 1576 464 1663 536; x_wconf 81' lang='lat' dir='ltr'><strong>Quod</strong></span> 
     </span>
     <span class='ocr_line' id='line_1_3' title="bbox 76 549 1662 636; baseline 0.004 -25"><span class='ocrx_word' id='word_1_19' title='bbox 76 550 298 611; x_wconf 78' lang='lat' dir='ltr'><strong>diuinationem</strong></span> <span class='ocrx_word' id='word_1_20' title='bbox 311 549 430 611; x_wconf 85' lang='lat' dir='ltr'><strong>nullam</strong></span> <span class='ocrx_word' id='word_1_21' title='bbox 441 550 523 631; x_wconf 86' lang='lat' dir='ltr'><strong>eupit</strong></span> <span class='ocrx_word' id='word_1_22' title='bbox 539 551 618 611; x_wconf 90' lang='lat' dir='ltr'><strong>ratio</strong></span> <span class='ocrx_word' id='word_1_23' title='bbox 633 551 768 630; x_wconf 85' lang='lat' dir='ltr'><strong>perfeeti,</strong></span> <span class='ocrx_word' id='word_1_24' title='bbox 782 570 835 612; x_wconf 92' lang='lat' dir='ltr'><strong>ne·</strong></span> <span class='ocrx_word' id='word_1_25' title='bbox 886 572 958 614; x_wconf 88' lang='lat' dir='ltr'><strong>eum</strong></span> <span class='ocrx_word' id='word_1_26' title='bbox 971 554 1015 614; x_wconf 88' lang='lat' dir='ltr'><strong>ita</strong></span> <span class='ocrx_word' id='word_1_27' title='bbox 1029 554 1076 631; x_wconf 88' lang='lat' dir='ltr'><strong>sit,</strong></span> <span class='ocrx_word' id='word_1_28' title='bbox 1094 560 1148 615; x_wconf 85' lang='lat' dir='ltr'><strong>aut</strong></span> <span class='ocrx_word' id='word_1_29' title='bbox 1160 561 1205 615; x_wconf 87' lang='lat' dir='ltr'><strong>est</strong></span> <span class='ocrx_word' id='word_1_30' title='bbox 1218 573 1318 615; x_wconf 91' lang='lat' dir='ltr'><strong>unum</strong></span> <span class='ocrx_word' id='word_1_31' title='bbox 1332 560 1387 615; x_wconf 88' lang='lat' dir='ltr'><strong>aut</strong></span> <span class='ocrx_word' id='word_1_32' title='bbox 1400 560 1472 614; x_wconf 88' lang='lat' dir='ltr'><strong>sunt</strong></span> <span class='ocrx_word' id='word_1_33' title='bbox 1487 555 1588 634; x_wconf 82' lang='lat' dir='ltr'><strong>plura,</strong></span> <span class='ocrx_word' id='word_1_34' title='bbox 1605 576 1662 636; x_wconf 86' lang='lat' dir='ltr'><strong>per</strong></span> 
     </span>
     <span class='ocr_line' id='line_1_4' title="bbox 76 644 1659 728; baseline 0.003 -24"><span class='ocrx_word' id='word_1_35' title='bbox 76 664 127 724; x_wconf 86' lang='lat' dir='ltr'><strong>que</strong></span> <span class='ocrx_word' id='word_1_36' title='bbox 139 644 171 705; x_wconf 88' lang='lat' dir='ltr'><strong>in</strong></span> <span class='ocrx_word' id='word_1_37' title='bbox 183 663 219 705; x_wconf 90' lang='lat' dir='ltr'><strong>eo</strong></span> <span class='ocrx_word' id='word_1_38' title='bbox 233 644 318 724; x_wconf 88' lang='lat' dir='ltr'><strong>quod</strong></span> <span class='ocrx_word' id='word_1_39' title='bbox 335 644 469 705; x_wconf 73' lang='lat' dir='ltr'><strong>detentis</strong></span> <span class='ocrx_word' id='word_1_40' title='bbox 487 644 599 705; x_wconf 87' lang='lat' dir='ltr'><strong>dieitur</strong></span> <span class='ocrx_word' id='word_1_41' title='bbox 610 663 645 704; x_wconf 88' lang='lat' dir='ltr'><strong>ae</strong></span> <span class='ocrx_word' id='word_1_42' title='bbox 659 644 832 723; x_wconf 79' lang='lat' dir='ltr'><strong>perfectius.</strong></span> <span class='ocrx_word' id='word_1_43' title='bbox 887 664 957 724; x_wconf 79' lang='lat' dir='ltr'><strong>quae</strong></span> <span class='ocrx_word' id='word_1_44' title='bbox 968 651 1040 706; x_wconf 90' lang='lat' dir='ltr'><strong>sunt</strong></span> <span class='ocrx_word' id='word_1_45' title='bbox 1052 652 1162 707; x_wconf 88' lang='lat' dir='ltr'><strong>euneta</strong></span> <span class='ocrx_word' id='word_1_46' title='bbox 1175 665 1246 725; x_wconf 73' lang='lat' dir='ltr'><strong>quar</strong></span> <span class='ocrx_word' id='word_1_47' title='bbox 1259 652 1342 707; x_wconf 89' lang='lat' dir='ltr'><strong>sunt.</strong></span> <span class='ocrx_word' id='word_1_48' title='bbox 1359 647 1416 708; x_wconf 88' lang='lat' dir='ltr'><strong>Sed</strong></span> <span class='ocrx_word' id='word_1_49' title='bbox 1433 647 1457 706; x_wconf 93' lang='lat' dir='ltr'><strong>si</strong></span> <span class='ocrx_word' id='word_1_50' title='bbox 1475 653 1547 708; x_wconf 85' lang='lat' dir='ltr'><strong>sunt</strong></span> <span class='ocrx_word' id='word_1_51' title='bbox 1558 647 1659 728; x_wconf 87' lang='lat' dir='ltr'><strong>plura,</strong></span> 
     </span>
     <span class='ocr_line' id='line_1_5' title="bbox 77 739 1664 823; baseline 0.003 -24"><span class='ocrx_word' id='word_1_52' title='bbox 77 740 170 818; x_wconf 85' lang='lat' dir='ltr'><strong>Neque</strong></span> <span class='ocrx_word' id='word_1_53' title='bbox 180 740 261 799; x_wconf 88' lang='lat' dir='ltr'><strong>enim</strong></span> <span class='ocrx_word' id='word_1_54' title='bbox 270 739 461 800; x_wconf 83' lang='lat' dir='ltr'><strong>divinitatem</strong></span> <span class='ocrx_word' id='word_1_55' title='bbox 474 740 608 819; x_wconf 91' lang='lat' dir='ltr'><strong>amplius</strong></span> <span class='ocrx_word' id='word_1_56' title='bbox 627 741 666 801; x_wconf 89' lang='lat' dir='ltr'><strong>de</strong></span> <span class='ocrx_word' id='word_1_57' title='bbox 687 760 724 801; x_wconf 92' lang='lat' dir='ltr'><strong>eo</strong></span> <span class='ocrx_word' id='word_1_58' title='bbox 740 742 835 822; x_wconf 89' lang='lat' dir='ltr'><strong>suspi-</strong></span> <span class='ocrx_word' id='word_1_59' title='bbox 886 743 962 799; x_wconf 88' lang='lat' dir='ltr'><strong>tune</strong></span> <span class='ocrx_word' id='word_1_60' title='bbox 986 739 1052 818; x_wconf 91' lang='lat' dir='ltr'><strong>ipsa</strong></span> <span class='ocrx_word' id='word_1_61' title='bbox 1078 740 1256 801; x_wconf 86' lang='lat' dir='ltr'><strong>referuntur</strong></span> <span class='ocrx_word' id='word_1_62' title='bbox 1278 741 1317 801; x_wconf 90' lang='lat' dir='ltr'><strong>ad</strong></span> <span class='ocrx_word' id='word_1_63' title='bbox 1346 759 1446 801; x_wconf 90' lang='lat' dir='ltr'><strong>unum</strong></span> <span class='ocrx_word' id='word_1_64' title='bbox 1469 740 1585 820; x_wconf 88' lang='lat' dir='ltr'><strong>aliquid</strong></span> <span class='ocrx_word' id='word_1_65' title='bbox 1607 762 1664 823; x_wconf 87' lang='lat' dir='ltr'><strong>per</strong></span> 
     </span>
     <span class='ocr_line' id='line_1_6' title="bbox 77 831 1664 914; baseline 0.001 -21"><span class='ocrx_word' id='word_1_66' title='bbox 77 833 129 893; x_wconf 83' lang='lat' dir='ltr'><strong>rari</strong></span> <span class='ocrx_word' id='word_1_67' title='bbox 143 833 250 913; x_wconf 87' lang='lat' dir='ltr'><strong>poterit</strong></span> <span class='ocrx_word' id='word_1_68' title='bbox 267 833 389 912; x_wconf 88' lang='lat' dir='ltr'><strong>aliquis,</strong></span> <span class='ocrx_word' id='word_1_69' title='bbox 417 853 436 893; x_wconf 91' lang='lat' dir='ltr'><strong>a</strong></span> <span class='ocrx_word' id='word_1_70' title='bbox 455 852 518 913; x_wconf 90' lang='lat' dir='ltr'><strong>quo</strong></span> <span class='ocrx_word' id='word_1_71' title='bbox 541 835 700 896; x_wconf 88' lang='lat' dir='ltr'><strong>deterioris</strong></span> <span class='ocrx_word' id='word_1_72' title='bbox 717 841 836 896; x_wconf 86' lang='lat' dir='ltr'><strong>remota</strong></span> <span class='ocrx_word' id='word_1_73' title='bbox 887 831 971 910; x_wconf 91' lang='lat' dir='ltr'><strong>quod</strong></span> <span class='ocrx_word' id='word_1_74' title='bbox 985 838 1067 892; x_wconf 87' lang='lat' dir='ltr'><strong>sunt.</strong></span> <span class='ocrx_word' id='word_1_75' title='bbox 1082 834 1144 893; x_wconf 82' lang='lat' dir='ltr'><strong>Aut</strong></span> <span class='ocrx_word' id='word_1_76' title='bbox 1157 834 1265 893; x_wconf 87' lang='lat' dir='ltr'><strong>eadem</strong></span> <span class='ocrx_word' id='word_1_77' title='bbox 1280 832 1371 913; x_wconf 87' lang='lat' dir='ltr'><strong>plura</strong></span> <span class='ocrx_word' id='word_1_78' title='bbox 1384 832 1505 912; x_wconf 88' lang='lat' dir='ltr'><strong>singula</strong></span> <span class='ocrx_word' id='word_1_79' title='bbox 1518 840 1590 894; x_wconf 86' lang='lat' dir='ltr'><strong>sunt</strong></span> <span class='ocrx_word' id='word_1_80' title='bbox 1608 853 1664 914; x_wconf 90' lang='lat' dir='ltr'><strong>per</strong></span> 
     </span>
     <span class='ocr_line' id='line_1_7' title="bbox 78 925 1664 1007; baseline 0.003 -23"><span class='ocrx_word' id='word_1_81' title='bbox 78 931 178 985; x_wconf 62' lang='lat' dir='ltr'><strong>nonas</strong></span> <span class='ocrx_word' id='word_1_82' title='bbox 190 925 365 1005; x_wconf 74' lang='lat' dir='ltr'><strong>appellatio.</strong></span> <span class='ocrx_word' id='word_1_83' title='bbox 378 927 485 1007; x_wconf 89' lang='lat' dir='ltr'><strong>Neque</strong></span> <span class='ocrx_word' id='word_1_84' title='bbox 496 926 529 986; x_wconf 92' lang='lat' dir='ltr'><strong>in</strong></span> <span class='ocrx_word' id='word_1_85' title='bbox 540 945 577 987; x_wconf 92' lang='lat' dir='ltr'><strong>eo</strong></span> <span class='ocrx_word' id='word_1_86' title='bbox 594 927 678 1006; x_wconf 93' lang='lat' dir='ltr'><strong>quod</strong></span> <span class='ocrx_word' id='word_1_87' title='bbox 691 933 736 987; x_wconf 89' lang='lat' dir='ltr'><strong>est</strong></span> <span class='ocrx_word' id='word_1_88' title='bbox 759 928 835 988; x_wconf 90' lang='lat' dir='ltr'><strong>anti-</strong></span> <span class='ocrx_word' id='word_1_89' title='bbox 887 943 928 999; x_wconf 74' lang='lat' dir='ltr'><strong>se,</strong></span> <span class='ocrx_word' id='word_1_90' title='bbox 943 930 998 985; x_wconf 86' lang='lat' dir='ltr'><strong>ant</strong></span> <span class='ocrx_word' id='word_1_91' title='bbox 1011 926 1075 1004; x_wconf 88' lang='lat' dir='ltr'><strong>ipsa</strong></span> <span class='ocrx_word' id='word_1_92' title='bbox 1090 945 1146 1006; x_wconf 90' lang='lat' dir='ltr'><strong>per</strong></span> <span class='ocrx_word' id='word_1_93' title='bbox 1160 945 1192 986; x_wconf 92' lang='lat' dir='ltr'><strong>se</strong></span> <span class='ocrx_word' id='word_1_94' title='bbox 1208 927 1341 988; x_wconf 81' lang='lat' dir='ltr'><strong>invicem</strong></span> <span class='ocrx_word' id='word_1_95' title='bbox 1361 932 1443 987; x_wconf 88' lang='lat' dir='ltr'><strong>sunt.</strong></span> <span class='ocrx_word' id='word_1_96' title='bbox 1466 927 1506 988; x_wconf 75' lang='lat' dir='ltr'><strong>tt</strong></span> <span class='ocrx_word' id='word_1_97' title='bbox 1527 928 1553 987; x_wconf 90' lang='lat' dir='ltr'><strong>si</strong></span> <span class='ocrx_word' id='word_1_98' title='bbox 1573 928 1664 1006; x_wconf 86' lang='lat' dir='ltr'><strong>plura</strong></span> 
     </span>
     <span class='ocr_line' id='line_1_8' title="bbox 77 1017 1664 1101; baseline 0.001 -22"><span class='ocrx_word' id='word_1_99' title='bbox 77 1037 204 1096; x_wconf 76' lang='grc' dir='ltr'>ιριιιιιιιεε</span> <span class='ocrx_word' id='word_1_100' title='bbox 216 1037 333 1080; x_wconf 84' lang='grc' dir='ltr'>ιεεειιε.</span> <span class='ocrx_word' id='word_1_101' title='bbox 354 1020 433 1080; x_wconf 88' lang='lat' dir='ltr'><strong>Nam</strong></span> <span class='ocrx_word' id='word_1_102' title='bbox 453 1021 536 1099; x_wconf 88' lang='lat' dir='ltr'><strong>quod</strong></span> <span class='ocrx_word' id='word_1_103' title='bbox 555 1039 619 1080; x_wconf 88' lang='lat' dir='ltr'><strong>non</strong></span> <span class='ocrx_word' id='word_1_104' title='bbox 635 1038 756 1100; x_wconf 87' lang='lat' dir='ltr'><strong>semper</strong></span> <span class='ocrx_word' id='word_1_105' title='bbox 777 1026 832 1095; x_wconf 89' lang='lat' dir='ltr'><strong>est,</strong></span> <span class='ocrx_word' id='word_1_106' title='bbox 886 1017 952 1098; x_wconf 88' lang='lat' dir='ltr'><strong>ipsa</strong></span> <span class='ocrx_word' id='word_1_107' title='bbox 963 1024 1035 1079; x_wconf 88' lang='lat' dir='ltr'><strong>sunt</strong></span> <span class='ocrx_word' id='word_1_108' title='bbox 1049 1038 1104 1099; x_wconf 89' lang='lat' dir='ltr'><strong>per</strong></span> <span class='ocrx_word' id='word_1_109' title='bbox 1115 1038 1226 1097; x_wconf 77' lang='lat' dir='ltr'><strong>unum,</strong></span> <span class='ocrx_word' id='word_1_110' title='bbox 1239 1020 1305 1099; x_wconf 85' lang='lat' dir='ltr'><strong>jam</strong></span> <span class='ocrx_word' id='word_1_111' title='bbox 1325 1040 1390 1081; x_wconf 90' lang='lat' dir='ltr'><strong>non</strong></span> <span class='ocrx_word' id='word_1_112' title='bbox 1404 1026 1476 1081; x_wconf 85' lang='lat' dir='ltr'><strong>sunt</strong></span> <span class='ocrx_word' id='word_1_113' title='bbox 1489 1021 1594 1081; x_wconf 90' lang='lat' dir='ltr'><strong>omnia</strong></span> <span class='ocrx_word' id='word_1_114' title='bbox 1608 1040 1664 1101; x_wconf 89' lang='lat' dir='ltr'><strong>per</strong></span> 
     </span>
     <span class='ocr_line' id='line_1_9' title="bbox 77 1110 1663 1193; baseline 0.001 -22"><span class='ocrx_word' id='word_1_115' title='bbox 77 1111 379 1172; x_wconf 73' lang='lat' dir='ltr'><strong>dunumexistimari</strong></span> <span class='ocrx_word' id='word_1_116' title='bbox 398 1129 464 1174; x_wconf 87' lang='lat' dir='ltr'><strong>non</strong></span> <span class='ocrx_word' id='word_1_117' title='bbox 477 1117 588 1191; x_wconf 89' lang='lat' dir='ltr'><strong>potest.</strong></span> <span class='ocrx_word' id='word_1_118' title='bbox 604 1113 664 1173; x_wconf 84' lang='lat' dir='ltr'><strong>Sed</strong></span> <span class='ocrx_word' id='word_1_119' title='bbox 678 1113 778 1173; x_wconf 88' lang='lat' dir='ltr'><strong>sinna</strong></span> <span class='ocrx_word' id='word_1_120' title='bbox 791 1119 835 1174; x_wconf 89' lang='lat' dir='ltr'><strong>est</strong></span> <span class='ocrx_word' id='word_1_121' title='bbox 887 1110 987 1189; x_wconf 83' lang='lat' dir='ltr'><strong>plura,</strong></span> <span class='ocrx_word' id='word_1_122' title='bbox 1010 1111 1063 1172; x_wconf 86' lang='lat' dir='ltr'><strong>sed</strong></span> <span class='ocrx_word' id='word_1_123' title='bbox 1085 1113 1188 1192; x_wconf 85' lang='lat' dir='ltr'><strong>potius</strong></span> <span class='ocrx_word' id='word_1_124' title='bbox 1211 1131 1266 1192; x_wconf 91' lang='lat' dir='ltr'><strong>per</strong></span> <span class='ocrx_word' id='word_1_125' title='bbox 1286 1112 1364 1173; x_wconf 88' lang='lat' dir='ltr'><strong>illud</strong></span> <span class='ocrx_word' id='word_1_126' title='bbox 1387 1131 1487 1173; x_wconf 91' lang='lat' dir='ltr'><strong>unum</strong></span> <span class='ocrx_word' id='word_1_127' title='bbox 1508 1132 1564 1193; x_wconf 90' lang='lat' dir='ltr'><strong>per</strong></span> <span class='ocrx_word' id='word_1_128' title='bbox 1579 1114 1663 1192; x_wconf 88' lang='lat' dir='ltr'><strong>quod</strong></span> 
     </span>
     <span class='ocr_line' id='line_1_10' title="bbox 77 1202 1663 1286; baseline 0.003 -23"><span class='ocrx_word' id='word_1_129' title='bbox 77 1203 211 1264; x_wconf 87' lang='lat' dir='ltr'><strong>eteadem</strong></span> <span class='ocrx_word' id='word_1_130' title='bbox 225 1203 305 1263; x_wconf 89' lang='lat' dir='ltr'><strong>ratio</strong></span> <span class='ocrx_word' id='word_1_131' title='bbox 312 1203 489 1279; x_wconf 78' lang='lat' dir='ltr'><strong>divinitatis,</strong></span> <span class='ocrx_word' id='word_1_132' title='bbox 512 1222 584 1265; x_wconf 90' lang='lat' dir='ltr'><strong>eum</strong></span> <span class='ocrx_word' id='word_1_133' title='bbox 598 1203 686 1265; x_wconf 91' lang='lat' dir='ltr'><strong>nulla</strong></span> <span class='ocrx_word' id='word_1_134' title='bbox 700 1204 834 1284; x_wconf 85' lang='lat' dir='ltr'><strong>reperia-</strong></span> <span class='ocrx_word' id='word_1_135' title='bbox 887 1202 978 1282; x_wconf 89' lang='lat' dir='ltr'><strong>plura</strong></span> <span class='ocrx_word' id='word_1_136' title='bbox 990 1210 1073 1264; x_wconf 88' lang='lat' dir='ltr'><strong>sunt.</strong></span> <span class='ocrx_word' id='word_1_137' title='bbox 1087 1205 1119 1266; x_wconf 86' lang='lat' dir='ltr'><strong>si</strong></span> <span class='ocrx_word' id='word_1_138' title='bbox 1130 1223 1203 1266; x_wconf 88' lang='lat' dir='ltr'><strong>vero</strong></span> <span class='ocrx_word' id='word_1_139' title='bbox 1214 1206 1279 1285; x_wconf 89' lang='lat' dir='ltr'><strong>ipsa</strong></span> <span class='ocrx_word' id='word_1_140' title='bbox 1293 1206 1384 1285; x_wconf 86' lang='lat' dir='ltr'><strong>plura</strong></span> <span class='ocrx_word' id='word_1_141' title='bbox 1395 1206 1517 1285; x_wconf 89' lang='lat' dir='ltr'><strong>singula</strong></span> <span class='ocrx_word' id='word_1_142' title='bbox 1526 1212 1663 1286; x_wconf 87' lang='lat' dir='ltr'><strong>suntper</strong></span> 
     </span>
     <span class='ocr_line' id='line_1_11' title="bbox 78 1297 1665 1379; baseline 0.003 -22"><span class='ocrx_word' id='word_1_143' title='bbox 78 1298 160 1357; x_wconf 87' lang='lat' dir='ltr'><strong>turin</strong></span> <span class='ocrx_word' id='word_1_144' title='bbox 176 1297 241 1358; x_wconf 89' lang='lat' dir='ltr'><strong>ullo</strong></span> <span class='ocrx_word' id='word_1_145' title='bbox 259 1297 439 1377; x_wconf 83' lang='lat' dir='ltr'><strong>proprietas,</strong></span> <span class='ocrx_word' id='word_1_146' title='bbox 462 1303 497 1358; x_wconf 90' lang='lat' dir='ltr'><strong>ut</strong></span> <span class='ocrx_word' id='word_1_147' title='bbox 516 1304 561 1358; x_wconf 88' lang='lat' dir='ltr'><strong>est</strong></span> <span class='ocrx_word' id='word_1_148' title='bbox 581 1304 832 1375; x_wconf 84' lang='lat' dir='ltr'><strong>eonsentaneum,</strong></span> <span class='ocrx_word' id='word_1_149' title='bbox 887 1316 928 1371; x_wconf 82' lang='lat' dir='ltr'><strong>se,</strong></span> <span class='ocrx_word' id='word_1_150' title='bbox 943 1298 1051 1377; x_wconf 90' lang='lat' dir='ltr'><strong>utique</strong></span> <span class='ocrx_word' id='word_1_151' title='bbox 1066 1303 1185 1359; x_wconf 84' lang='lat' dir='ltr'><strong>estune</strong></span> <span class='ocrx_word' id='word_1_152' title='bbox 1208 1298 1312 1379; x_wconf 90' lang='lat' dir='ltr'><strong>aliqua</strong></span> <span class='ocrx_word' id='word_1_153' title='bbox 1331 1300 1377 1360; x_wconf 85' lang='lat' dir='ltr'><strong>vis</strong></span> <span class='ocrx_word' id='word_1_154' title='bbox 1395 1301 1444 1360; x_wconf 87' lang='lat' dir='ltr'><strong>vel</strong></span> <span class='ocrx_word' id='word_1_155' title='bbox 1467 1306 1578 1362; x_wconf 79' lang='lat' dir='ltr'><strong>natiue</strong></span> <span class='ocrx_word' id='word_1_156' title='bbox 1597 1302 1665 1362; x_wconf 85' lang='lat' dir='ltr'><strong>exi·</strong></span> 
     </span>
     <span class='ocr_line' id='line_1_12' title="bbox 78 1389 1664 1472; baseline 0.002 -23"><span class='ocrx_word' id='word_1_157' title='bbox 78 1408 181 1451; x_wconf 73' lang='grc' dir='ltr'>ιιεεεεεε</span> <span class='ocrx_word' id='word_1_158' title='bbox 200 1396 247 1450; x_wconf 83' lang='lat' dir='ltr'><strong>est</strong></span> <span class='ocrx_word' id='word_1_159' title='bbox 274 1390 413 1465; x_wconf 86' lang='lat' dir='ltr'><strong>omnino,</strong></span> <span class='ocrx_word' id='word_1_160' title='bbox 434 1395 470 1451; x_wconf 90' lang='lat' dir='ltr'><strong>ut</strong></span> <span class='ocrx_word' id='word_1_161' title='bbox 487 1390 633 1451; x_wconf 88' lang='lat' dir='ltr'><strong>aberrans</strong></span> <span class='ocrx_word' id='word_1_162' title='bbox 654 1397 685 1451; x_wconf 88' lang='lat' dir='ltr'><strong>et</strong></span> <span class='ocrx_word' id='word_1_163' title='bbox 703 1390 779 1451; x_wconf 86' lang='lat' dir='ltr'><strong>falsa</strong></span> <span class='ocrx_word' id='word_1_164' title='bbox 796 1391 835 1451; x_wconf 93' lang='lat' dir='ltr'><strong>de</strong></span> <span class='ocrx_word' id='word_1_165' title='bbox 887 1389 987 1449; x_wconf 83' lang='lat' dir='ltr'><strong>standi</strong></span> <span class='ocrx_word' id='word_1_166' title='bbox 1000 1408 1055 1468; x_wconf 87' lang='lat' dir='ltr'><strong>per</strong></span> <span class='ocrx_word' id='word_1_167' title='bbox 1066 1408 1097 1450; x_wconf 89' lang='lat' dir='ltr'><strong>se</strong></span> <span class='ocrx_word' id='word_1_168' title='bbox 1113 1409 1209 1469; x_wconf 89' lang='lat' dir='ltr'><strong>quam</strong></span> <span class='ocrx_word' id='word_1_169' title='bbox 1222 1390 1339 1451; x_wconf 88' lang='lat' dir='ltr'><strong>habent</strong></span> <span class='ocrx_word' id='word_1_170' title='bbox 1353 1397 1389 1452; x_wconf 88' lang='lat' dir='ltr'><strong>ut</strong></span> <span class='ocrx_word' id='word_1_171' title='bbox 1400 1411 1456 1472; x_wconf 87' lang='grc' dir='ltr'>ρει·</span> <span class='ocrx_word' id='word_1_172' title='bbox 1470 1411 1501 1453; x_wconf 91' lang='lat' dir='ltr'><strong>se</strong></span> <span class='ocrx_word' id='word_1_173' title='bbox 1513 1392 1584 1452; x_wconf 89' lang='lat' dir='ltr'><strong>sint.</strong></span> <span class='ocrx_word' id='word_1_174' title='bbox 1595 1395 1664 1455; x_wconf 90' lang='lat' dir='ltr'><strong>Non</strong></span> 
     </span>
     <span class='ocr_line' id='line_1_13' title="bbox 77 1481 1662 1565; baseline 0.001 -22"><span class='ocrx_word' id='word_1_175' title='bbox 77 1483 257 1545; x_wconf 75' lang='lat' dir='ltr'><strong>mdtitrdine</strong></span> <span class='ocrx_word' id='word_1_176' title='bbox 283 1483 414 1545; x_wconf 87' lang='lat' dir='ltr'><strong>deorum</strong></span> <span class='ocrx_word' id='word_1_177' title='bbox 447 1483 609 1564; x_wconf 75' lang='lat' dir='ltr'><strong>phantasia</strong></span> <span class='ocrx_word' id='word_1_178' title='bbox 634 1485 836 1565; x_wconf 78' lang='lat' dir='ltr'><strong>compellatur</strong></span> <span class='ocrx_word' id='word_1_179' title='bbox 888 1486 933 1540; x_wconf 86' lang='lat' dir='ltr'><strong>est</strong></span> <span class='ocrx_word' id='word_1_180' title='bbox 946 1486 1051 1541; x_wconf 66' lang='lat' dir='ltr'><strong>numm</strong></span> <span class='ocrx_word' id='word_1_181' title='bbox 1065 1481 1291 1561; x_wconf 82' lang='lat' dir='ltr'><strong>dubiumquod</strong></span> <span class='ocrx_word' id='word_1_182' title='bbox 1305 1483 1472 1563; x_wconf 88' lang='lat' dir='ltr'><strong>peripsum</strong></span> <span class='ocrx_word' id='word_1_183' title='bbox 1484 1502 1584 1544; x_wconf 91' lang='lat' dir='ltr'><strong>unum</strong></span> <span class='ocrx_word' id='word_1_184' title='bbox 1591 1485 1662 1559; x_wconf 83' lang='lat' dir='ltr'><strong>sint,</strong></span> 
     </span>
     <span class='ocr_line' id='line_1_14' title="bbox 78 1575 1665 1658; baseline 0.002 -22"><span class='ocrx_word' id='word_1_185' title='bbox 78 1575 316 1637; x_wconf 85' lang='lat' dir='ltr'><strong>adeoniitendam</strong></span> <span class='ocrx_word' id='word_1_186' title='bbox 328 1594 426 1637; x_wconf 89' lang='lat' dir='ltr'><strong>unam</strong></span> <span class='ocrx_word' id='word_1_187' title='bbox 439 1575 642 1637; x_wconf 88' lang='lat' dir='ltr'><strong>divinitatem.</strong></span> <span class='ocrx_word' id='word_1_188' title='bbox 656 1578 737 1637; x_wconf 90' lang='lat' dir='ltr'><strong>Nam</strong></span> <span class='ocrx_word' id='word_1_189' title='bbox 751 1577 836 1637; x_wconf 90' lang='lat' dir='ltr'><strong>sibo-</strong></span> <span class='ocrx_word' id='word_1_190' title='bbox 888 1592 944 1654; x_wconf 88' lang='grc' dir='ltr'><strong>ρει</strong></span> <span class='ocrx_word' id='word_1_191' title='bbox 956 1575 1040 1653; x_wconf 92' lang='lat' dir='ltr'><strong>quod</strong></span> <span class='ocrx_word' id='word_1_192' title='bbox 1054 1575 1171 1636; x_wconf 85' lang='lat' dir='ltr'><strong>habent</strong></span> <span class='ocrx_word' id='word_1_193' title='bbox 1183 1581 1218 1636; x_wconf 85' lang='lat' dir='ltr'><strong>ut</strong></span> <span class='ocrx_word' id='word_1_194' title='bbox 1232 1576 1293 1637; x_wconf 89' lang='lat' dir='ltr'><strong>sint</strong></span> <span class='ocrx_word' id='word_1_195' title='bbox 1311 1595 1368 1655; x_wconf 89' lang='grc' dir='ltr'><strong>ρει</strong></span> <span class='ocrx_word' id='word_1_196' title='bbox 1388 1595 1431 1637; x_wconf 91' lang='lat' dir='ltr'><strong>se.</strong></span> <span class='ocrx_word' id='word_1_197' title='bbox 1456 1578 1565 1637; x_wconf 78' lang='lat' dir='ltr'><strong>Venus</strong></span> <span class='ocrx_word' id='word_1_198' title='bbox 1590 1597 1665 1658; x_wconf 85' lang='lat' dir='ltr'><strong>ergo</strong></span> 
     </span>
     <span class='ocr_line' id='line_1_15' title="bbox 78 1669 1665 1752; baseline 0.001 -22"><span class='ocrx_word' id='word_1_199' title='bbox 78 1690 141 1731; x_wconf 89' lang='lat' dir='ltr'><strong>num</strong></span> <span class='ocrx_word' id='word_1_200' title='bbox 154 1678 182 1731; x_wconf 88' lang='lat' dir='ltr'><strong>et</strong></span> <span class='ocrx_word' id='word_1_201' title='bbox 190 1671 311 1749; x_wconf 81' lang='lat' dir='ltr'><strong>justum</strong></span> <span class='ocrx_word' id='word_1_202' title='bbox 322 1677 353 1731; x_wconf 90' lang='lat' dir='ltr'><strong>et</strong></span> <span class='ocrx_word' id='word_1_203' title='bbox 363 1670 483 1751; x_wconf 85' lang='lat' dir='ltr'><strong>sapiens</strong></span> <span class='ocrx_word' id='word_1_204' title='bbox 496 1676 528 1731; x_wconf 90' lang='lat' dir='ltr'><strong>et</strong></span> <span class='ocrx_word' id='word_1_205' title='bbox 538 1676 648 1750; x_wconf 87' lang='lat' dir='ltr'><strong>potens</strong></span> <span class='ocrx_word' id='word_1_206' title='bbox 663 1689 726 1731; x_wconf 93' lang='lat' dir='ltr'><strong>uno</strong></span> <span class='ocrx_word' id='word_1_207' title='bbox 742 1672 835 1732; x_wconf 90' lang='lat' dir='ltr'><strong>modo</strong></span> <span class='ocrx_word' id='word_1_208' title='bbox 888 1687 944 1747; x_wconf 90' lang='lat' dir='ltr'><strong>per</strong></span> <span class='ocrx_word' id='word_1_209' title='bbox 957 1669 1059 1748; x_wconf 90' lang='lat' dir='ltr'><strong>ipsum</strong></span> <span class='ocrx_word' id='word_1_210' title='bbox 1073 1688 1172 1730; x_wconf 82' lang='lat' dir='ltr'><strong>unrrm</strong></span> <span class='ocrx_word' id='word_1_211' title='bbox 1188 1676 1386 1746; x_wconf 72' lang='lat' dir='ltr'><strong>conclamat,</strong></span> <span class='ocrx_word' id='word_1_212' title='bbox 1401 1689 1495 1751; x_wconf 90' lang='lat' dir='ltr'><strong>quam</strong></span> <span class='ocrx_word' id='word_1_213' title='bbox 1507 1672 1665 1752; x_wconf 88' lang='lat' dir='ltr'><strong>perplura</strong></span> 
     </span>
     <span class='ocr_line' id='line_1_16' title="bbox 78 1762 1665 1845; baseline 0 -20"><span class='ocrx_word' id='word_1_214' title='bbox 78 1764 419 1845; x_wconf 60' lang='lat' dir='ltr'><strong>dalamantiam</strong></span> <span class='ocrx_word' id='word_1_215' title='bbox 432 1765 508 1824; x_wconf 91' lang='lat' dir='ltr'><strong>item</strong></span> <span class='ocrx_word' id='word_1_216' title='bbox 522 1770 723 1839; x_wconf 66' lang='lat' dir='ltr'><strong>maternum,</strong></span> <span class='ocrx_word' id='word_1_217' title='bbox 738 1765 836 1845; x_wconf 84' lang='lat' dir='ltr'><strong>eopia</strong></span> <span class='ocrx_word' id='word_1_218' title='bbox 888 1780 958 1840; x_wconf 87' lang='lat' dir='ltr'><strong>quae</strong></span> <span class='ocrx_word' id='word_1_219' title='bbox 971 1762 1036 1822; x_wconf 86' lang='lat' dir='ltr'><strong>sine</strong></span> <span class='ocrx_word' id='word_1_220' title='bbox 1061 1780 1097 1823; x_wconf 92' lang='lat' dir='ltr'><strong>eo</strong></span> <span class='ocrx_word' id='word_1_221' title='bbox 1118 1782 1182 1822; x_wconf 89' lang='lat' dir='ltr'><strong>uuo</strong></span> <span class='ocrx_word' id='word_1_222' title='bbox 1197 1781 1260 1823; x_wconf 81' lang='lat' dir='ltr'><strong>esse</strong></span> <span class='ocrx_word' id='word_1_223' title='bbox 1282 1781 1347 1824; x_wconf 88' lang='lat' dir='ltr'><strong>non</strong></span> <span class='ocrx_word' id='word_1_224' title='bbox 1370 1770 1508 1843; x_wconf 87' lang='lat' dir='ltr'><strong>possunt.</strong></span> <span class='ocrx_word' id='word_1_225' title='bbox 1532 1765 1573 1825; x_wconf 92' lang='lat' dir='ltr'><strong>Ut</strong></span> <span class='ocrx_word' id='word_1_226' title='bbox 1591 1784 1665 1825; x_wconf 88' lang='lat' dir='ltr'><strong>vero</strong></span> 
     </span>
     <span class='ocr_line' id='line_1_17' title="bbox 78 1852 1662 1936; baseline -0.001 -19"><span class='ocrx_word' id='word_1_227' title='bbox 78 1856 312 1936; x_wconf 82' lang='lat' dir='ltr'><strong>omnisaogitatio</strong></span> <span class='ocrx_word' id='word_1_228' title='bbox 327 1856 437 1918; x_wconf 88' lang='lat' dir='ltr'><strong>eodem</strong></span> <span class='ocrx_word' id='word_1_229' title='bbox 447 1855 542 1917; x_wconf 90' lang='lat' dir='ltr'><strong>modo</strong></span> <span class='ocrx_word' id='word_1_230' title='bbox 556 1856 735 1933; x_wconf 68' lang='lat' dir='ltr'><strong>affirmetun</strong></span> <span class='ocrx_word' id='word_1_231' title='bbox 749 1859 836 1919; x_wconf 90' lang='lat' dir='ltr'><strong>omni</strong></span> <span class='ocrx_word' id='word_1_232' title='bbox 888 1852 979 1933; x_wconf 88' lang='lat' dir='ltr'><strong>plura</strong></span> <span class='ocrx_word' id='word_1_233' title='bbox 990 1872 1047 1933; x_wconf 85' lang='grc' dir='ltr'><strong>ρει</strong></span> <span class='ocrx_word' id='word_1_234' title='bbox 1057 1873 1089 1914; x_wconf 89' lang='grc' dir='ltr'><strong>εε</strong></span> <span class='ocrx_word' id='word_1_235' title='bbox 1103 1855 1235 1914; x_wconf 83' lang='lat' dir='ltr'><strong>invicem</strong></span> <span class='ocrx_word' id='word_1_236' title='bbox 1249 1856 1319 1931; x_wconf 76' lang='lat' dir='ltr'><strong>sint,</strong></span> <span class='ocrx_word' id='word_1_237' title='bbox 1340 1855 1428 1915; x_wconf 87' lang='lat' dir='ltr'><strong>nulla</strong></span> <span class='ocrx_word' id='word_1_238' title='bbox 1443 1856 1559 1934; x_wconf 87' lang='lat' dir='ltr'><strong>patitur</strong></span> <span class='ocrx_word' id='word_1_239' title='bbox 1574 1857 1662 1932; x_wconf 88' lang='lat' dir='ltr'><strong>ratio,</strong></span> 
     </span>
     <span class='ocr_line' id='line_1_18' title="bbox 79 1946 1666 2032; baseline -0.001 -22"><span class='ocrx_word' id='word_1_240' title='bbox 79 1951 183 2029; x_wconf 85' lang='lat' dir='ltr'><strong>penitus</strong></span> <span class='ocrx_word' id='word_1_241' title='bbox 198 1950 323 2012; x_wconf 88' lang='lat' dir='ltr'><strong>sublata</strong></span> <span class='ocrx_word' id='word_1_242' title='bbox 344 1950 527 2027; x_wconf 79' lang='lat' dir='ltr'><strong>differentia,</strong></span> <span class='ocrx_word' id='word_1_243' title='bbox 552 1946 682 2012; x_wconf 88' lang='lat' dir='ltr'><strong>deorum</strong></span> <span class='ocrx_word' id='word_1_244' title='bbox 711 1970 835 2032; x_wconf 87' lang='lat' dir='ltr'><strong>quoque</strong></span> <span class='ocrx_word' id='word_1_245' title='bbox 888 1947 1037 2025; x_wconf 91' lang='lat' dir='ltr'><strong>quoniam</strong></span> <span class='ocrx_word' id='word_1_246' title='bbox 1058 1947 1242 2008; x_wconf 87' lang='lat' dir='ltr'><strong>irrationalis</strong></span> <span class='ocrx_word' id='word_1_247' title='bbox 1262 1949 1405 2027; x_wconf 72' lang='lat' dir='ltr'>cogitatio</span> <span class='ocrx_word' id='word_1_248' title='bbox 1427 1954 1481 2025; x_wconf 89' lang='lat' dir='ltr'><strong>est,</strong></span> <span class='ocrx_word' id='word_1_249' title='bbox 1505 1954 1541 2009; x_wconf 91' lang='lat' dir='ltr'><strong>ut</strong></span> <span class='ocrx_word' id='word_1_250' title='bbox 1561 1948 1666 2028; x_wconf 86' lang='lat' dir='ltr'><strong>aliqua</strong></span> 
     </span>
     <span class='ocr_line' id='line_1_19' title="bbox 79 2041 1664 2122; baseline 0 -19"><span class='ocrx_word' id='word_1_251' title='bbox 79 2043 424 2122; x_wconf 79' lang='lat' dir='ltr'><strong>multitudoexdogmato</strong></span> <span class='ocrx_word' id='word_1_252' title='bbox 434 2046 601 2104; x_wconf 74' lang='lat' dir='ltr'><strong>necessario</strong></span> <span class='ocrx_word' id='word_1_253' title='bbox 616 2043 746 2119; x_wconf 84' lang='lat' dir='ltr'><strong>tollitur,</strong></span> <span class='ocrx_word' id='word_1_254' title='bbox 763 2062 835 2105; x_wconf 89' lang='lat' dir='ltr'><strong>eum</strong></span> <span class='ocrx_word' id='word_1_255' title='bbox 888 2058 938 2102; x_wconf 87' lang='lat' dir='ltr'><strong>res</strong></span> <span class='ocrx_word' id='word_1_256' title='bbox 947 2042 986 2101; x_wconf 90' lang='lat' dir='ltr'><strong>sit</strong></span> <span class='ocrx_word' id='word_1_257' title='bbox 999 2059 1055 2121; x_wconf 87' lang='lat' dir='ltr'><strong>per</strong></span> <span class='ocrx_word' id='word_1_258' title='bbox 1065 2041 1154 2116; x_wconf 83' lang='lat' dir='ltr'><strong>illud,</strong></span> <span class='ocrx_word' id='word_1_259' title='bbox 1168 2041 1219 2101; x_wconf 89' lang='lat' dir='ltr'><strong>eui</strong></span> <span class='ocrx_word' id='word_1_260' title='bbox 1230 2042 1283 2102; x_wconf 90' lang='lat' dir='ltr'><strong>dat</strong></span> <span class='ocrx_word' id='word_1_261' title='bbox 1293 2052 1411 2102; x_wconf 76' lang='lat' dir='ltr'><strong>esset.»</strong></span> <span class='ocrx_word' id='word_1_262' title='bbox 1431 2042 1518 2115; x_wconf 89' lang='lat' dir='ltr'><strong>Quod</strong></span> <span class='ocrx_word' id='word_1_263' title='bbox 1530 2042 1614 2102; x_wconf 80' lang='lat' dir='ltr'><strong>enim</strong></span> <span class='ocrx_word' id='word_1_264' title='bbox 1626 2043 1664 2104; x_wconf 90' lang='lat' dir='ltr'><strong>de</strong></span> 
     </span>
     <span class='ocr_line' id='line_1_20' title="bbox 80 2131 1665 2216; baseline -0.001 -19"><span class='ocrx_word' id='word_1_265' title='bbox 80 2155 137 2214; x_wconf 81' lang='lat' dir='ltr'><strong>qua</strong></span> <span class='ocrx_word' id='word_1_266' title='bbox 148 2143 188 2197; x_wconf 81' lang='lat' dir='ltr'><strong>est</strong></span> <span class='ocrx_word' id='word_1_267' title='bbox 202 2155 259 2216; x_wconf 85' lang='lat' dir='ltr'><strong>per</strong></span> <span class='ocrx_word' id='word_1_268' title='bbox 272 2137 388 2211; x_wconf 80' lang='lat' dir='ltr'><strong>omnia,</strong></span> <span class='ocrx_word' id='word_1_269' title='bbox 403 2141 439 2197; x_wconf 91' lang='lat' dir='ltr'><strong>ut</strong></span> <span class='ocrx_word' id='word_1_270' title='bbox 447 2137 491 2196; x_wconf 89' lang='lat' dir='ltr'><strong>ita</strong></span> <span class='ocrx_word' id='word_1_271' title='bbox 502 2136 613 2212; x_wconf 84' lang='lat' dir='ltr'><strong>dicam,</strong></span> <span class='ocrx_word' id='word_1_272' title='bbox 626 2136 778 2212; x_wconf 74' lang='lat' dir='ltr'><strong>identitas,</strong></span> <span class='ocrx_word' id='word_1_273' title='bbox 796 2136 836 2196; x_wconf 87' lang='lat' dir='ltr'><strong>ad</strong></span> <span class='ocrx_word' id='word_1_274' title='bbox 889 2132 1022 2193; x_wconf 83' lang='lat' dir='ltr'><strong>relativis</strong></span> <span class='ocrx_word' id='word_1_275' title='bbox 1037 2131 1128 2211; x_wconf 85' lang='lat' dir='ltr'><strong>objiei</strong></span> <span class='ocrx_word' id='word_1_276' title='bbox 1142 2138 1251 2213; x_wconf 76' lang='lat' dir='ltr'><strong>potest,</strong></span> <span class='ocrx_word' id='word_1_277' title='bbox 1269 2151 1306 2194; x_wconf 92' lang='lat' dir='ltr'><strong>ea</strong></span> <span class='ocrx_word' id='word_1_278' title='bbox 1325 2152 1390 2194; x_wconf 86' lang='lat' dir='ltr'><strong>uon</strong></span> <span class='ocrx_word' id='word_1_279' title='bbox 1411 2134 1452 2193; x_wconf 88' lang='lat' dir='ltr'><strong>sie</strong></span> <span class='ocrx_word' id='word_1_280' title='bbox 1466 2139 1538 2194; x_wconf 90' lang='lat' dir='ltr'><strong>sunt</strong></span> <span class='ocrx_word' id='word_1_281' title='bbox 1557 2153 1613 2214; x_wconf 91' lang='grc' dir='ltr'><strong>ρει</strong></span> <span class='ocrx_word' id='word_1_282' title='bbox 1634 2152 1665 2195; x_wconf 89' lang='lat' dir='ltr'><strong>se</strong></span> 
     </span>
     <span class='ocr_line' id='line_1_21' title="bbox 79 2224 1665 2309; baseline -0.001 -21"><span class='ocrx_word' id='word_1_283' title='bbox 79 2228 105 2288; x_wconf 91' lang='lat' dir='ltr'><strong>id</strong></span> <span class='ocrx_word' id='word_1_284' title='bbox 116 2231 189 2309; x_wconf 88' lang='lat' dir='ltr'><strong>quod</strong></span> <span class='ocrx_word' id='word_1_285' title='bbox 199 2248 301 2290; x_wconf 90' lang='lat' dir='ltr'><strong>unum</strong></span> <span class='ocrx_word' id='word_1_286' title='bbox 314 2236 360 2290; x_wconf 85' lang='lat' dir='ltr'><strong>est</strong></span> <span class='ocrx_word' id='word_1_287' title='bbox 373 2229 469 2309; x_wconf 77' lang='lat' dir='ltr'><strong>iidem</strong></span> <span class='ocrx_word' id='word_1_288' title='bbox 482 2229 612 2308; x_wconf 90' lang='lat' dir='ltr'><strong>redigat.</strong></span> <span class='ocrx_word' id='word_1_289' title='bbox 634 2252 648 2286; x_wconf 71' lang='grc' dir='ltr'>ι</span> <span class='ocrx_word' id='word_1_290' title='bbox 672 2230 744 2290; x_wconf 68' lang='lat' dir='ltr'><strong>Haeo</strong></span> <span class='ocrx_word' id='word_1_291' title='bbox 763 2231 837 2309; x_wconf 80' lang='lat' dir='ltr'><strong>Nys</strong></span> <span class='ocrx_word' id='word_1_292' title='bbox 889 2224 1033 2285; x_wconf 87' lang='lat' dir='ltr'><strong>invieem.</strong></span> <span class='ocrx_word' id='word_1_293' title='bbox 1049 2247 1064 2282; x_wconf 86' lang='lat'>«</span> <span class='ocrx_word' id='word_1_294' title='bbox 1081 2226 1160 2286; x_wconf 89' lang='lat' dir='ltr'><strong>Nam</strong></span> <span class='ocrx_word' id='word_1_295' title='bbox 1184 2244 1256 2286; x_wconf 85' lang='lat' dir='ltr'><strong>eum</strong></span> <span class='ocrx_word' id='word_1_296' title='bbox 1280 2225 1425 2286; x_wconf 87' lang='lat' dir='ltr'><strong>dominus</strong></span> <span class='ocrx_word' id='word_1_297' title='bbox 1446 2230 1477 2285; x_wconf 87' lang='lat' dir='ltr'><strong>et</strong></span> <span class='ocrx_word' id='word_1_298' title='bbox 1497 2245 1602 2287; x_wconf 87' lang='lat' dir='ltr'><strong>servus</strong></span> <span class='ocrx_word' id='word_1_299' title='bbox 1615 2245 1665 2287; x_wconf 87' lang='lat' dir='ltr'><strong>re-</strong></span> 
     </span>
     <span class='ocr_line' id='line_1_22' title="bbox 80 2317 1667 2402; baseline 0 -22"><span class='ocrx_word' id='word_1_300' title='bbox 80 2339 164 2395; x_wconf 86' lang='lat' dir='ltr'><strong>senas,</strong></span> <span class='ocrx_word' id='word_1_301' title='bbox 179 2321 269 2401; x_wconf 89' lang='lat' dir='ltr'><strong>eujus</strong></span> <span class='ocrx_word' id='word_1_302' title='bbox 283 2329 439 2402; x_wconf 88' lang='lat' dir='ltr'><strong>postrema</strong></span> <span class='ocrx_word' id='word_1_303' title='bbox 452 2321 507 2382; x_wconf 92' lang='lat' dir='ltr'><strong>illa</strong></span> <span class='ocrx_word' id='word_1_304' title='bbox 522 2322 716 2401; x_wconf 86' lang='lat' dir='ltr'><strong>potissimum</strong></span> <span class='ocrx_word' id='word_1_305' title='bbox 736 2322 838 2382; x_wconf 88' lang='lat' dir='ltr'><strong>obser·</strong></span> <span class='ocrx_word' id='word_1_306' title='bbox 889 2317 1029 2377; x_wconf 86' lang='lat' dir='ltr'><strong>ferantur</strong></span> <span class='ocrx_word' id='word_1_307' title='bbox 1044 2317 1082 2377; x_wconf 91' lang='lat' dir='ltr'><strong>ad</strong></span> <span class='ocrx_word' id='word_1_308' title='bbox 1098 2318 1241 2394; x_wconf 82' lang='lat' dir='ltr'><strong>invicem,</strong></span> <span class='ocrx_word' id='word_1_309' title='bbox 1263 2324 1295 2379; x_wconf 89' lang='lat' dir='ltr'><strong>et</strong></span> <span class='ocrx_word' id='word_1_310' title='bbox 1308 2318 1365 2398; x_wconf 90' lang='lat' dir='ltr'><strong>ipsi</strong></span> <span class='ocrx_word' id='word_1_311' title='bbox 1382 2318 1525 2379; x_wconf 91' lang='lat' dir='ltr'><strong>homines</strong></span> <span class='ocrx_word' id='word_1_312' title='bbox 1544 2319 1599 2399; x_wconf 92' lang='lat' dir='ltr'><strong>qui</strong></span> <span class='ocrx_word' id='word_1_313' title='bbox 1615 2338 1667 2381; x_wconf 88' lang='lat' dir='ltr'><strong>re-</strong></span> 
     </span>
     <span class='ocr_line' id='line_1_23' title="bbox 80 2411 1667 2493; baseline 0.003 -24"><span class='ocrx_word' id='word_1_314' title='bbox 80 2415 163 2475; x_wconf 83' lang='lat' dir='ltr'><strong>rmda</strong></span> <span class='ocrx_word' id='word_1_315' title='bbox 178 2421 259 2489; x_wconf 84' lang='lat' dir='ltr'><strong>sunt,</strong></span> <span class='ocrx_word' id='word_1_316' title='bbox 275 2415 310 2475; x_wconf 92' lang='lat' dir='ltr'><strong>in</strong></span> <span class='ocrx_word' id='word_1_317' title='bbox 331 2413 445 2493; x_wconf 87' lang='lat' dir='ltr'><strong>quibus</strong></span> <span class='ocrx_word' id='word_1_318' title='bbox 468 2414 592 2474; x_wconf 88' lang='lat' dir='ltr'><strong>unieam</strong></span> <span class='ocrx_word' id='word_1_319' title='bbox 614 2432 678 2475; x_wconf 72' lang='lat' dir='ltr'><strong>asse</strong></span> <span class='ocrx_word' id='word_1_320' title='bbox 698 2414 838 2475; x_wconf 75' lang='lat' dir='ltr'><strong>divinita</strong></span> <span class='ocrx_word' id='word_1_321' title='bbox 889 2411 1033 2472; x_wconf 87' lang='lat' dir='ltr'><strong>seruntur</strong></span> <span class='ocrx_word' id='word_1_322' title='bbox 1051 2413 1179 2473; x_wconf 90' lang='lat' dir='ltr'><strong>omnino</strong></span> <span class='ocrx_word' id='word_1_323' title='bbox 1200 2431 1266 2473; x_wconf 89' lang='lat' dir='ltr'><strong>non</strong></span> <span class='ocrx_word' id='word_1_324' title='bbox 1294 2417 1367 2472; x_wconf 90' lang='lat' dir='ltr'><strong>sunt</strong></span> <span class='ocrx_word' id='word_1_325' title='bbox 1388 2430 1444 2492; x_wconf 93' lang='grc' dir='ltr'><strong>ρει</strong></span> <span class='ocrx_word' id='word_1_326' title='bbox 1470 2413 1612 2489; x_wconf 78' lang='lat' dir='ltr'><strong>invicem,</strong></span> <span class='ocrx_word' id='word_1_327' title='bbox 1636 2420 1667 2474; x_wconf 88' lang='lat' dir='ltr'><strong>et</strong></span> 
     </span>
     <span class='ocr_line' id='line_1_24' title="bbox 80 2505 1665 2588; baseline 0 -21"><span class='ocrx_word' id='word_1_328' title='bbox 80 2513 131 2568; x_wconf 86' lang='lat' dir='ltr'><strong>tem</strong></span> <span class='ocrx_word' id='word_1_329' title='bbox 144 2508 260 2588; x_wconf 87' lang='lat' dir='ltr'><strong>probat,</strong></span> <span class='ocrx_word' id='word_1_330' title='bbox 286 2508 371 2587; x_wconf 93' lang='lat' dir='ltr'><strong>quod</strong></span> <span class='ocrx_word' id='word_1_331' title='bbox 391 2508 467 2568; x_wconf 87' lang='lat' dir='ltr'><strong>boni</strong></span> <span class='ocrx_word' id='word_1_332' title='bbox 485 2515 516 2569; x_wconf 90' lang='lat' dir='ltr'><strong>et</strong></span> <span class='ocrx_word' id='word_1_333' title='bbox 531 2508 605 2587; x_wconf 85' lang='lat' dir='ltr'><strong>justi</strong></span> <span class='ocrx_word' id='word_1_334' title='bbox 634 2516 665 2570; x_wconf 89' lang='lat' dir='ltr'><strong>et</strong></span> <span class='ocrx_word' id='word_1_335' title='bbox 691 2508 835 2588; x_wconf 89' lang='lat' dir='ltr'><strong>potentis,</strong></span> <span class='ocrx_word' id='word_1_336' title='bbox 891 2505 963 2585; x_wconf 75' lang='lat' dir='ltr'><strong>ipsae</strong></span> <span class='ocrx_word' id='word_1_337' title='bbox 977 2505 1259 2585; x_wconf 87' lang='lat' dir='ltr'><strong>relationesquibus</strong></span> <span class='ocrx_word' id='word_1_338' title='bbox 1266 2506 1452 2582; x_wconf 80' lang='lat' dir='ltr'><strong>referuntur,</strong></span> <span class='ocrx_word' id='word_1_339' title='bbox 1465 2508 1593 2568; x_wconf 91' lang='lat' dir='ltr'><strong>omnino</strong></span> <span class='ocrx_word' id='word_1_340' title='bbox 1601 2527 1665 2568; x_wconf 90' lang='lat' dir='ltr'><strong>non</strong></span> 
     </span>
     <span class='ocr_line' id='line_1_25' title="bbox 79 2598 1667 2680; baseline -0.001 -21"><span class='ocrx_word' id='word_1_341' title='bbox 79 2601 129 2662; x_wconf 81' lang='lat' dir='ltr'><strong>sire</strong></span> <span class='ocrx_word' id='word_1_342' title='bbox 146 2600 298 2675; x_wconf 87' lang='lat' dir='ltr'><strong>honitatis,</strong></span> <span class='ocrx_word' id='word_1_343' title='bbox 325 2600 450 2679; x_wconf 72' lang='lat' dir='ltr'><strong>justitiae</strong></span> <span class='ocrx_word' id='word_1_344' title='bbox 478 2618 515 2661; x_wconf 88' lang='lat' dir='ltr'><strong>ae</strong></span> <span class='ocrx_word' id='word_1_345' title='bbox 532 2600 688 2680; x_wconf 70' lang='lat' dir='ltr'><strong>potentiae,</strong></span> <span class='ocrx_word' id='word_1_346' title='bbox 716 2600 839 2661; x_wconf 90' lang='lat' dir='ltr'><strong>nonnisi</strong></span> <span class='ocrx_word' id='word_1_347' title='bbox 891 2602 964 2656; x_wconf 88' lang='lat' dir='ltr'><strong>sunt</strong></span> <span class='ocrx_word' id='word_1_348' title='bbox 985 2616 1041 2678; x_wconf 87' lang='grc' dir='ltr'><strong>ρει</strong></span> <span class='ocrx_word' id='word_1_349' title='bbox 1060 2598 1202 2674; x_wconf 80' lang='lat' dir='ltr'><strong>invicem,</strong></span> <span class='ocrx_word' id='word_1_350' title='bbox 1218 2599 1291 2677; x_wconf 90' lang='lat' dir='ltr'><strong>quia</strong></span> <span class='ocrx_word' id='word_1_351' title='bbox 1311 2598 1426 2658; x_wconf 85' lang='lat' dir='ltr'><strong>eaedem</strong></span> <span class='ocrx_word' id='word_1_352' title='bbox 1445 2599 1667 2678; x_wconf 75' lang='lat' dir='ltr'><strong>suntpersulr-</strong></span> 
     </span>
     <span class='ocr_line' id='line_1_26' title="bbox 80 2688 1668 2772; baseline 0 -21"><span class='ocrx_word' id='word_1_353' title='bbox 80 2694 156 2754; x_wconf 80' lang='lat' dir='ltr'><strong>rnriea</strong></span> <span class='ocrx_word' id='word_1_354' title='bbox 174 2699 203 2754; x_wconf 90' lang='lat' dir='ltr'><strong>et</strong></span> <span class='ocrx_word' id='word_1_355' title='bbox 221 2691 385 2771; x_wconf 83' lang='lat' dir='ltr'><strong>singulan&#39;s</strong></span> <span class='ocrx_word' id='word_1_356' title='bbox 404 2692 505 2752; x_wconf 78' lang='lat' dir='ltr'><strong>forma</strong></span> <span class='ocrx_word' id='word_1_357' title='bbox 525 2692 573 2767; x_wconf 87' lang='lat' dir='ltr'><strong>sit,</strong></span> <span class='ocrx_word' id='word_1_358' title='bbox 589 2691 650 2753; x_wconf 88' lang='lat' dir='ltr'><strong>sive</strong></span> <span class='ocrx_word' id='word_1_359' title='bbox 671 2692 750 2768; x_wconf 80' lang='lat' dir='ltr'><strong>idea,</strong></span> <span class='ocrx_word' id='word_1_360' title='bbox 769 2711 838 2772; x_wconf 73' lang='lat' dir='ltr'><strong>quaa</strong></span> <span class='ocrx_word' id='word_1_361' title='bbox 888 2688 980 2766; x_wconf 82' lang='lat' dir='ltr'><strong>jecta.</strong></span> <span class='ocrx_word' id='word_1_362' title='bbox 999 2690 1134 2769; x_wconf 85' lang='lat' dir='ltr'><strong>»ltaque</strong></span> <span class='ocrx_word' id='word_1_363' title='bbox 1145 2708 1202 2769; x_wconf 89' lang='grc' dir='ltr'><strong>ρει</strong></span> <span class='ocrx_word' id='word_1_364' title='bbox 1215 2708 1315 2749; x_wconf 88' lang='grc' dir='ltr'>ιιιιιιιιι</span> <span class='ocrx_word' id='word_1_365' title='bbox 1330 2709 1451 2751; x_wconf 83' lang='lat' dir='ltr'><strong>neeesse</strong></span> <span class='ocrx_word' id='word_1_366' title='bbox 1466 2696 1584 2751; x_wconf 86' lang='lat' dir='ltr'><strong>estesse</strong></span> <span class='ocrx_word' id='word_1_367' title='bbox 1599 2709 1668 2752; x_wconf 93' lang='lat' dir='ltr'><strong>om·</strong></span> 
     </span>
     <span class='ocr_line' id='line_1_27' title="bbox 80 2782 1668 2866; baseline 0 -21"><span class='ocrx_word' id='word_1_368' title='bbox 80 2787 183 2866; x_wconf 85' lang='lat' dir='ltr'><strong>estipse</strong></span> <span class='ocrx_word' id='word_1_369' title='bbox 193 2788 276 2847; x_wconf 86' lang='lat' dir='ltr'><strong>Deus</strong></span> <span class='ocrx_word' id='word_1_370' title='bbox 290 2785 339 2846; x_wconf 81' lang='lat' dir='ltr'><strong>vel</strong></span> <span class='ocrx_word' id='word_1_371' title='bbox 358 2785 511 2859; x_wconf 71' lang='lat' dir='ltr'><strong>ditinitas</strong></span> <span class='ocrx_word' id='word_1_372' title='bbox 539 2790 575 2844; x_wconf 89' lang='lat' dir='ltr'><strong>ut</strong></span> <span class='ocrx_word' id='word_1_373' title='bbox 589 2791 696 2864; x_wconf 85' lang='lat' dir='ltr'><strong>postea</strong></span> <span class='ocrx_word' id='word_1_374' title='bbox 710 2786 839 2845; x_wconf 90' lang='lat' dir='ltr'><strong>demon·</strong></span> <span class='ocrx_word' id='word_1_375' title='bbox 892 2782 944 2842; x_wconf 89' lang='lat' dir='ltr'><strong>nia</strong></span> <span class='ocrx_word' id='word_1_376' title='bbox 961 2783 1045 2861; x_wconf 88' lang='lat' dir='ltr'><strong>quod</strong></span> <span class='ocrx_word' id='word_1_377' title='bbox 1065 2801 1121 2861; x_wconf 89' lang='grc' dir='ltr'><strong>ρει</strong></span> <span class='ocrx_word' id='word_1_378' title='bbox 1144 2783 1278 2862; x_wconf 90' lang='lat' dir='ltr'><strong>seipsum</strong></span> <span class='ocrx_word' id='word_1_379' title='bbox 1299 2801 1362 2843; x_wconf 88' lang='lat' dir='ltr'><strong>esse</strong></span> <span class='ocrx_word' id='word_1_380' title='bbox 1384 2783 1485 2859; x_wconf 87' lang='lat' dir='ltr'><strong>debet,</strong></span> <span class='ocrx_word' id='word_1_381' title='bbox 1503 2802 1559 2845; x_wconf 88' lang='lat' dir='ltr'><strong>nee</strong></span> <span class='ocrx_word' id='word_1_382' title='bbox 1572 2784 1606 2844; x_wconf 89' lang='lat' dir='ltr'><strong>in</strong></span> <span class='ocrx_word' id='word_1_383' title='bbox 1617 2785 1668 2845; x_wconf 88' lang='lat' dir='ltr'><strong>in·</strong></span> 
     </span>
     <span class='ocr_line' id='line_1_28' title="bbox 79 2874 1665 2956; baseline -0.002 -16"><span class='ocrx_word' id='word_1_384' title='bbox 79 2879 217 2942; x_wconf 80' lang='lat' dir='ltr'><strong>strabitur.</strong></span> <span class='ocrx_word' id='word_1_385' title='bbox 235 2880 357 2941; x_wconf 82' lang='lat' dir='ltr'><strong>Etenim</strong></span> <span class='ocrx_word' id='word_1_386' title='bbox 368 2878 489 2939; x_wconf 88' lang='lat' dir='ltr'><strong>bonitas</strong></span> <span class='ocrx_word' id='word_1_387' title='bbox 508 2895 631 2938; x_wconf 88' lang='lat' dir='ltr'><strong>summa</strong></span> <span class='ocrx_word' id='word_1_388' title='bbox 650 2877 729 2937; x_wconf 85' lang='lat' dir='ltr'><strong>nihil</strong></span> <span class='ocrx_word' id='word_1_389' title='bbox 753 2878 839 2938; x_wconf 88' lang='lat' dir='ltr'><strong>aliud</strong></span> <span class='ocrx_word' id='word_1_390' title='bbox 892 2874 1016 2935; x_wconf 85' lang='lat' dir='ltr'><strong>linitum</strong></span> <span class='ocrx_word' id='word_1_391' title='bbox 1054 2876 1132 2937; x_wconf 87' lang='lat' dir='ltr'><strong>ratio</strong></span> <span class='ocrx_word' id='word_1_392' title='bbox 1170 2876 1227 2936; x_wconf 85' lang='lat' dir='ltr'><strong>ista</strong></span> <span class='ocrx_word' id='word_1_393' title='bbox 1258 2877 1503 2956; x_wconf 77' lang='lat' dir='ltr'><strong>progressionem</strong></span> <span class='ocrx_word' id='word_1_394' title='bbox 1543 2876 1665 2951; x_wconf 78' lang='lat' dir='ltr'><strong>habeat,</strong></span> 
     </span>
     <span class='ocr_line' id='line_1_29' title="bbox 81 2969 1668 3052; baseline 0.001 -21"><span class='ocrx_word' id='word_1_395' title='bbox 81 2977 217 3052; x_wconf 73' lang='lat' dir='ltr'><strong>utquam</strong></span> <span class='ocrx_word' id='word_1_396' title='bbox 229 2990 354 3034; x_wconf 86' lang='lat' dir='ltr'><strong>summa</strong></span> <span class='ocrx_word' id='word_1_397' title='bbox 372 2970 502 3046; x_wconf 86' lang='lat' dir='ltr'><strong>bonitas,</strong></span> <span class='ocrx_word' id='word_1_398' title='bbox 522 2987 644 3031; x_wconf 90' lang='lat' dir='ltr'><strong>summa</strong></span> <span class='ocrx_word' id='word_1_399' title='bbox 662 2970 738 3031; x_wconf 85' lang='lat' dir='ltr'><strong>item</strong></span> <span class='ocrx_word' id='word_1_400' title='bbox 751 2970 840 3048; x_wconf 87' lang='lat' dir='ltr'><strong>justi·</strong></span> <span class='ocrx_word' id='word_1_401' title='bbox 892 2969 1036 3048; x_wconf 87' lang='lat' dir='ltr'><strong>idemque</strong></span> <span class='ocrx_word' id='word_1_402' title='bbox 1054 2993 1068 3027; x_wconf 68' lang='lat' dir='ltr'><strong>a</strong></span> <span class='ocrx_word' id='word_1_403' title='bbox 1085 2988 1205 3031; x_wconf 87' lang='lat' dir='ltr'><strong>summe</strong></span> <span class='ocrx_word' id='word_1_404' title='bbox 1216 2970 1336 3031; x_wconf 89' lang='lat' dir='ltr'><strong>bonum</strong></span> <span class='ocrx_word' id='word_1_405' title='bbox 1351 2977 1396 3031; x_wconf 87' lang='lat' dir='ltr'><strong>est</strong></span> <span class='ocrx_word' id='word_1_406' title='bbox 1415 2976 1446 3032; x_wconf 90' lang='lat' dir='ltr'><strong>et</strong></span> <span class='ocrx_word' id='word_1_407' title='bbox 1459 2989 1580 3031; x_wconf 88' lang='lat' dir='ltr'><strong>summe</strong></span> <span class='ocrx_word' id='word_1_408' title='bbox 1600 2990 1668 3032; x_wconf 87' lang='lat' dir='ltr'><strong>ma·</strong></span> 
     </span>
     <span class='ocr_line' id='line_1_30' title="bbox 80 3063 1585 3147; baseline -0.003 -21"><span class='ocrx_word' id='word_1_409' title='bbox 80 3066 116 3126; x_wconf 86' lang='lat' dir='ltr'><strong>tia</strong></span> <span class='ocrx_word' id='word_1_410' title='bbox 134 3073 162 3128; x_wconf 86' lang='lat' dir='ltr'><strong>et</strong></span> <span class='ocrx_word' id='word_1_411' title='bbox 181 3068 316 3147; x_wconf 73' lang='lat' dir='ltr'><strong>potanda</strong></span> <span class='ocrx_word' id='word_1_412' title='bbox 338 3064 418 3126; x_wconf 87' lang='lat' dir='ltr'><strong>nihil</strong></span> <span class='ocrx_word' id='word_1_413' title='bbox 437 3065 615 3126; x_wconf 76' lang='lat' dir='ltr'><strong>distinctum</strong></span> <span class='ocrx_word' id='word_1_414' title='bbox 636 3065 770 3126; x_wconf 88' lang='lat' dir='ltr'><strong>admittit</strong></span> <span class='ocrx_word' id='word_1_415' title='bbox 785 3071 840 3126; x_wconf 91' lang='lat' dir='ltr'><strong>aut</strong></span> <span class='ocrx_word' id='word_1_416' title='bbox 892 3079 991 3141; x_wconf 86' lang='lat' dir='ltr'><strong>gnum</strong></span> <span class='ocrx_word' id='word_1_417' title='bbox 1006 3066 1037 3122; x_wconf 90' lang='lat' dir='ltr'><strong>et</strong></span> <span class='ocrx_word' id='word_1_418' title='bbox 1050 3081 1208 3123; x_wconf 85' lang='lat' dir='ltr'><strong>summum</strong></span> <span class='ocrx_word' id='word_1_419' title='bbox 1227 3063 1369 3124; x_wconf 91' lang='lat' dir='ltr'><strong>omnium</strong></span> <span class='ocrx_word' id='word_1_420' title='bbox 1384 3083 1453 3143; x_wconf 81' lang='lat' dir='ltr'><strong>quoe</strong></span> <span class='ocrx_word' id='word_1_421' title='bbox 1471 3070 1585 3124; x_wconf 80' lang='lat' dir='ltr'><strong>sunt.»</strong></span> 
     </span>
     <span class='ocr_line' id='line_1_31' title="bbox 80 3154 1833 3240; baseline -0.002 -23"><span class='ocrx_word' id='word_1_422' title='bbox 80 3157 278 3239; x_wconf 72' lang='lat' dir='ltr'><strong>includitque</strong></span> <span class='ocrx_word' id='word_1_423' title='bbox 293 3157 585 3237; x_wconf 85' lang='lat' dir='ltr'><strong>aseipaadissideat.</strong></span> <span class='ocrx_word' id='word_1_424' title='bbox 600 3157 693 3217; x_wconf 89' lang='lat' dir='ltr'><strong>Itane</strong></span> <span class='ocrx_word' id='word_1_425' title='bbox 707 3175 837 3218; x_wconf 85' lang='lat' dir='ltr'><strong>numero</strong></span> <span class='ocrx_word' id='word_1_426' title='bbox 932 3155 972 3213; x_wconf 80' lang='lat' dir='ltr'><strong>At</strong></span> <span class='ocrx_word' id='word_1_427' title='bbox 999 3154 1139 3233; x_wconf 84' lang='lat' dir='ltr'><strong>sequenti</strong></span> <span class='ocrx_word' id='word_1_428' title='bbox 1165 3155 1263 3234; x_wconf 85' lang='lat' dir='ltr'><strong>eapite</strong></span> <span class='ocrx_word' id='word_1_429' title='bbox 1294 3155 1376 3216; x_wconf 90' lang='lat' dir='ltr'><strong>idem</strong></span> <span class='ocrx_word' id='word_1_430' title='bbox 1403 3155 1565 3217; x_wconf 81' lang='lat' dir='ltr'><strong>Anselmus</strong></span> <span class='ocrx_word' id='word_1_431' title='bbox 1583 3156 1668 3218; x_wconf 86' lang='lat' dir='ltr'><strong>aliud</strong></span> <span class='ocrx_word' id='word_1_432' title='bbox 1692 3173 1771 3215; x_wconf 74' lang='lat' dir='ltr'><strong>untur</strong></span> <span class='ocrx_word' id='word_1_433' title='bbox 1793 3175 1833 3240; x_wconf 75' lang='lat' dir='ltr'><strong>ue</strong></span> 
     </span>
     <span class='ocr_line' id='line_1_32' title="bbox 80 3231 1832 3339; baseline -0.001 -26"><span class='ocrx_word' id='word_1_434' title='bbox 80 3250 192 3329; x_wconf 85' lang='lat' dir='ltr'><strong>quidem</strong></span> <span class='ocrx_word' id='word_1_435' title='bbox 204 3251 325 3313; x_wconf 78' lang='lat' dir='ltr'><strong>differre</strong></span> <span class='ocrx_word' id='word_1_436' title='bbox 344 3254 476 3329; x_wconf 88' lang='lat' dir='ltr'><strong>potesta</strong></span> <span class='ocrx_word' id='word_1_437' title='bbox 493 3267 616 3309; x_wconf 88' lang='lat' dir='ltr'><strong>summa</strong></span> <span class='ocrx_word' id='word_1_438' title='bbox 631 3248 766 3309; x_wconf 88' lang='lat' dir='ltr'><strong>bonitate</strong></span> <span class='ocrx_word' id='word_1_439' title='bbox 789 3249 839 3309; x_wconf 79' lang='lat' dir='ltr'><strong>rel</strong></span> <span class='ocrx_word' id='word_1_440' title='bbox 892 3253 1111 3326; x_wconf 78' lang='lat' dir='ltr'><strong>argumentum</strong></span> <span class='ocrx_word' id='word_1_441' title='bbox 1126 3248 1211 3308; x_wconf 89' lang='lat' dir='ltr'><strong>dueit</strong></span> <span class='ocrx_word' id='word_1_442' title='bbox 1226 3268 1264 3309; x_wconf 86' lang='lat' dir='ltr'><strong>ex</strong></span> <span class='ocrx_word' id='word_1_443' title='bbox 1274 3249 1419 3328; x_wconf 78' lang='lat' dir='ltr'><strong>inaequali</strong></span> <span class='ocrx_word' id='word_1_444' title='bbox 1435 3269 1540 3311; x_wconf 89' lang='lat' dir='ltr'><strong>rerum</strong></span> <span class='ocrx_word' id='word_1_445' title='bbox 1555 3252 1669 3331; x_wconf 82' lang='lat' dir='ltr'><strong>perfee-</strong></span> <span class='ocrx_word' id='word_1_446' title='bbox 1690 3231 1832 3339; x_wconf 57' lang='lat' dir='ltr'><strong>„ssfflfffiq</strong></span> 
     </span>
     <span class='ocr_line' id='line_1_33' title="bbox 81 3338 1827 3436; baseline 0 -29"><span class='ocrx_word' id='word_1_447' title='bbox 81 3346 199 3420; x_wconf 83' lang='lat' dir='ltr'><strong>potentia</strong></span> <span class='ocrx_word' id='word_1_448' title='bbox 211 3344 459 3406; x_wconf 83' lang='lat' dir='ltr'><strong>summobonitas</strong></span> <span class='ocrx_word' id='word_1_449' title='bbox 469 3348 501 3403; x_wconf 92' lang='lat' dir='ltr'><strong>et</strong></span> <span class='ocrx_word' id='word_1_450' title='bbox 514 3342 661 3422; x_wconf 86' lang='lat' dir='ltr'><strong>potentia.</strong></span> <span class='ocrx_word' id='word_1_451' title='bbox 677 3344 741 3402; x_wconf 85' lang='lat' dir='ltr'><strong>Hor</strong></span> <span class='ocrx_word' id='word_1_452' title='bbox 749 3361 840 3422; x_wconf 81' lang='lat' dir='ltr'><strong>argu·</strong></span> <span class='ocrx_word' id='word_1_453' title='bbox 891 3341 975 3404; x_wconf 89' lang='lat' dir='ltr'><strong>tione</strong></span> <span class='ocrx_word' id='word_1_454' title='bbox 998 3361 1034 3403; x_wconf 88' lang='lat' dir='ltr'><strong>ae</strong></span> <span class='ocrx_word' id='word_1_455' title='bbox 1056 3343 1214 3422; x_wconf 88' lang='lat' dir='ltr'><strong>dignitate.</strong></span> <span class='ocrx_word' id='word_1_456' title='bbox 1240 3343 1361 3404; x_wconf 86' lang='lat' dir='ltr'><strong>Etenim</strong></span> <span class='ocrx_word' id='word_1_457' title='bbox 1390 3363 1440 3405; x_wconf 89' lang='lat' dir='ltr'><strong>res</strong></span> <span class='ocrx_word' id='word_1_458' title='bbox 1470 3364 1578 3406; x_wconf 91' lang='lat' dir='ltr'><strong>omnes</strong></span> <span class='ocrx_word' id='word_1_459' title='bbox 1602 3365 1667 3407; x_wconf 90' lang='lat' dir='ltr'><strong>non</strong></span> <span class='ocrx_word' id='word_1_460' title='bbox 1696 3338 1827 3436; x_wconf 55' lang='grc' dir='ltr'><strong>Γζξῆζῗζξξ</strong></span> 
     </span>
     <span class='ocr_line' id='line_1_34' title="bbox 83 3426 1829 3517; baseline 0.003 -21"><span class='ocrx_word' id='word_1_461' title='bbox 83 3443 172 3498; x_wconf 84' lang='lat' dir='ltr'><strong>nanto</strong></span> <span class='ocrx_word' id='word_1_462' title='bbox 201 3437 300 3498; x_wconf 85' lang='lat' dir='ltr'><strong>utitur</strong></span> <span class='ocrx_word' id='word_1_463' title='bbox 327 3435 507 3516; x_wconf 82' lang='lat' dir='ltr'><strong>Fulgentius</strong></span> <span class='ocrx_word' id='word_1_464' title='bbox 541 3452 614 3495; x_wconf 89' lang='lat' dir='ltr'><strong>eum</strong></span> <span class='ocrx_word' id='word_1_465' title='bbox 638 3434 682 3495; x_wconf 87' lang='lat' dir='ltr'><strong>ita</strong></span> <span class='ocrx_word' id='word_1_466' title='bbox 707 3434 835 3495; x_wconf 77' lang='lat' dir='ltr'><strong>senhit:</strong></span> <span class='ocrx_word' id='word_1_467' title='bbox 893 3437 1002 3497; x_wconf 89' lang='lat' dir='ltr'><strong>eodem</strong></span> <span class='ocrx_word' id='word_1_468' title='bbox 1016 3436 1210 3516; x_wconf 86' lang='lat' dir='ltr'><strong>perfeetionis</strong></span> <span class='ocrx_word' id='word_1_469' title='bbox 1221 3437 1319 3516; x_wconf 86' lang='lat' dir='ltr'><strong>gradu</strong></span> <span class='ocrx_word' id='word_1_470' title='bbox 1335 3439 1663 3517; x_wconf 83' lang='lat' dir='ltr'><strong>eontinerirernimus,</strong></span> <span class='ocrx_word' id='word_1_471' title='bbox 1823 3426 1829 3438; x_wconf 68' lang='grc'><strong><em>’</em></strong></span> 
     </span>
     <span class='ocr_line' id='line_1_35' title="bbox 82 3528 1664 3609; baseline 0.005 -24"><span class='ocrx_word' id='word_1_472' title='bbox 82 3529 175 3591; x_wconf 72' lang='lat' dir='ltr'><strong>«tera</strong></span> <span class='ocrx_word' id='word_1_473' title='bbox 186 3530 271 3591; x_wconf 90' lang='lat' dir='ltr'><strong>enim</strong></span> <span class='ocrx_word' id='word_1_474' title='bbox 285 3528 393 3609; x_wconf 86' lang='lat' dir='ltr'><strong>religio</strong></span> <span class='ocrx_word' id='word_1_475' title='bbox 410 3528 444 3588; x_wconf 85' lang='lat' dir='ltr'><strong>in</strong></span> <span class='ocrx_word' id='word_1_476' title='bbox 455 3528 548 3588; x_wconf 90' lang='lat' dir='ltr'><strong>unius</strong></span> <span class='ocrx_word' id='word_1_477' title='bbox 567 3532 686 3587; x_wconf 85' lang='lat' dir='ltr'><strong>constat</strong></span> <span class='ocrx_word' id='word_1_478' title='bbox 702 3528 767 3587; x_wconf 78' lang='lat' dir='ltr'><strong>veri</strong></span> <span class='ocrx_word' id='word_1_479' title='bbox 784 3528 838 3588; x_wconf 90' lang='lat' dir='ltr'><strong>Dei</strong></span> <span class='ocrx_word' id='word_1_480' title='bbox 891 3531 943 3590; x_wconf 86' lang='lat' dir='ltr'><strong>sed</strong></span> <span class='ocrx_word' id='word_1_481' title='bbox 955 3530 1030 3591; x_wconf 87' lang='lat' dir='ltr'><strong>alias</strong></span> <span class='ocrx_word' id='word_1_482' title='bbox 1041 3530 1107 3591; x_wconf 89' lang='lat' dir='ltr'><strong>aliis</strong></span> <span class='ocrx_word' id='word_1_483' title='bbox 1118 3531 1311 3592; x_wconf 81' lang='lat' dir='ltr'><strong>antecellere.</strong></span> <span class='ocrx_word' id='word_1_484' title='bbox 1330 3553 1345 3589; x_wconf 83' lang='lat' dir='ltr'><strong>o</strong></span> <span class='ocrx_word' id='word_1_485' title='bbox 1357 3532 1415 3605; x_wconf 86' lang='lat' dir='ltr'><strong>Qui</strong></span> <span class='ocrx_word' id='word_1_486' title='bbox 1432 3534 1516 3594; x_wconf 90' lang='lat' dir='ltr'><strong>enim</strong></span> <span class='ocrx_word' id='word_1_487' title='bbox 1534 3534 1664 3605; x_wconf 80' lang='lat' dir='ltr'><strong>dubitat,</strong></span> 
     </span>
     <span class='ocr_line' id='line_1_36' title="bbox 81 3621 1668 3706; baseline 0.002 -22"><span class='ocrx_word' id='word_1_488' title='bbox 81 3624 195 3685; x_wconf 68' lang='lat' dir='ltr'><strong>utorio.</strong></span> <span class='ocrx_word' id='word_1_489' title='bbox 218 3625 287 3704; x_wconf 89' lang='lat' dir='ltr'><strong>Ipsa</strong></span> <span class='ocrx_word' id='word_1_490' title='bbox 305 3640 441 3701; x_wconf 89' lang='lat' dir='ltr'><strong>namque</strong></span> <span class='ocrx_word' id='word_1_491' title='bbox 456 3621 566 3683; x_wconf 78' lang='lat' dir='ltr'><strong>veritas</strong></span> <span class='ocrx_word' id='word_1_492' title='bbox 585 3640 666 3681; x_wconf 87' lang='grc' dir='ltr'>ιιιιιιε</span> <span class='ocrx_word' id='word_1_493' title='bbox 682 3630 727 3681; x_wconf 85' lang='lat' dir='ltr'><strong>est</strong></span> <span class='ocrx_word' id='word_1_494' title='bbox 746 3623 836 3698; x_wconf 86' lang='lat' dir='ltr'><strong>Deus,</strong></span> <span class='ocrx_word' id='word_1_495' title='bbox 892 3623 976 3700; x_wconf 89' lang='lat' dir='ltr'><strong>quod</strong></span> <span class='ocrx_word' id='word_1_496' title='bbox 990 3622 1024 3682; x_wconf 92' lang='lat' dir='ltr'><strong>in</strong></span> <span class='ocrx_word' id='word_1_497' title='bbox 1042 3628 1154 3683; x_wconf 79' lang='lat' dir='ltr'><strong>nattam</strong></span> <span class='ocrx_word' id='word_1_498' title='bbox 1171 3641 1226 3682; x_wconf 90' lang='lat' dir='ltr'><strong>sua</strong></span> <span class='ocrx_word' id='word_1_499' title='bbox 1242 3622 1327 3703; x_wconf 89' lang='lat' dir='ltr'><strong>ligno</strong></span> <span class='ocrx_word' id='word_1_500' title='bbox 1344 3624 1453 3686; x_wconf 90' lang='lat' dir='ltr'><strong>melior</strong></span> <span class='ocrx_word' id='word_1_501' title='bbox 1463 3626 1502 3685; x_wconf 85' lang='lat' dir='ltr'><strong>sit</strong></span> <span class='ocrx_word' id='word_1_502' title='bbox 1516 3645 1624 3706; x_wconf 83' lang='lat' dir='ltr'><strong>equus,</strong></span> <span class='ocrx_word' id='word_1_503' title='bbox 1638 3633 1668 3686; x_wconf 89' lang='lat' dir='ltr'><strong>et</strong></span> 
     </span>
     <span class='ocr_line' id='line_1_37' title="bbox 81 3714 1669 3796; baseline 0.003 -24"><span class='ocrx_word' id='word_1_504' title='bbox 81 3716 393 3796; x_wconf 80' lang='lat' dir='ltr'><strong>ets‘eotexoeptauna</strong></span> <span class='ocrx_word' id='word_1_505' title='bbox 405 3715 544 3789; x_wconf 80' lang='lat' dir='ltr'><strong>veritate,</strong></span> <span class='ocrx_word' id='word_1_506' title='bbox 561 3733 626 3774; x_wconf 90' lang='lat' dir='ltr'><strong>non</strong></span> <span class='ocrx_word' id='word_1_507' title='bbox 640 3720 686 3774; x_wconf 89' lang='lat' dir='ltr'><strong>est</strong></span> <span class='ocrx_word' id='word_1_508' title='bbox 700 3714 762 3775; x_wconf 90' lang='lat' dir='ltr'><strong>alia</strong></span> <span class='ocrx_word' id='word_1_509' title='bbox 784 3734 838 3775; x_wconf 85' lang='lat' dir='ltr'><strong>ve·</strong></span> <span class='ocrx_word' id='word_1_510' title='bbox 893 3732 973 3794; x_wconf 91' lang='lat' dir='ltr'><strong>equo</strong></span> <span class='ocrx_word' id='word_1_511' title='bbox 989 3716 1181 3794; x_wconf 66' lang='lat' dir='ltr'><strong>praestantior</strong></span> <span class='ocrx_word' id='word_1_512' title='bbox 1197 3716 1304 3791; x_wconf 84' lang='lat' dir='ltr'><strong>homo,</strong></span> <span class='ocrx_word' id='word_1_513' title='bbox 1328 3717 1353 3776; x_wconf 91' lang='lat' dir='ltr'><strong>is</strong></span> <span class='ocrx_word' id='word_1_514' title='bbox 1373 3717 1509 3796; x_wconf 80' lang='lat' dir='ltr'><strong>proiecto</strong></span> <span class='ocrx_word' id='word_1_515' title='bbox 1537 3737 1603 3780; x_wconf 90' lang='lat' dir='ltr'><strong>non</strong></span> <span class='ocrx_word' id='word_1_516' title='bbox 1624 3723 1669 3779; x_wconf 88' lang='lat' dir='ltr'><strong>est</strong></span> 
     </span>
     <span class='ocr_line' id='line_1_38' title="bbox 81 3806 1668 3888; baseline 0.003 -22"><span class='ocrx_word' id='word_1_517' title='bbox 81 3807 151 3885; x_wconf 86' lang='lat' dir='ltr'><strong>ritas,</strong></span> <span class='ocrx_word' id='word_1_518' title='bbox 165 3808 330 3888; x_wconf 71' lang='lat' dir='ltr'><strong>arabsque</strong></span> <span class='ocrx_word' id='word_1_519' title='bbox 352 3827 415 3868; x_wconf 89' lang='lat' dir='ltr'><strong>uno</strong></span> <span class='ocrx_word' id='word_1_520' title='bbox 429 3826 502 3868; x_wconf 77' lang='lat' dir='ltr'><strong>tero</strong></span> <span class='ocrx_word' id='word_1_521' title='bbox 527 3809 590 3867; x_wconf 87' lang='lat' dir='ltr'><strong>Deo</strong></span> <span class='ocrx_word' id='word_1_522' title='bbox 611 3825 676 3866; x_wconf 90' lang='lat' dir='ltr'><strong>non</strong></span> <span class='ocrx_word' id='word_1_523' title='bbox 692 3813 737 3867; x_wconf 87' lang='lat' dir='ltr'><strong>est</strong></span> <span class='ocrx_word' id='word_1_524' title='bbox 760 3806 839 3869; x_wconf 90' lang='lat' dir='ltr'><strong>alius</strong></span> <span class='ocrx_word' id='word_1_525' title='bbox 893 3807 1039 3868; x_wconf 68' lang='lat' dir='ltr'><strong>dendus</strong></span> <span class='ocrx_word' id='word_1_526' title='bbox 1059 3807 1165 3869; x_wconf 91' lang='lat' dir='ltr'><strong>homo.</strong></span> <span class='ocrx_word' id='word_1_527' title='bbox 1190 3807 1266 3868; x_wconf 84' lang='lat' dir='ltr'><strong>Cum</strong></span> <span class='ocrx_word' id='word_1_528' title='bbox 1286 3809 1382 3887; x_wconf 88' lang='lat' dir='ltr'><strong>igitur</strong></span> <span class='ocrx_word' id='word_1_529' title='bbox 1402 3815 1583 3871; x_wconf 85' lang='lat' dir='ltr'><strong>naturarum</strong></span> <span class='ocrx_word' id='word_1_530' title='bbox 1601 3810 1668 3870; x_wconf 87' lang='lat' dir='ltr'><strong>aliae</strong></span> 
     </span>
     <span class='ocr_line' id='line_1_39' title="bbox 81 3899 1668 3981; baseline 0.003 -25"><span class='ocrx_word' id='word_1_531' title='bbox 81 3917 156 3961; x_wconf 79' lang='lat' dir='ltr'><strong>rena</strong></span> <span class='ocrx_word' id='word_1_532' title='bbox 166 3904 255 3963; x_wconf 86' lang='lat' dir='ltr'><strong>Deus.</strong></span> <span class='ocrx_word' id='word_1_533' title='bbox 268 3903 336 3981; x_wconf 86' lang='lat' dir='ltr'><strong>Ipsa</strong></span> <span class='ocrx_word' id='word_1_534' title='bbox 350 3901 433 3961; x_wconf 89' lang='lat' dir='ltr'><strong>enim</strong></span> <span class='ocrx_word' id='word_1_535' title='bbox 447 3918 512 3961; x_wconf 91' lang='lat' dir='ltr'><strong>una</strong></span> <span class='ocrx_word' id='word_1_536' title='bbox 524 3899 635 3961; x_wconf 85' lang='lat' dir='ltr'><strong>veritas</strong></span> <span class='ocrx_word' id='word_1_537' title='bbox 646 3904 692 3959; x_wconf 87' lang='lat' dir='ltr'><strong>est</strong></span> <span class='ocrx_word' id='word_1_538' title='bbox 710 3905 839 3961; x_wconf 73' lang='lat' dir='ltr'><strong>natana-</strong></span> <span class='ocrx_word' id='word_1_539' title='bbox 892 3900 959 3960; x_wconf 86' lang='lat' dir='ltr'><strong>aliis</strong></span> <span class='ocrx_word' id='word_1_540' title='bbox 969 3900 1075 3979; x_wconf 88' lang='lat' dir='ltr'><strong>negari</strong></span> <span class='ocrx_word' id='word_1_541' title='bbox 1089 3918 1153 3960; x_wconf 91' lang='lat' dir='ltr'><strong>non</strong></span> <span class='ocrx_word' id='word_1_542' title='bbox 1169 3900 1285 3979; x_wconf 85' lang='lat' dir='ltr'><strong>possint</strong></span> <span class='ocrx_word' id='word_1_543' title='bbox 1296 3899 1447 3977; x_wconf 84' lang='lat' dir='ltr'><strong>meliores,</strong></span> <span class='ocrx_word' id='word_1_544' title='bbox 1466 3901 1668 3963; x_wconf 87' lang='lat' dir='ltr'><strong>nihilominus</strong></span> 
     </span>
     <span class='ocr_line' id='line_1_40' title="bbox 81 3991 1667 4073; baseline 0.002 -21"><span class='ocrx_word' id='word_1_545' title='bbox 81 3991 138 4054; x_wconf 87' lang='lat' dir='ltr'><strong>liter</strong></span> <span class='ocrx_word' id='word_1_546' title='bbox 149 4015 210 4057; x_wconf 86' lang='lat' dir='ltr'><strong>uno</strong></span> <span class='ocrx_word' id='word_1_547' title='bbox 223 4015 296 4057; x_wconf 82' lang='lat' dir='ltr'><strong>rara</strong></span> <span class='ocrx_word' id='word_1_548' title='bbox 309 3995 461 4055; x_wconf 73' lang='lat' dir='ltr'><strong>diiiaritas.</strong></span> <span class='ocrx_word' id='word_1_549' title='bbox 475 3995 512 4054; x_wconf 87' lang='lat' dir='ltr'><strong>Et</strong></span> <span class='ocrx_word' id='word_1_550' title='bbox 518 3992 563 4054; x_wconf 89' lang='lat' dir='ltr'><strong>ita</strong></span> <span class='ocrx_word' id='word_1_551' title='bbox 573 4012 638 4053; x_wconf 91' lang='lat' dir='ltr'><strong>non</strong></span> <span class='ocrx_word' id='word_1_552' title='bbox 645 3999 769 4072; x_wconf 80' lang='lat' dir='ltr'><strong>possent</strong></span> <span class='ocrx_word' id='word_1_553' title='bbox 775 3994 838 4055; x_wconf 89' lang='lat' dir='ltr'><strong>duo</strong></span> <span class='ocrx_word' id='word_1_554' title='bbox 893 3992 1055 4071; x_wconf 82' lang='lat' dir='ltr'><strong>persuadet</strong></span> <span class='ocrx_word' id='word_1_555' title='bbox 1071 3993 1150 4052; x_wconf 88' lang='lat' dir='ltr'><strong>ratio</strong></span> <span class='ocrx_word' id='word_1_556' title='bbox 1171 3991 1307 4071; x_wconf 81' lang='lat' dir='ltr'><strong>aliquam</strong></span> <span class='ocrx_word' id='word_1_557' title='bbox 1324 3993 1358 4053; x_wconf 89' lang='lat' dir='ltr'><strong>in</strong></span> <span class='ocrx_word' id='word_1_558' title='bbox 1376 3994 1419 4053; x_wconf 89' lang='lat' dir='ltr'><strong>eis</strong></span> <span class='ocrx_word' id='word_1_559' title='bbox 1439 3993 1482 4054; x_wconf 90' lang='lat' dir='ltr'><strong>sie</strong></span> <span class='ocrx_word' id='word_1_560' title='bbox 1501 3995 1667 4073; x_wconf 88' lang='lat' dir='ltr'><strong>superemi-</strong></span> 
     </span>
     <span class='ocr_line' id='line_1_41' title="bbox 82 4083 1667 4165; baseline 0.004 -24"><span class='ocrx_word' id='word_1_561' title='bbox 82 4087 134 4146; x_wconf 77' lang='lat' dir='ltr'><strong>reri</strong></span> <span class='ocrx_word' id='word_1_562' title='bbox 150 4089 190 4149; x_wconf 89' lang='lat' dir='ltr'><strong>dii</strong></span> <span class='ocrx_word' id='word_1_563' title='bbox 207 4088 354 4150; x_wconf 80' lang='lat' dir='ltr'><strong>veraciter</strong></span> <span class='ocrx_word' id='word_1_564' title='bbox 372 4086 442 4160; x_wconf 83' lang='lat' dir='ltr'><strong>diei,</strong></span> <span class='ocrx_word' id='word_1_565' title='bbox 463 4086 541 4147; x_wconf 86' lang='lat' dir='ltr'><strong>sieut</strong></span> <span class='ocrx_word' id='word_1_566' title='bbox 558 4104 623 4146; x_wconf 89' lang='lat' dir='ltr'><strong>una</strong></span> <span class='ocrx_word' id='word_1_567' title='bbox 641 4085 707 4164; x_wconf 88' lang='lat' dir='ltr'><strong>ipsa</strong></span> <span class='ocrx_word' id='word_1_568' title='bbox 727 4086 839 4146; x_wconf 82' lang='lat' dir='ltr'><strong>veritas</strong></span> <span class='ocrx_word' id='word_1_569' title='bbox 893 4104 977 4161; x_wconf 79' lang='lat' dir='ltr'><strong>nere,</strong></span> <span class='ocrx_word' id='word_1_570' title='bbox 994 4091 1030 4146; x_wconf 91' lang='lat' dir='ltr'><strong>ut</strong></span> <span class='ocrx_word' id='word_1_571' title='bbox 1050 4103 1114 4145; x_wconf 90' lang='lat' dir='ltr'><strong>non</strong></span> <span class='ocrx_word' id='word_1_572' title='bbox 1127 4083 1241 4146; x_wconf 80' lang='lat' dir='ltr'><strong>habeat</strong></span> <span class='ocrx_word' id='word_1_573' title='bbox 1260 4104 1291 4145; x_wconf 90' lang='lat' dir='ltr'><strong>se</strong></span> <span class='ocrx_word' id='word_1_574' title='bbox 1307 4087 1508 4165; x_wconf 87' lang='lat' dir='ltr'><strong>superiorem.</strong></span> <span class='ocrx_word' id='word_1_575' title='bbox 1532 4088 1563 4148; x_wconf 89' lang='lat' dir='ltr'><strong>Si</strong></span> <span class='ocrx_word' id='word_1_576' title='bbox 1583 4087 1667 4148; x_wconf 89' lang='lat' dir='ltr'><strong>enim</strong></span> 
     </span>
     <span class='ocr_line' id='line_1_42' title="bbox 83 4177 1669 4261; baseline -0.004 -16"><span class='ocrx_word' id='word_1_577' title='bbox 83 4182 323 4244; x_wconf 73' lang='lat' dir='ltr'><strong>minaturum</strong></span> <span class='ocrx_word' id='word_1_578' title='bbox 334 4186 433 4261; x_wconf 87' lang='lat' dir='ltr'><strong>potest</strong></span> <span class='ocrx_word' id='word_1_579' title='bbox 439 4180 534 4241; x_wconf 69' lang='lat' dir='ltr'><strong>diuidi</strong></span> <span class='ocrx_word' id='word_1_580' title='bbox 542 4178 564 4239; x_wconf 88' lang='lat'><strong>¹.</strong></span> <span class='ocrx_word' id='word_1_581' title='bbox 579 4203 594 4237; x_wconf 78' lang='grc' dir='ltr'>ι</span> <span class='ocrx_word' id='word_1_582' title='bbox 609 4180 757 4253; x_wconf 76' lang='lat' dir='ltr'><strong>Quocirca</strong></span> <span class='ocrx_word' id='word_1_583' title='bbox 769 4180 839 4240; x_wconf 90' lang='lat' dir='ltr'><strong>sim-</strong></span> <span class='ocrx_word' id='word_1_584' title='bbox 892 4177 958 4239; x_wconf 73' lang='lat' dir='ltr'><strong>haee</strong></span> <span class='ocrx_word' id='word_1_585' title='bbox 971 4177 1125 4257; x_wconf 81' lang='lat' dir='ltr'><strong>gradiurm</strong></span> <span class='ocrx_word' id='word_1_586' title='bbox 1136 4177 1289 4237; x_wconf 81' lang='lat' dir='ltr'><strong>distinctio</strong></span> <span class='ocrx_word' id='word_1_587' title='bbox 1300 4177 1342 4237; x_wconf 90' lang='lat' dir='ltr'><strong>sie</strong></span> <span class='ocrx_word' id='word_1_588' title='bbox 1353 4183 1399 4238; x_wconf 88' lang='lat' dir='ltr'><strong>est</strong></span> <span class='ocrx_word' id='word_1_589' title='bbox 1409 4178 1539 4253; x_wconf 81' lang='lat' dir='ltr'><strong>infinita,</strong></span> <span class='ocrx_word' id='word_1_590' title='bbox 1554 4185 1589 4239; x_wconf 91' lang='lat' dir='ltr'><strong>ut</strong></span> <span class='ocrx_word' id='word_1_591' title='bbox 1600 4178 1669 4239; x_wconf 88' lang='lat' dir='ltr'><strong>nul·</strong></span> 
     </span>
     <span class='ocr_line' id='line_1_43' title="bbox 83 4271 1669 4357; baseline 0.001 -24"><span class='ocrx_word' id='word_1_592' title='bbox 83 4273 258 4357; x_wconf 85' lang='lat' dir='ltr'><strong>piiritasipsa</strong></span> <span class='ocrx_word' id='word_1_593' title='bbox 267 4276 333 4351; x_wconf 82' lang='lat' dir='ltr'><strong>Dei,</strong></span> <span class='ocrx_word' id='word_1_594' title='bbox 350 4276 389 4336; x_wconf 91' lang='lat' dir='ltr'><strong>de</strong></span> <span class='ocrx_word' id='word_1_595' title='bbox 401 4293 464 4353; x_wconf 90' lang='lat' dir='ltr'><strong>qua</strong></span> <span class='ocrx_word' id='word_1_596' title='bbox 481 4274 575 4354; x_wconf 89' lang='lat' dir='ltr'><strong>paulo</strong></span> <span class='ocrx_word' id='word_1_597' title='bbox 593 4280 671 4353; x_wconf 88' lang='lat' dir='ltr'><strong>post,</strong></span> <span class='ocrx_word' id='word_1_598' title='bbox 695 4273 734 4334; x_wconf 89' lang='lat' dir='ltr'><strong>ad</strong></span> <span class='ocrx_word' id='word_1_599' title='bbox 757 4274 839 4336; x_wconf 86' lang='lat' dir='ltr'><strong>illius</strong></span> <span class='ocrx_word' id='word_1_600' title='bbox 893 4271 1669 4352; x_wconf 79' lang='lat' dir='ltr'><strong>lussitihigradttssuperiorquosupetioralius&#39;nou</strong></span> 
     </span>
     <span class='ocr_line' id='line_1_44' title="bbox 82 4363 1669 4449; baseline -0.003 -17"><span class='ocrx_word' id='word_1_601' title='bbox 82 4367 279 4433; x_wconf 71' lang='lat' dir='ltr'><strong>affirmardam</strong></span> <span class='ocrx_word' id='word_1_602' title='bbox 299 4369 544 4449; x_wconf 76' lang='lat' dir='ltr'><strong>singularitatem</strong></span> <span class='ocrx_word' id='word_1_603' title='bbox 559 4367 641 4428; x_wconf 80' lang='lat' dir='ltr'><strong>iacit.</strong></span> <span class='ocrx_word' id='word_1_604' title='bbox 892 4365 1077 4440; x_wconf 81' lang='lat' dir='ltr'><strong>inveniatur,</strong></span> <span class='ocrx_word' id='word_1_605' title='bbox 1091 4363 1129 4424; x_wconf 91' lang='lat' dir='ltr'><strong>ad</strong></span> <span class='ocrx_word' id='word_1_606' title='bbox 1140 4363 1200 4425; x_wconf 88' lang='lat' dir='ltr'><strong>hoe</strong></span> <span class='ocrx_word' id='word_1_607' title='bbox 1208 4364 1287 4425; x_wconf 87' lang='lat' dir='ltr'><strong>ratio</strong></span> <span class='ocrx_word' id='word_1_608' title='bbox 1300 4364 1470 4446; x_wconf 72' lang='lat' dir='ltr'><strong>deducitur,</strong></span> <span class='ocrx_word' id='word_1_609' title='bbox 1485 4370 1520 4426; x_wconf 88' lang='lat' dir='ltr'><strong>ut</strong></span> <span class='ocrx_word' id='word_1_610' title='bbox 1532 4365 1669 4445; x_wconf 83' lang='lat' dir='ltr'><strong>ipsarum</strong></span> 
     </span>
     <span class='ocr_line' id='line_1_45' title="bbox 117 4456 1665 4544; baseline -0.01 -16"><span class='ocrx_word' id='word_1_611' title='bbox 117 4465 149 4523; x_wconf 64' lang='grc' dir='ltr'><strong>Υ.</strong></span> <span class='ocrx_word' id='word_1_612' title='bbox 181 4467 267 4527; x_wconf 84' lang='lat' dir='ltr'><strong>Nune</strong></span> <span class='ocrx_word' id='word_1_613' title='bbox 307 4463 470 4525; x_wconf 77' lang='lat' dir='ltr'><strong>Anselmus</strong></span> <span class='ocrx_word' id='word_1_614' title='bbox 491 4462 663 4524; x_wconf 85' lang='lat' dir='ltr'><strong>audiendus</strong></span> <span class='ocrx_word' id='word_1_615' title='bbox 688 4471 751 4540; x_wconf 85' lang='lat' dir='ltr'><strong>est,</strong></span> <span class='ocrx_word' id='word_1_616' title='bbox 785 4465 840 4544; x_wconf 86' lang='lat' dir='ltr'><strong>qui</strong></span> <span class='ocrx_word' id='word_1_617' title='bbox 893 4457 1059 4518; x_wconf 88' lang='lat' dir='ltr'><strong>multitudo</strong></span> <span class='ocrx_word' id='word_1_618' title='bbox 1074 4463 1256 4518; x_wconf 76' lang='lat' dir='ltr'><strong>neutrarum</strong></span> <span class='ocrx_word' id='word_1_619' title='bbox 1267 4456 1355 4518; x_wconf 91' lang='lat' dir='ltr'><strong>nullo</strong></span> <span class='ocrx_word' id='word_1_620' title='bbox 1374 4456 1436 4518; x_wconf 91' lang='lat' dir='ltr'><strong>fine</strong></span> <span class='ocrx_word' id='word_1_621' title='bbox 1448 4457 1635 4519; x_wconf 59' lang='lat' dir='ltr'><strong>claudatem.</strong></span> <span class='ocrx_word' id='word_1_622' title='bbox 1650 4480 1665 4513; x_wconf 74' lang='lat' dir='ltr'><strong>a</strong></span> 
     </span>
     <span class='ocr_line' id='line_1_46' title="bbox 14 4540 1666 4637; baseline -0.004 -19"><span class='ocrx_word' id='word_1_623' title='bbox 14 4540 55 4617; x_wconf 71' lang='lat'><strong>⁸⁸2</strong></span> <span class='ocrx_word' id='word_1_624' title='bbox 82 4555 153 4618; x_wconf 79' lang='lat' dir='ltr'><strong>ilem</strong></span> <span class='ocrx_word' id='word_1_625' title='bbox 162 4558 236 4618; x_wconf 89' lang='lat' dir='ltr'><strong>illud</strong></span> <span class='ocrx_word' id='word_1_626' title='bbox 249 4561 469 4637; x_wconf 85' lang='lat' dir='ltr'><strong>argumentum</strong></span> <span class='ocrx_word' id='word_1_627' title='bbox 483 4554 594 4633; x_wconf 88' lang='lat' dir='ltr'><strong>majori</strong></span> <span class='ocrx_word' id='word_1_628' title='bbox 603 4555 768 4618; x_wconf 86' lang='lat' dir='ltr'><strong>subtilitate</strong></span> <span class='ocrx_word' id='word_1_629' title='bbox 781 4564 840 4618; x_wconf 82' lang='lat' dir='ltr'><strong>tra-</strong></span> <span class='ocrx_word' id='word_1_630' title='bbox 934 4553 986 4613; x_wconf 89' lang='lat' dir='ltr'><strong>Vl.</strong></span> <span class='ocrx_word' id='word_1_631' title='bbox 999 4551 1206 4626; x_wconf 83' lang='lat' dir='ltr'><strong>Quamobrem</strong></span> <span class='ocrx_word' id='word_1_632' title='bbox 1218 4552 1364 4613; x_wconf 90' lang='lat' dir='ltr'><strong>adunam</strong></span> <span class='ocrx_word' id='word_1_633' title='bbox 1376 4552 1510 4631; x_wconf 87' lang='lat' dir='ltr'><strong>aliquam</strong></span> <span class='ocrx_word' id='word_1_634' title='bbox 1522 4558 1666 4613; x_wconf 75' lang='lat' dir='ltr'><strong>astruam</strong></span> 
     </span>
     <span class='ocr_line' id='line_1_47' title="bbox 33 4646 1670 4729; baseline -0.001 -20"><span class='ocrx_word' id='word_1_635' title='bbox 33 4670 38 4681; x_wconf 91' lang='lat'><strong>·</strong></span> <span class='ocrx_word' id='word_1_636' title='bbox 83 4650 173 4709; x_wconf 75' lang='lat' dir='ltr'><strong>eavit</strong></span> <span class='ocrx_word' id='word_1_637' title='bbox 186 4648 444 4729; x_wconf 88' lang='lat' dir='ltr'><strong>Postquamenim</strong></span> <span class='ocrx_word' id='word_1_638' title='bbox 458 4648 558 4708; x_wconf 86' lang='lat' dir='ltr'><strong>Deum</strong></span> <span class='ocrx_word' id='word_1_639' title='bbox 573 4666 635 4707; x_wconf 82' lang='lat' dir='ltr'><strong>esse</strong></span> <span class='ocrx_word' id='word_1_640' title='bbox 653 4649 794 4728; x_wconf 85' lang='lat' dir='ltr'><strong>probavit</strong></span> <span class='ocrx_word' id='word_1_641' title='bbox 804 4668 841 4710; x_wconf 88' lang='lat' dir='ltr'><strong>ea</strong></span> <span class='ocrx_word' id='word_1_642' title='bbox 894 4647 972 4709; x_wconf 88' lang='lat' dir='ltr'><strong>ratio</strong></span> <span class='ocrx_word' id='word_1_643' title='bbox 990 4647 1140 4727; x_wconf 79' lang='lat' dir='ltr'><strong>peruenit,</strong></span> <span class='ocrx_word' id='word_1_644' title='bbox 1162 4665 1224 4726; x_wconf 88' lang='lat' dir='ltr'><strong>qua</strong></span> <span class='ocrx_word' id='word_1_645' title='bbox 1240 4646 1327 4708; x_wconf 89' lang='lat' dir='ltr'><strong>nulle</strong></span> <span class='ocrx_word' id='word_1_646' title='bbox 1342 4648 1481 4727; x_wconf 83' lang='lat' dir='ltr'><strong>superior</strong></span> <span class='ocrx_word' id='word_1_647' title='bbox 1496 4647 1544 4723; x_wconf 85' lang='lat' dir='ltr'><strong>sit,</strong></span> <span class='ocrx_word' id='word_1_648' title='bbox 1559 4647 1670 4727; x_wconf 84' lang='lat' dir='ltr'><strong>eoique</strong></span> 
     </span>
     <span class='ocr_line' id='line_1_48' title="bbox 83 4739 1671 4821; baseline 0.001 -22"><span class='ocrx_word' id='word_1_649' title='bbox 83 4741 196 4815; x_wconf 81' lang='lat' dir='ltr'><strong>ratione,</strong></span> <span class='ocrx_word' id='word_1_650' title='bbox 217 4758 311 4821; x_wconf 90' lang='lat' dir='ltr'><strong>quam</strong></span> <span class='ocrx_word' id='word_1_651' title='bbox 341 4741 441 4820; x_wconf 86' lang='lat' dir='ltr'><strong>primo</strong></span> <span class='ocrx_word' id='word_1_652' title='bbox 456 4740 554 4819; x_wconf 87' lang='lat' dir='ltr'><strong>eapite</strong></span> <span class='ocrx_word' id='word_1_653' title='bbox 576 4742 732 4819; x_wconf 82' lang='lat' dir='ltr'><strong>proposui,</strong></span> <span class='ocrx_word' id='word_1_654' title='bbox 758 4742 842 4802; x_wconf 91' lang='lat' dir='ltr'><strong>dein·</strong></span> <span class='ocrx_word' id='word_1_655' title='bbox 895 4740 1037 4818; x_wconf 81' lang='lat' dir='ltr'><strong>subjectae</strong></span> <span class='ocrx_word' id='word_1_656' title='bbox 1070 4739 1131 4799; x_wconf 88' lang='lat' dir='ltr'><strong>sint</strong></span> <span class='ocrx_word' id='word_1_657' title='bbox 1161 4744 1287 4799; x_wconf 75' lang='lat' dir='ltr'><strong>catere.</strong></span> <span class='ocrx_word' id='word_1_658' title='bbox 1317 4739 1387 4798; x_wconf 78' lang='lat' dir='ltr'><strong>Haeo</strong></span> <span class='ocrx_word' id='word_1_659' title='bbox 1415 4744 1519 4800; x_wconf 90' lang='lat' dir='ltr'><strong>autem</strong></span> <span class='ocrx_word' id='word_1_660' title='bbox 1547 4739 1671 4801; x_wconf 82' lang='lat' dir='ltr'><strong>nonnisi</strong></span> 
     </span>
     <span class='ocr_line' id='line_1_49' title="bbox 82 4831 1671 4915; baseline -0.003 -21"><span class='ocrx_word' id='word_1_661' title='bbox 82 4832 841 4915; x_wconf 67' lang='lat' dir='ltr'><strong>eepseseuuumitaeoneludit:quoniamequid-</strong></span> <span class='ocrx_word' id='word_1_662' title='bbox 895 4834 987 4894; x_wconf 79' lang='lat' dir='ltr'><strong>unica</strong></span> <span class='ocrx_word' id='word_1_663' title='bbox 1008 4837 1107 4913; x_wconf 84' lang='lat' dir='ltr'><strong>potest</strong></span> <span class='ocrx_word' id='word_1_664' title='bbox 1130 4850 1204 4892; x_wconf 84' lang='lat' dir='ltr'><strong>esse.</strong></span> <span class='ocrx_word' id='word_1_665' title='bbox 1234 4853 1249 4889; x_wconf 74' lang='grc' dir='ltr'>ι(</span> <span class='ocrx_word' id='word_1_666' title='bbox 1272 4832 1351 4891; x_wconf 83' lang='grc' dir='ltr'>Νειιι</span> <span class='ocrx_word' id='word_1_667' title='bbox 1373 4831 1399 4892; x_wconf 85' lang='lat' dir='ltr'><strong>si</strong></span> <span class='ocrx_word' id='word_1_668' title='bbox 1421 4831 1526 4912; x_wconf 85' lang='lat' dir='ltr'><strong>plures</strong></span> <span class='ocrx_word' id='word_1_669' title='bbox 1548 4837 1671 4895; x_wconf 85' lang='lat' dir='ltr'><strong>suntet</strong></span> 
     </span>
     <span class='ocr_line' id='line_1_50' title="bbox 84 4924 1672 5008; baseline -0.001 -21"><span class='ocrx_word' id='word_1_670' title='bbox 84 4928 149 5005; x_wconf 87' lang='lat' dir='ltr'><strong>quid</strong></span> <span class='ocrx_word' id='word_1_671' title='bbox 161 4934 214 5003; x_wconf 76' lang='lat' dir='ltr'><strong>eat,</strong></span> <span class='ocrx_word' id='word_1_672' title='bbox 226 4943 389 5008; x_wconf 80' lang='lat' dir='ltr'><strong>peruniun</strong></span> <span class='ocrx_word' id='word_1_673' title='bbox 400 4924 841 5004; x_wconf 71' lang='lat' dir='ltr'><strong>aliquidudeturesseemne</strong></span> <span class='ocrx_word' id='word_1_674' title='bbox 896 4926 1027 5006; x_wconf 79' lang='lat' dir='ltr'><strong>aeqtiales</strong></span> <span class='ocrx_word' id='word_1_675' title='bbox 1046 4929 1129 4999; x_wconf 86' lang='lat' dir='ltr'><strong>sunt,</strong></span> <span class='ocrx_word' id='word_1_676' title='bbox 1151 4942 1223 4983; x_wconf 88' lang='lat' dir='ltr'><strong>eom</strong></span> <span class='ocrx_word' id='word_1_677' title='bbox 1243 4924 1375 5003; x_wconf 79' lang='lat' dir='ltr'><strong>aequales</strong></span> <span class='ocrx_word' id='word_1_678' title='bbox 1395 4944 1458 4985; x_wconf 89' lang='lat' dir='ltr'><strong>esse</strong></span> <span class='ocrx_word' id='word_1_679' title='bbox 1474 4924 1672 5003; x_wconf 80' lang='lat' dir='ltr'><strong>nonpossint</strong></span> 
     </span>
     <span class='ocr_line' id='line_1_51' title="bbox 84 5015 1668 5101; baseline -0.003 -21"><span class='ocrx_word' id='word_1_680' title='bbox 84 5017 643 5101; x_wconf 83' lang='lat' dir='ltr'><strong>mmqaequodestautperaliquidest</strong></span> <span class='ocrx_word' id='word_1_681' title='bbox 654 5027 708 5082; x_wconf 89' lang='lat' dir='ltr'><strong>aut</strong></span> <span class='ocrx_word' id='word_1_682' title='bbox 724 5038 781 5101; x_wconf 89' lang='lat' dir='ltr'><strong>per</strong></span> <span class='ocrx_word' id='word_1_683' title='bbox 793 5020 843 5080; x_wconf 92' lang='lat' dir='ltr'><strong>ni·</strong></span> <span class='ocrx_word' id='word_1_684' title='bbox 896 5037 952 5098; x_wconf 87' lang='lat' dir='ltr'><strong>per</strong></span> <span class='ocrx_word' id='word_1_685' title='bbox 971 5019 1091 5079; x_wconf 77' lang='lat' dir='ltr'><strong>diversa</strong></span> <span class='ocrx_word' id='word_1_686' title='bbox 1110 5015 1264 5095; x_wconf 73' lang='lat' dir='ltr'><strong>quadam,</strong></span> <span class='ocrx_word' id='word_1_687' title='bbox 1288 5017 1341 5077; x_wconf 90' lang='lat' dir='ltr'><strong>sed</strong></span> <span class='ocrx_word' id='word_1_688' title='bbox 1361 5035 1417 5095; x_wconf 88' lang='lat' dir='ltr'><strong>per</strong></span> <span class='ocrx_word' id='word_1_689' title='bbox 1435 5017 1518 5076; x_wconf 92' lang='lat' dir='ltr'><strong>idem</strong></span> <span class='ocrx_word' id='word_1_690' title='bbox 1538 5015 1668 5095; x_wconf 81' lang='lat' dir='ltr'><strong>aliquid,</strong></span> 
     </span>
     <span class='ocr_line' id='line_1_52' title="bbox 84 5110 1673 5191; baseline -0.001 -18"><span class='ocrx_word' id='word_1_691' title='bbox 84 5111 121 5173; x_wconf 82' lang='lat' dir='ltr'><strong>tit</strong></span> <span class='ocrx_word' id='word_1_692' title='bbox 134 5134 141 5174; x_wconf 93' lang='lat'>:</span> <span class='ocrx_word' id='word_1_693' title='bbox 154 5116 203 5177; x_wconf 88' lang='lat' dir='ltr'><strong>sed</strong></span> <span class='ocrx_word' id='word_1_694' title='bbox 216 5114 293 5176; x_wconf 88' lang='lat' dir='ltr'><strong>nihil</strong></span> <span class='ocrx_word' id='word_1_695' title='bbox 309 5119 355 5175; x_wconf 87' lang='lat' dir='ltr'><strong>est</strong></span> <span class='ocrx_word' id='word_1_696' title='bbox 371 5128 427 5191; x_wconf 91' lang='lat' dir='ltr'><strong>per</strong></span> <span class='ocrx_word' id='word_1_697' title='bbox 441 5112 530 5173; x_wconf 89' lang='lat' dir='ltr'><strong>nihil.</strong></span> <span class='ocrx_word' id='word_1_698' title='bbox 549 5117 618 5178; x_wconf 90' lang='lat' dir='ltr'><strong>Non</strong></span> <span class='ocrx_word' id='word_1_699' title='bbox 633 5116 717 5178; x_wconf 92' lang='lat' dir='ltr'><strong>enim</strong></span> <span class='ocrx_word' id='word_1_700' title='bbox 736 5120 780 5175; x_wconf 86' lang='lat' dir='ltr'><strong>est</strong></span> <span class='ocrx_word' id='word_1_701' title='bbox 793 5114 843 5175; x_wconf 80' lang='lat' dir='ltr'><strong>vel</strong></span> <span class='ocrx_word' id='word_1_702' title='bbox 896 5113 974 5173; x_wconf 92' lang='lat' dir='ltr'><strong>illud</strong></span> <span class='ocrx_word' id='word_1_703' title='bbox 987 5129 1087 5172; x_wconf 92' lang='lat' dir='ltr'><strong>unum</strong></span> <span class='ocrx_word' id='word_1_704' title='bbox 1107 5128 1163 5189; x_wconf 91' lang='lat' dir='ltr'><strong>per</strong></span> <span class='ocrx_word' id='word_1_705' title='bbox 1184 5110 1267 5190; x_wconf 87' lang='lat' dir='ltr'><strong>quod</strong></span> <span class='ocrx_word' id='word_1_706' title='bbox 1289 5110 1448 5190; x_wconf 69' lang='lat' dir='ltr'><strong>aqualiter</strong></span> <span class='ocrx_word' id='word_1_707' title='bbox 1462 5115 1528 5170; x_wconf 91' lang='lat' dir='ltr'><strong>tam</strong></span> <span class='ocrx_word' id='word_1_708' title='bbox 1552 5128 1673 5189; x_wconf 69' lang='lat' dir='ltr'><strong>magnae</strong></span> 
     </span>
     <span class='ocr_line' id='line_1_53' title="bbox 83 5205 1670 5290; baseline -0.001 -20"><span class='ocrx_word' id='word_1_709' title='bbox 83 5208 196 5285; x_wconf 70' lang='lat' dir='ltr'><strong>agian</strong></span> <span class='ocrx_word' id='word_1_710' title='bbox 205 5214 313 5288; x_wconf 75' lang='lat' dir='ltr'><strong>potest,</strong></span> <span class='ocrx_word' id='word_1_711' title='bbox 332 5212 368 5267; x_wconf 88' lang='lat' dir='ltr'><strong>ut</strong></span> <span class='ocrx_word' id='word_1_712' title='bbox 379 5205 417 5265; x_wconf 90' lang='lat' dir='ltr'><strong>sit</strong></span> <span class='ocrx_word' id='word_1_713' title='bbox 428 5205 545 5285; x_wconf 89' lang='lat' dir='ltr'><strong>aliquid</strong></span> <span class='ocrx_word' id='word_1_714' title='bbox 559 5228 624 5271; x_wconf 90' lang='lat' dir='ltr'><strong>non</strong></span> <span class='ocrx_word' id='word_1_715' title='bbox 639 5226 695 5290; x_wconf 89' lang='lat' dir='ltr'><strong>per</strong></span> <span class='ocrx_word' id='word_1_716' title='bbox 710 5207 840 5288; x_wconf 87' lang='lat' dir='ltr'><strong>aliquid.</strong></span> <span class='ocrx_word' id='word_1_717' title='bbox 897 5216 1041 5287; x_wconf 67' lang='lat' dir='ltr'><strong>santam</strong></span> <span class='ocrx_word' id='word_1_718' title='bbox 1052 5208 1330 5287; x_wconf 86' lang='lat' dir='ltr'><strong>estidipsumqood</strong></span> <span class='ocrx_word' id='word_1_719' title='bbox 1340 5208 1413 5286; x_wconf 79' lang='lat' dir='ltr'><strong>ipsae</strong></span> <span class='ocrx_word' id='word_1_720' title='bbox 1422 5207 1542 5284; x_wconf 89' lang='lat' dir='ltr'><strong>sunt,id</strong></span> <span class='ocrx_word' id='word_1_721' title='bbox 1552 5208 1670 5289; x_wconf 86' lang='lat' dir='ltr'><strong>estipsu</strong></span> 
     </span>
    </p>
   </div>
   <div class='ocr_carea' id='block_1_3' title="bbox 110 5456 867 5515">
    <p class='ocr_par' dir='ltr' id='par_1_3' title="bbox 110 5456 867 5515">
     <span class='ocr_line' id='line_1_54' title="bbox 110 5456 867 5515; baseline 0.007 -16"><span class='ocrx_word' id='word_1_722' title='bbox 110 5457 117 5499; x_wconf 89' lang='grc' dir='ltr'>Ι</span> <span class='ocrx_word' id='word_1_723' title='bbox 132 5456 176 5498; x_wconf 74' lang='lat' dir='ltr'><strong>lit.</strong></span> <span class='ocrx_word' id='word_1_724' title='bbox 185 5456 421 5515; x_wconf 58' lang='lat' dir='ltr'><strong>advenum-2</strong></span> <span class='ocrx_word' id='word_1_725' title='bbox 434 5456 817 5514; x_wconf 69' lang='lat' dir='ltr'><strong>uond.eap.1u.-attonotcap.</strong></span> <span class='ocrx_word' id='word_1_726' title='bbox 837 5468 867 5504; x_wconf 78' lang='lat' dir='ltr'><strong>tv.</strong></span> 
     </span>
    </p>
   </div>
   <div class='ocr_carea' id='block_1_4' title="bbox 0 0 2018 6164">
    <p class='ocr_par' dir='ltr' id='par_1_4' title="bbox 0 0 2018 6164">
     <span class='ocr_line' id='line_1_55' title="bbox 0 0 2018 6164; baseline 0 0"><span class='ocrx_word' id='word_1_727' title='bbox 0 0 2018 6164; x_wconf 95' lang='lat' dir='ltr'><strong> </strong></span> 
     </span>
    </p>
   </div>
  </div>
 </body>
</html>
