4008 6170
278 297 316 355 30
800 274 1128 334 ranonoeumrun
1148 275 1365 335 nocturnum

280 437 430 501 Hesiodus
445 435 520 495 item
549 428 633 509 apud
657 425 848 486 Clementem
879 422 1058 580 Alcipandri·

959 520 1036 562 num
1048 521 1055 561 :

278 613 348 692 ipse
366 606 481 670 etenim
499 622 553 665 rex
577 605 760 663 cunctorum
776 595 982 673 dominusque
1004 612 1059 673 gu-

925 687 1056 765 [bornat.

282 779 1055 873 Numinaponmaimedurcontenderepossin.

320 946 432 1007 Aratus
442 956 565 1020 quoque
578 934 678 1016 operis
692 931 780 993 initio
791 930 920 992 unicum
931 947 967 988 ac
978 944 1059 987 sum-

282 1058 371 1102 mum
395 1038 494 1098 Deum
512 1030 670 1113 agnoscit:

283 1190 382 1261 Quem
412 1181 533 1263 placare
550 1178 620 1239 ideo
659 1173 797 1255 primum
823 1175 1059 1246 extremumque

334 1296 337 1303 ⁴
894 1264 1058 1341 [laborant.

284 1369 459 1435 omninno
474 1364 575 1448 paterl
589 1358 776 1438 salve,valde
789 1357 872 1418 utilis
883 1349 980 1416 orbil.

324 1519 376 1581 ΙΙΙ.
405 1515 547 1578 Refertur
564 1516 595 1571 et
615 1506 697 1569 istud
715 1524 734 1565 a
752 1502 933 1564 Clementel
953 1497 1062 1577 Pptlm-

282 1632 366 1694 gorsa
377 1611 513 1670 dictum:
532 1627 548 1663 ιι
563 1606 645 1664 Deus
663 1597 789 1679 quidem
803 1599 848 1655 est
862 1610 954 1653 unus.
971 1592 999 1650 ls
1010 1607 1063 1649 au-

282 1713 347 1768 tem
355 1722 421 1766 non
433 1690 859 1777 est,utquidamexistimant,
876 1690 962 1747 extra
973 1702 1063 1744 mun-

283 1800 370 1875 dum,
390 1794 443 1857 sed
464 1793 498 1853 in
515 1792 582 1871 ipso
596 1792 690 1861 totus,
705 1784 739 1844 in
758 1787 822 1843 toto
845 1777 970 1853 circulo,
987 1794 1063 1855 prae-

283 1910 330 1954 ses
341 1888 442 1952 omnis
453 1880 670 1965 generationis,
684 1877 900 1938 universorum
911 1876 1063 1949 tempera-

281 1986 338 2060 tio,
352 1998 473 2060 semper
484 1976 625 2050 existens,
639 1980 670 2033 et
682 1970 784 2050 opifex
797 1981 924 2027 suarum
934 1963 1060 2036 virium,

281 2085 313 2141 et
327 2093 457 2159 operum
473 2070 626 2145 omnium,
642 2067 676 2127 in
687 2062 765 2126 coelo
778 2058 981 2132 illuminator,
998 2072 1062 2117 om-

281 2174 370 2234 nium
388 2173 477 2250 peter
493 2182 592 2240 mens,
611 2167 642 2221 et
662 2156 811 2220 animatio
824 2153 919 2214 totius
942 2148 1058 2225 circuli,

281 2265 423 2327 omniurn
448 2262 619 2320 motus⁶.u

321 2357 492 2418 Plstorero
521 2351 555 2409 in
586 2344 696 2408 Timeo
718 2343 819 2403 Deum
842 2353 943 2398 unum
964 2353 999 2395 ac
1014 2352 1061 2394 su-

280 2465 426 2532 premum
446 2447 551 2525 operte
570 2436 726 2520 predicat,
749 2452 768 2493 a
789 2449 853 2510 quo
866 2427 968 2490 centeri
992 2443 1062 2505 pro

280 2541 374 2604 creati
385 2544 457 2600 sunt
473 2533 586 2615 quibus
602 2531 698 2592 vitam
716 2532 747 2587 et
765 2522 992 2605 perennitatem
1004 2518 1062 2578 im-

280 2636 372 2718 pertit
383 2631 409 2693 ².
426 2631 573 2707 Idemque
590 2624 656 2685 aliis
670 2621 704 2683 in
715 2619 790 2681 locis
806 2624 874 2678 tum
888 2615 951 2694 ipse
971 2611 1063 2691 profi-

279 2734 373 2802 tetur,
393 2731 463 2786 tum
480 2721 547 2799 ejus
566 2722 655 2779 secte
668 2711 817 2795 praecipui
835 2708 950 2787 quique
965 2702 1063 2783 philo

280 2821 380 2902 sophi,
396 2823 433 2880 nt
453 2816 488 2877 in
513 2813 611 2893 capite
627 2828 638 2872 1
652 2808 724 2869 libri
745 2803 839 2887 primi
852 2801 886 2863 de
914 2796 1064 2862 Trim'tota

280 2916 452 2978 docuimus.
480 2910 524 2971 Ac
551 2903 682 2985 Cprillus
706 2900 761 2980 qui
782 2899 849 2959 lroec
872 2895 936 2955 fere
959 2890 1064 2951 omnia

280 3003 533 3072 commemoravit
564 3001 599 3060 iu
625 2997 727 3078 primo
758 2998 863 3053 eontra
889 2985 1060 3059 lulianum,

280 3099 488 3183 Porphyrium
499 3093 605 3157 laudat
626 3090 680 3170 qui
690 3090 724 3150 in
735 3089 845 3166 quarto
865 3080 945 3142 libro
957 3076 1063 3139 Histo-

280 3197 336 3259 rioe
347 3188 567 3278 plritosopbieoe,
587 3185 748 3246 Platonem
764 3180 807 3241 ait
827 3199 843 3236 ιι
859 3176 897 3235 de
918 3191 982 3234 uno
998 3172 1061 3232 Deo

281 3294 313 3349 et
332 3286 458 3349 sensisse
480 3287 512 3342 et
523 3280 665 3340 locutum
684 3292 761 3349 esse,
778 3269 906 3331 nullum
922 3283 996 3326 vero
1008 3282 1062 3323 no-

281 3399 355 3442 men
367 3379 396 3440 ei
416 3372 593 3446 convenire,
614 3386 716 3446 neque
737 3366 908 3425 humanam
923 3362 1062 3418 mentem

281 3492 355 3536 curn
373 3486 493 3551 capere,
514 3469 545 3525 et
562 3456 830 3542 appellationibus,
850 3471 921 3533 quar
933 3469 952 3511 u
963 3454 1062 3529 poste·

280 3568 357 3629 riori
371 3565 530 3635 dicuntur,
559 3574 633 3617 eum
647 3549 817 3633 improprie
839 3543 988 3607 declarari
999 3540 1023 3602 θ.
1041 3562 1056 3600 ιι

282 3660 371 3735 Quod
383 3659 486 3737 ipsum
501 3669 567 3713 non
581 3648 674 3710 modo
694 3646 732 3705 de
748 3642 885 3717 Platone,
900 3637 1060 3700 sedetiam

282 3754 321 3817 de
335 3748 496 3815 Aristotele
513 3750 644 3807 testatru·
657 3741 880 3816 Athenagoras.
901 3734 945 3794 Ac
964 3731 1062 3791 Plato

283 3847 331 3907 nis
358 3845 396 3905 de
416 3841 517 3924 primo
536 3835 688 3917 principio
707 3837 739 3893 et
756 3829 849 3890 unico
869 3842 976 3887 rerum
997 3841 1062 3884 om-

283 3939 384 4016 nium,
403 3931 600 3996 luculentum
619 3924 718 3989 Procli
735 3919 949 3984 testimonium
968 3934 1005 3977 ex
1018 3936 1062 3975 sa-

285 4031 388 4093 cundo
404 4021 692 4090 Commentariorum
703 4019 735 4080 ιά
748 4015 902 4090 Timoeum,
914 4028 1007 4090 supra
1015 4028 1061 4069 ea-

285 4125 347 4206 pite
361 4121 462 4203 primo
484 4112 804 4180 commemoratimus.

324 4338 342 4378 o
361 4322 504 4376 Assorus.

375 4402 451 4464 Αὗτος
463 4401 511 4474 γὰρ
523 4398 620 4454 πάντων
637 4393 758 4466 βασιλενς,
775 4391 814 4444 καί
832 4388 945 4461 κοίρκνός
961 4384 1026 4441 ἐστιν

378 4486 515 4540 Ἀθανάτων
528 4502 556 4538 τε
570 4481 584 4534 ὁ
596 4480 619 4532 b'
634 4475 699 4539 οὔτις
712 4474 847 4549 ἔρήρεισται
858 4471 918 4533 θεὸς
931 4470 1016 4531 ἄλλος.

290 4578 370 4633 l'ortc
385 4573 423 4627 itu
437 4569 603 4641 legendum.

381 4654 389 4679 '
403 4655 542 4710 Αθανάτων·
552 4653 607 4723 θεῷ
618 4647 683 4708 οὔτις
694 4644 829 4718 ἔρήρισται.

290 4753 320 4803 ut
333 4746 412 4817 putat
422 4736 591 4807 Silburgius

327 4827 341 4883 b
351 4826 467 4883 Anisus.

374 4910 417 4982 Τῷ
432 4924 472 4981 μιν
486 4905 523 4958 tu
535 4903 632 4976 πρῶτον
647 4918 683 4969 τε,
695 4895 849 4951 relicturos
864 4892 1014 4946 ἱλάσκονται·

375 4994 451 5065 Χαῖρε
463 4989 549 5061 πάτερ,
561 4986 623 5060 μέγα
633 4986 721 5055 respa,
735 4980 789 5054 μέγ’
800 4978 960 5052 ἀνθρώποισιν
973 4974 1062 5044 ὄνειαρ.

326 5079 472 5135 c'l‘mto.
488 5072 518 5127 Ὁ
539 5071 582 5145 μὲν
596 5069 657 5131 Θεὸς
670 5063 705 5130 εἷς
718 5085 725 5099 ·
738 5066 765 5138 χ’
780 5057 851 5125 οὗτος
872 5060 899 5114 tl
910 5058 959 5132 οὗχ
977 5058 1012 5118 ὦς
1025 5075 1064 5109 τι-

287 5183 326 5227 νες
342 5162 495 5228 ῐνπονοοΰσιν,
508 5156 576 5219 ἐκτὸς
584 5148 815 5222 τᾶςδιακοσρήσιος,
827 5145 884 5199 ἀλλ’
892 5141 984 5212 ἔναι’ντᾷ
994 5139 1063 5207 ὅλος,

289 5247 314 5302 ἔν
325 5247 379 5319 ὅλῳ
391 5248 428 5317 τῷ
441 5242 532 5313 κύκλῳ,
546 5238 677 5300 ἐπίσκοπος
692 5235 770 5296 πάσας
780 5230 898 5304 γενέσιος,
918 5228 1001 5299 κρᾶσις
1014 5228 1064 5277 τῶν

1154 423 1197 483 De
1216 423 1342 504 reliquis
1363 442 1443 503 pene
1462 423 1806 504 omnibusphilosoplris
1831 426 1886 486 lli·
2002 432 2003 435 ’

1114 518 1224 601 nucius
1235 517 1330 595 Felix,
1338 519 1400 598 ,qui
1411 525 1443 579 et
1452 518 1616 606 Virgilium
1630 517 1724 596 hrp'us
1737 519 1887 597 dogmatis

1114 612 1365 692 adstipulatorem
1371 612 1443 673 citet
1455 612 1504 672 his
1514 612 1613 672 verbis
1621 631 1627 671 ι
1636 611 1737 684 «Quid
1751 612 1886 672 Mantua-

1114 725 1173 766 nus
1181 707 1265 767 llaro
1277 706 1407 767 'lncnne
1415 705 1560 786 apertius,
1570 705 1749 785 proximius,
1765 704 1883 765 verius:
2002 742 2003 745 =

1116 799 1278 880 Principio,
1303 801 1360 876 ait,
1398 800 1512 860 coelum
1540 805 1571 859 et
1595 805 1692 860 terras
1720 805 1750 859 et
1778 805 1886 860 eaetern

1114 895 1226 956 mundi
1249 894 1389 956 membra
1415 893 1538 975 spiritus
1561 893 1645 953 intus
1671 892 1725 953 alit
1738 898 1769 953 et
1787 892 1886 952 infusa
2002 946 2003 967 ,

1113 1008 1201 1050 mens
1214 989 1334 1069 agitat‘.l
1350 988 1424 1050 lnde
1435 987 1600 1049 hominum
1612 987 1828 1068 pecudumque
1839 1005 1887 1065 ge·

1019 1080 1021 1085 ’
1114 1102 1174 1144 nus
1186 1088 1217 1145 et
1237 1081 1386 1162 quidquid
1406 1080 1490 1141 alind
1511 1079 1704 1140 animalium.
1725 1078 1810 1138 ldem
1827 1076 1886 1137 alio
2002 1100 2003 1105 ¹

1114 1177 1193 1251 loeo,
1211 1181 1348 1237 mentem
1365 1174 1455 1233 istum
1470 1178 1500 1233 et
1512 1171 1653 1251 spiritum
1674 1172 1773 1231 lleum
1784 1169 1887 1237 norni-
2002 1200 2003 1217 ι

1115 1276 1179 1345 nat,
1202 1270 1269 1330 baec
1286 1267 1372 1347 enirn
1388 1283 1462 1326 tera
1480 1269 1570 1337 srmt.
1584 1265 1682 1324 Deum
1695 1281 1829 1341 namque
1843 1261 1887 1322 ire
2002 1264 2003 1267 ’

1116 1384 1171 1444 per
1189 1381 1298 1424 omnes
1322 1368 1489 1439 terrasque,
1513 1363 1687 1437 tractusque
1705 1357 1808 1431 maris,
1830 1374 1888 1415 cm-
2002 1362 2003 1365 ’

1116 1458 1244 1536 lamque
1264 1453 1464 1536 profundum.
1479 1451 1567 1512 Unde
1586 1451 1727 1512 homines
1751 1455 1781 1509 et
1799 1467 1889 1529 pecu-

1116 1551 1179 1627 des,
1195 1550 1278 1611 unde
1304 1548 1415 1623 imber,
1430 1552 1461 1607 ct
1485 1546 1604 1625 igness.
1617 1566 1632 1601 ν
1664 1543 1740 1605 Vide
1763 1548 1795 1603 et
1819 1543 1890 1602 lee-

1115 1643 1248 1704 tanlium
1281 1642 1315 1702 in
1344 1640 1445 1721 primo
1482 1638 1561 1698 libro
1587 1636 1685 1716 eapite
1718 1635 1828 1714 quinto
1860 1639 1890 1694 et
2002 1700 2003 1717 ,

1115 1737 1149 1797 in
1173 1736 1253 1797 libro
1283 1733 1319 1796 de
1346 1732 1397 1794 Ira
1428 1729 1484 1791 Dei
1508 1731 1605 1809 capite
1631 1747 1673 1790 xx.
1700 1726 1889 1806 Sibyllarum
2002 1730 2003 1735 ’

1116 1849 1208 1911 porro
1233 1827 1425 1903 testimonia,
1446 1826 1594 1905 qrtoniam
1613 1823 1652 1883 de
1671 1822 1798 1897 illarum
1820 1840 1890 1882 aue
2002 1830 2003 1887 ᾗ

1114 1927 1237 1987 toritate
1264 1925 1368 1984 minus
1392 1923 1473 1982 inter
1497 1921 1602 1981 doctos
1622 1916 1776 1992 convenit,
1798 1916 1889 1977 missa

1114 2019 1260 2081 hocloco
1294 2017 1413 2092 luciam,
1434 2033 1503 2094 quae
1521 2011 1603 2093 apud
1622 2011 1692 2072 illos
1710 2029 1789 2090 quos
1808 2028 1890 2071 eorn-
2002 2018 2003 2021 ’

1115 2112 1285 2173 memorari
1329 2109 1432 2190 legere
1461 2107 1590 2186 qrrisque
1619 2103 1742 2184 poterit.
1778 2102 1891 2175 eram-
2002 2182 2003 2191 ρ

1115 2206 1222 2267 obrem
1235 2204 1427 2266 verissimum
1442 2200 1520 2260 illud
1531 2204 1576 2259 est
1586 2198 1624 2259 de
1639 2195 1805 2276 gentilibus
1820 2195 1890 2276 plri-

1115 2299 1250 2379 lcsophis
1271 2296 1311 2357 ab
1343 2295 1448 2356 Oresio
1474 2292 1606 2368 dietum,
1631 2308 1684 2351 eos
1712 2311 1728 2347 ιι
1748 2288 1825 2348 dum
1846 2288 1890 2359 in·

1114 2399 1200 2454 tento
1227 2390 1338 2452 mentis
1363 2387 1464 2448 studio
1489 2388 1633 2465 quierunt
1654 2387 1890 2460 scrutanturque
2002 2384 2003 2387 ’

1115 2486 1231 2561 omnia,
1252 2501 1351 2543 unum
1370 2480 1469 2541 Deum
1480 2482 1638 2539 auctorem
1652 2475 1792 2536 omnium
1805 2492 1891 2553 repe-

1115 2580 1198 2655 risse,
1215 2576 1253 2638 ad
1267 2593 1361 2656 quern
1373 2591 1473 2635 unum
1484 2571 1590 2633 omnia
1603 2569 1788 2630 referrmtur.
1802 2567 1891 2629 Unde

1116 2673 1210 2733 etiam
1220 2688 1304 2733 nunc
1318 2667 1441 2748 pagani,
1455 2684 1532 2745 qrros
1539 2664 1605 2743 jum
1617 2661 1768 2724 declarata
1779 2661 1892 2721 veritas
2002 2658 2003 2665 ’

1116 2765 1155 2826 de
1188 2761 1383 2825 contumacia
1409 2759 1507 2839 magis
1528 2775 1622 2838 quam
1651 2756 1689 2816 de
1716 2754 1892 2834 ignorantie

1118 2857 1281 2932 eouvincit,
1302 2873 1374 2916 cum
1397 2853 1522 2914 anobis
1542 2850 1757 2926 discutiuntur,
1778 2868 1847 2910 non
1861 2867 1891 2908 se

1117 2955 1221 3036 plures
1245 2954 1318 3014 deos
1338 2949 1434 3029 serpsi,
1456 2949 1508 3009 sed
1527 2947 1584 3008 sub
1604 2966 1669 3007 uuo
1694 2947 1756 3006 Deo
1775 2963 1891 3025 magno
2002 3014 2003 3017 Ἴ

1117 3048 1221 3128 plures
1233 3047 1388 3108 ministros
1402 3041 1541 3104 venerari
1556 3041 1701 3102 latentur.
1721 3039 1826 3099 Restat
1839 3037 1893 3116 igi·

1116 3148 1168 3202 tur
1180 3142 1218 3202 de
1230 3137 1434 3219 intelligentia
1450 3136 1515 3196 reri
1529 3134 1585 3195 Dei
1598 3151 1654 3212 per
1675 3130 1788 3193 multas
1800 3129 1891 3191 intel-

1116 3235 1232 3315 ligendi
1247 3233 1432 3313 suspiciones
1450 3229 1576 3291 confusa
1594 3226 1748 3301 fflsmndm
1764 3224 1891 3305 quiade

1115 3349 1180 3391 uno
1198 3331 1261 3391 Deo
1282 3327 1425 3389 omnium
1440 3344 1519 3406 pene
1533 3343 1597 3385 una
1608 3322 1713 3402 opinio
1727 3326 1773 3381 est
1779 3316 1802 3379 ⁴.
1819 3340 1836 3376 ν
1856 3320 1893 3380 Et

1115 3422 1304 3504 Augustinus
1322 3422 1356 3482 in
1376 3420 1520 3480 ausimo
1543 3423 1645 3479 contra
1675 3414 1822 3475 Faustum
1845 3432 1890 3474 ea-

1115 3516 1178 3596 pite
1192 3533 1221 3592 x,
1246 3538 1261 3574 ι
1283 3531 1428 3595 paganos,
1457 3512 1510 3587 ait,
1532 3508 1647 3571 multos
1667 3526 1737 3568 suos
1757 3506 1833 3567 cleos
1855 3523 1891 3566 cx

1115 3627 1178 3668 une
1198 3605 1368 3668 substantia
1388 3622 1531 3665 asserere.
1547 3624 1562 3659 ν
1590 3601 1679 3675 Quod
1693 3597 1809 3660 etinm⁶
1832 3599 1892 3658 illa·

1114 3702 1216 3762 ximus
1237 3699 1348 3780 tyrius
1367 3699 1400 3758 in
1417 3698 1518 3778 prima
1543 3693 1752 3757 dissertnfimc
1773 3692 1889 3766 docuit,

1115 3797 1272 3857 affirmans
1296 3811 1496 3855 communem
1522 3790 1608 3851 hunc
1630 3806 1753 3849 sensum
1775 3786 1891 3847 habere

1115 3890 1259 3950 mortales
1280 3906 1386 3949 omnes
1410 3905 1432 3969 :v
1451 3906 1466 3943 ιι
1489 3886 1594 3947 L'num
1612 3901 1676 3944 esse
1706 3883 1806 3941 Deum
1829 3898 1893 3940 onr-

1115 3983 1204 4043 nium
1218 4000 1326 4061 regem
1337 3998 1373 4040 ac
1384 3983 1555 4058 parentem,
1568 3995 1604 4037 ac
1618 3974 1692 4036 deos
1705 3972 1821 4034 multos
1839 3972 1892 4034 llei

1116 4077 1194 4138 lilios
1205 4094 1278 4138 cum
1295 4076 1359 4135 Deo
1380 4073 1608 4152 imperantes.»

1118 4280 1194 4350 ὅλων,
1209 4277 1247 4331 ἀεὶ
1261 4275 1311 4330 ὤν’
1327 4273 1371 4328 καὶ
1390 4271 1491 4344 ἐργάτας
1503 4273 1552 4324 τῶν
1562 4267 1636 4322 atros
1648 4269 1779 4340 δονάριων,
1795 4267 1837 4320 καὶ
1852 4265 1895 4340 ἔρ-

1116 4384 1167 4438 γων
1193 4362 1315 4431 ἁπάντων,
1337 4357 1361 4411 ἐν
1382 4355 1477 4429 οὖρανῶ
1495 4353 1613 4426 φωστὴρ,
1636 4353 1677 4406 καὶ
1710 4353 1807 4406 πάντων
1829 4350 1892 4417 muti,

1117 4452 1182 4518 νοῦς,
1197 4445 1237 4499 καὶ
1260 4442 1367 4516 ψόχωσις
1387 4445 1424 4511 τῷ
1435 4439 1488 4510 ὅλῳ
1498 4436 1580 4508 κύκλῳ
1593 4437 1690 4490 πάντων
1704 4436 1807 4497 κίνασις.

1154 4526 1381 4600 ἀθτιιᾸΙορρῦριος
1393 4522 1419 4576 δέ
1428 4541 1499 4592 φησιν
1509 4519 1533 4574 ἐν
1544 4520 1631 4592 titillor
1637 4521 1746 4593 τετάρτῳ
1758 4519 1894 4589 φιλοσόφον

1118 4611 1337 4687 ἓατορίας,δοξάσαι
1346 4627 1373 4663 τε
1381 4609 1423 4662 τὸν
1434 4604 1608 4677 misenensi
1614 4604 1661 4677 μὴν
1671 4605 1712 4657 καὶ
1724 4604 1812 4676 φράσαι
1820 4603 1893 4656 πάλιν

1118 4701 1174 4773 περὶ
1188 4698 1240 4760 ἑνὸς
1258 4698 1330 4759 θεοῦ,
1353 4693 1432 4764 ὄνομα
1449 4690 1475 4744 δὲ
1491 4689 1557 4762 αὐτῷ
1571 4687 1646 4761 μηδὲν
1660 4686 1815 4760 ἐραρρόττην
1832 4683 1893 4759 μηδὲ

1118 4792 1208 4859 γνῶσιν
1218 4780 1369 4854 ἀνθρωπίνην
1375 4777 1449 4845 miris
1456 4772 1655 4843 καταλαὸεἴν,τὰς
1662 4770 1690 4825 δὲ
1695 4771 1829 4843 λεγορένας
1835 4786 1893 4842 προ·

1118 4867 1235 4944 σργορίας
1254 4864 1302 4919 ἀπὸ
1320 4867 1370 4918 τῶν
1391 4859 1497 4932 ὑστέρων
1516 4858 1714 4929 καταχρηστικῶς
1733 4854 1806 4908 orituri
1818 4872 1894 4921 κατι,-

1118 4977 1211 5034 ΥΟΡΕΝ,

1154 5064 1168 5103 e
1186 5046 1290 5102 blxxrrt.
1306 5044 1370 5099 Tru.
1384 5045 1454 5097 orat.
1471 5041 1498 5094 l.
1513 5036 1570 5092 Ὅτι
1584 5036 1645 5098 Θεὸς
1660 5026 1697 5094 εἷς
1716 5029 1813 5084 πάντων
1826 5022 1895 5096 βασι-

1118 5132 1183 5200 λεὺς,
1197 5130 1237 5182 καὶ
1250 5129 1340 5201 πατὴρ,
1354 5127 1394 5180 καὶ
1403 5125 1453 5179 brol
1466 5123 1568 5189 πολλοὶ,
1580 5121 1643 5176 Θεοῦ
1651 5117 1741 5176 aaron
1757 5110 1893 5182 σινάρχον-

1117 5234 1157 5277 τες
1169 5214 1234 5287 Θεῷ.

310 5468 320 5515 r
336 5466 357 5508 lu
369 5465 443 5510 Psotr.
458 5473 484 5517 p.
495 5458 533 5508 it.
545 5456 599 5505 edit.
611 5454 742 5500 listram-2
753 5450 810 5492 Vide
818 5446 899 5491 Euseb.
907 5444 926 5491 l.
943 5442 983 5485 xl.
996 5441 1024 5483 dc
1037 5438 1065 5484 sse
1078 5438 1197 5495 proeporot.
1207 5448 1231 5491 p.
1246 5433 1325 5481 trs·
1336 5434 1348 5474 3
1361 5428 1531 5480 enecaverit
1543 5430 1565 5469 tl
1578 5417 1713 5478 sequ-tt.
1723 5419 1763 5465 Vl·
1774 5418 1830 5463 ΠΜ·
1841 5422 1891 5463 Μ·
