4096 6190
405 319 456 380 bu
475 318 550 381 bul)
571 317 713 391 DElQUE
733 314 1078 391 PROPRIETATIBUS,
1100 316 1172 377 LlB.
1195 317 1275 393 Vlll,
1297 318 1380 379 CAP.
1404 319 1456 379 Vl.

130 483 380 565 magnitudinem
399 502 463 545 uua
476 483 588 564 saepius
609 482 756 560 cogitent,
775 486 806 542 et
819 481 897 559 figu-

130 595 210 652 ram,
226 582 257 638 et
270 578 425 653 colorem;
448 577 629 655 neutiquam
651 576 769 636 sincere
785 572 899 634 intelli-

129 668 237 747 gibilia
250 669 423 750 percipiunt
431 679 484 729 ν.»

172 763 214 824 Ut
226 768 331 823 autem
351 762 390 823 ab
413 760 550 822 universi
572 759 831 839 contemplatione
849 778 901 838 ge·

130 854 216 915 neris
227 859 422 917 transcamus
431 853 471 913 ad
480 852 668 933 propositam
682 852 720 912 de
734 840 788 913 Dei
802 852 902 912 nomi-

131 946 224 1008 nibus
247 947 460 1026 quaestionem,
483 946 516 1006 id
541 950 613 1006 ante
636 943 742 1005 omnia
767 944 903 1005 conside

131 1039 268 1100 randum
289 1038 385 1115 venit,
402 1042 555 1116 quatenus
582 1036 640 1097 snb
664 1035 902 1115 appellationem

131 1131 222 1191 cadat
240 1131 321 1192 Deus
338 1129 501 1209 ejusmodi,
517 1147 588 1209 quae
601 1132 746 1189 naturam
765 1127 848 1188 illius
861 1126 902 1188 si-

131 1222 267 1302 gnificet.
295 1223 339 1282 De
361 1239 423 1300 quo
451 1227 604 1283 nontam
630 1219 744 1281 sentire
767 1220 901 1294 diversa,

133 1333 229 1393 quam
254 1314 338 1393 loqui
363 1318 482 1374 veteres
509 1310 795 1373 animadvertimus.
824 1314 905 1372 Sunt

133 1407 221 1467 enim
239 1406 293 1485 qui
314 1408 376 1467 Deo
396 1423 512 1467 nomen
534 1404 652 1483 imponi
671 1422 759 1483 posse
779 1403 904 1463 nullum

133 1499 334 1574 arbitrentur,
345 1497 440 1558 etiam
455 1496 595 1576 gentiles,
606 1497 722 1556 nedum
734 1494 902 1571 christiani,

134 1591 200 1671 qui,
221 1610 284 1670 quo
307 1590 397 1671 plura
418 1590 456 1650 de
481 1588 545 1661 illo,
570 1587 755 1649 arcaniora
775 1593 903 1660 nomint,

135 1702 173 1744 eo
199 1683 298 1762 magis
325 1683 463 1744 humana
490 1687 560 1742 tum
586 1679 809 1758 intelligentia,
836 1685 905 1739 tum

134 1793 210 1837 voce
223 1774 444 1854 comprehendi
456 1791 522 1834 non
539 1790 629 1852 posse
640 1774 835 1851 perspectum
848 1770 904 1831 ha·

135 1867 222 1929 berit.

177 1957 326 2020 Platonici
352 1958 479 2038 quidem
508 1958 607 2019 Deum
633 1959 752 2037 ἄρρητον,
781 1954 814 2016 id
840 1960 903 2029 est,

137 2050 312 2130 ineffabilem
337 2068 402 2112 esse
430 2050 595 2124 dixerunt,
622 2053 659 2107 ut
684 2046 848 2123 Alcinous,
876 2051 907 2107 et

136 2143 290 2205 Maximus
310 2143 422 2222 Tyrius
444 2160 482 2203 ex
505 2139 639 2201 Platonis
659 2138 812 2199 sententia
830 2138 907 2199 reie-

1658 321 1717 382 θθθ

949 479 1147 560 μ1111ο1μ1ο111.
1167 482 1344 557 «Quoniam
1358 501 1432 562 ergo
1446 483 1524 544 nihil
1536 490 1582 545 est
1595 503 1716 564 eorum,

950 571 1051 632 solum
1078 574 1110 634 id
1130 574 1264 651 dicetrrr,
1289 592 1354 637 esse
1382 593 1477 655 supra
1504 577 1619 638 omnia.
1645 580 1719 640 llaec

949 668 1054 724 autem
1077 671 1151 726 sunt
1170 667 1263 743 entia,
1288 673 1319 728 et
1338 686 1404 728 eus.
1430 667 1508 728 lllud
1529 668 1625 748 igitur
1648 674 1719 731 ente

951 756 1103 836 superius.
1119 759 1207 832 Quod
1220 759 1304 819 enim
1318 767 1364 820 est
1379 778 1473 839 supra
1485 779 1551 836 eus,
1569 780 1633 823 nou
1646 760 1719 822 dicit

950 847 1009 909 hoc
1022 849 1154 930 aliquid3
1168 852 1363 931 nequeenim
1376 853 1464 932 pouit
1477 852 1604 932 aliquid,
1617 871 1719 932 neque

951 958 1066 1002 nomen
1090 941 1172 1002 illius
1204 943 1296 1021 dicit,
1325 943 1378 1004 sed
1412 942 1502 1005 affert
1533 945 1635 1005 solum
1661 945 1721 1006 hoc

950 1030 1064 1111 ipsum,
1080 1053 1144 1094 non
1162 1040 1208 1096 est
1228 1037 1297 1096 hoc.
1313 1035 1348 1096 ld
1362 1041 1467 1097 autem
1486 1036 1601 1097 iaciens
1617 1035 1719 1097 neuti-

952 1141 1047 1203 quam
1073 1127 1307 1206 comprehendit
1332 1127 1445 1207 ipsum.
1476 1128 1652 1189 Ridiculum
1675 1132 1722 1189 est

952 1217 1037 1277 enim
1050 1218 1129 1279 velle
1146 1219 1331 1280 immensam
1351 1220 1438 1280 illam
1461 1221 1721 1299 comprehendere

953 1309 1236 1372 nomentanae
1254 1328 1328 1372 uera
1351 1318 1397 1372 est
1418 1312 1509 1387 ratio,
1530 1331 1585 1373 cur
1598 1312 1722 1373 nullum

952 1403 1113 1481 proprium
1138 1405 1201 1464 Deo
1226 1422 1342 1465 nomen
1371 1404 1491 1484 imponi
1518 1410 1620 1483 queat,
1649 1403 1723 1483 quia

953 1494 1040 1554 utillo
1061 1494 1192 1557 incerto
1209 1514 1317 1556 rerum
1330 1513 1444 1574 genere
1457 1496 1605 1572 consistit,
1621 1514 1722 1575 neque

954 1588 1183 1666 comprehendi,
1200 1606 1236 1649 ae
1254 1587 1473 1662 circumscribi,
1490 1588 1555 1648 sire
1576 1588 1721 1649 determi-

954 1679 1024 1738 nari
1036 1684 1146 1758 potest.
1163 1681 1283 1741 Nomen
1300 1685 1405 1740 autem
1423 1684 1506 1741 certa
1527 1679 1573 1741 rei
1585 1680 1723 1741 delinitio

954 1775 1010 1831 est.
1023 1772 1186 1850 Propterea
1195 1772 1365 1832 Mercurius
1378 1771 1479 1840 illaad
1493 1771 1627 1844 Tatium,
1640 1772 1723 1852 apud

955 1861 1123 1939 Stohaeum,
1154 1865 1288 1938 «Deum,
1307 1864 1424 1942 inquit,
1444 1863 1579 1941 cogitare
1601 1862 1723 1923 difficile

954 1958 1010 2030 est,
1026 1953 1129 2034 eloqui
1147 1973 1221 2015 vero
1239 1954 1485 2035 impossibilev.»
1504 1955 1593 2028 Quod
1612 1955 1724 2035 planus

954 2045 1011 2106 iste
1033 2063 1072 2107 ex
1096 2045 1207 2108 Timaeo
1231 2046 1365 2106 Platonis
1380 2045 1517 2106 imitatus
1533 2052 1589 2123 est,
1615 2047 1670 2126 qui
1683 2048 1725 2108 sic

954 2137 1078 2199 scribit:
1095 2139 1215 2217 «Igitur
1229 2138 1431 2213 conditorem,
1443 2143 1643 2217 etparentem
1653 2138 1724 2199 uni-

136 2242 223 2297 runt.
255 2235 388 2314 οΗιῄιιε,
415 2233 516 2312 inquit
542 2232 694 2293 lllaximus
715 2231 754 2291 de
782 2248 905 2291 summo
954 2229 1105 2290 versitatis
1131 2230 1225 2309 hujus
1251 2247 1322 2290 cum
1348 2229 1489 2290 uivenire
1516 2229 1639 2291 difficile
1668 2236 1723 2306 est,

138 2328 201 2388 Deo
229 2326 384 2388 Platonico
410 2326 555 2404 loquens,
580 2340 694 2384 nomen
723 2323 905 2401 neutiquam
954 2326 1033 2396 turn,
1048 2320 1103 2381 ubi
1117 2321 1283 2398 inveneris,
1298 2320 1401 2401 eloqui
1414 2320 1661 2401 impossihilet.»

137 2417 352 2500 eloquiturl.»
370 2420 407 2480 Et
421 2435 505 2493 mox,
525 2416 697 2477 «Divinum
712 2432 839 2491 nomen,
850 2415 903 2490 ait,
994 2413 1059 2473 Vll.
1076 2414 1153 2473 Cum
1164 2414 1294 2491 gentiles
1302 2413 1360 2472 ista
1368 2413 1543 2493 philosophi
1552 2413 1590 2474 de
1604 2432 1726 2475 summo

137 2512 234 2572 oculis
261 2511 390 2571 minime
414 2506 612 2588 aspectabile,
641 2524 715 2567 voce
741 2506 906 2585 inexplica·
954 2506 1017 2567 Deo
1038 2506 1263 2585 perhibuerint,
1279 2522 1371 2566 nemo
1390 2505 1565 2574 mirabitur,
1582 2506 1726 2568 Judaeum

137 2603 253 2665 bileti
278 2604 315 2662 Et
336 2603 370 2663 in
397 2600 477 2661 calce
500 2598 647 2660 orationis
669 2613 793 2678 amulii,
818 2603 906 2659 vocat
954 2597 1115 2658 hominem
1124 2597 1286 2658 Philonem
1295 2598 1492 2677 eadem,quae
1500 2597 1727 2660 sacriselibris

136 2696 227 2758 illum
245 2695 485 2775 «Legislatorem
499 2691 626 2751 nomine
639 2693 808 2765 carentem,
832 2707 906 2750 voce
955 2689 1112 2765 didicerat,
1128 2690 1166 2750 de
1179 2690 1233 2750 illo
1246 2690 1416 2751 tradidisse.
1433 2691 1633 2770 Atcpiehujus
1646 2692 1727 2753 istud

138 2787 337 2863 ineffabilem,
354 2804 411 2847 nec
425 2783 523 2845 oculis
532 2779 801 2862 aspectabilem.»
955 2787 1000 2841 est
1014 2782 1163 2842 eximium
1185 2781 1220 2842 iu
1241 2781 1321 2842 libro
1344 2779 1380 2842 de
1396 2780 1556 2842 lisanum
1568 2791 1726 2846 commota·

177 2880 317 2941 Plotinus
330 2895 404 2938 vero
427 2875 549 2954 areipsa
566 2874 687 2935 citasse
704 2872 904 2949 ineffabilem,
954 2872 1043 2948 tione,
1059 2873 1116 2932 sub
1130 2872 1263 2949 initium,
1272 2873 1327 2933 ubi
1340 2872 1379 2933 de
1390 2873 1584 2953 cognitione:
1600 2875 1725 2953 «Unde,

138 2991 241 3053 neque
259 2988 375 3032 nomen
392 2969 493 3030 ullum
505 2967 631 3028 habere.
655 2964 809 3044 Quidquid
821 2965 907 3025 enim
955 2963 1067 3043 inquit,
1083 2964 1197 3025 rationi
1211 2969 1452 3025 consentancum
1466 2971 1542 3041 erat,
1561 2966 1684 3027 nullum
1698 2969 1727 3029 ci

137 3064 261 3133 dinone,
278 3061 394 3142 aliquid
406 3060 533 3121 tandem
542 3058 634 3118 dices.
650 3057 711 3118 Sed
726 3057 811 3118 enim
824 3057 907 3136 quod
956 3056 1118 3135 proprium
1132 3075 1247 3118 nomen
1267 3056 1386 3136 imponi
1399 3075 1498 3136 posse,
1521 3059 1604 3136 quod
1618 3076 1728 3121 revera

138 3161 184 3217 est
199 3173 293 3235 supra
307 3152 424 3228 omnia,
440 3168 594 3231 supraque
608 3155 745 3210 mentem
758 3147 909 3227 augustis·
957 3153 1012 3208 est.
1032 3149 1141 3210 Nonne
1160 3150 1256 3221 vides,
1281 3149 1545 3227 quemadmodum
1569 3150 1729 3230 Prophetae

137 3248 262 3322 simam,
288 3246 369 3307 inter
390 3244 495 3305 omnia
517 3243 617 3304 solum
639 3247 685 3303 est
706 3258 827 3315 verum,
852 3259 909 3302 uec
957 3241 1002 3301 rei
1017 3242 1180 3303 veritatem
1195 3242 1360 3302 suidiosiua
1376 3242 1556 3321 inquirenti,
1576 3244 1728 3324 quidnam

139 3340 240 3401 ullum
254 3338 339 3399 aliud
359 3336 455 3417 ipsius
474 3342 519 3398 eat
530 3352 661 3410 nomem
676 3351 777 3413 neque
791 3332 908 3411 aliquid
957 3351 1072 3394 nomen
1085 3333 1167 3394 illius
1181 3333 1389 3413 quarentibus
1406 3334 1593 3414 respondere
1605 3341 1728 3416 oporte·

139 3436 186 3492 est
199 3429 352 3502 omnium,
369 3447 426 3489 nec
440 3427 537 3507 ipsius
551 3444 666 3488 nomen
676 3431 732 3502 est,
743 3425 816 3504 quia
830 3425 909 3485 nihil
957 3429 1015 3500 ret,
1036 3425 1080 3484 ita
1100 3429 1146 3486 est
1167 3424 1311 3487 locutus?
1324 3424 1393 3507 Epo
1406 3445 1480 3494 cum,
1497 3426 1552 3507 qui
1568 3447 1641 3497 sum,
1658 3434 1728 3489 tan·

139 3524 179 3584 de
201 3524 268 3602 ipso
288 3520 410 3582 dicitur.
437 3520 497 3581 Sed
515 3537 582 3593 nos,
608 3517 710 3599 quoad
732 3534 906 3597 possumus,
958 3534 1053 3597 quam
1067 3517 1196 3579 diceret:
1213 3516 1331 3579 Natura
1344 3536 1407 3577 meo
1420 3527 1460 3579 ert
1471 3537 1537 3597 erse,
1553 3538 1611 3581 nou
1621 3518 1726 3582 dicit»

140 3613 285 3677 nonnihil
309 3614 348 3675 de
369 3612 423 3673 illo
450 3610 621 3690 significare
644 3617 845 3671 conamurtu
872 3609 910 3670 Et
958 3609 1043 3669 Etin
1056 3609 1135 3670 libro
1149 3608 1184 3671 de
1197 3608 1402 3692 Leqmioueod
1412 3609 1629 3691 Caium,negat
1641 3632 1730 3694 posse

140 3706 215 3769 alibi
227 3705 341 3767 idcirco
354 3703 510 3765 nominari
524 3707 617 3782 negat
630 3720 729 3781 posse,
745 3700 910 3781 qriianihil
958 3718 1132 3763 sermonem
1158 3706 1299 3763 nostrum
1330 3722 1346 3759 (ι
1372 3702 1505 3782 propriis
1532 3704 1727 3785 nominibus,

141 3804 189 3861 est
212 3796 298 3875 certi,
320 3816 356 3858 ac
380 3794 587 3869 determinati,
612 3811 685 3857 curn
707 3794 748 3855 sit
768 3793 910 3855 omnium
958 3793 1044 3855 velut
1063 3793 1211 3873 gradibus
1237 3793 1295 3855 niti
1323 3793 1362 3854 ad
1385 3794 1605 3856 declarandum
1624 3796 1727 3869 illum,

180 4063 202 4103 a
220 4048 316 4103 Acciri.
333 4041 590 4116 conrumpatur
613 4042 655 4116 μέν
678 4041 719 4111 δὴ,
739 4043 782 4098 ἅτε
802 4045 845 4095 τοῦ
869 4045 912 4109 τῆς

143 4129 277 4198 αἰσθήσεως
290 4129 381 4190 πάθους
395 4126 590 4200 ἐμπιπλάμενοι,
600 4127 665 4180 ὥστε
687 4126 728 4179 καὶ
751 4126 826 4178 ὁπότε
847 4127 911 4178 νοεῖν

142 4213 301 4285 προαιροῖντθ
326 4230 350 4264 τι
360 4210 458 4278 νοητὸν,
475 4207 686 4281 έμρανταζόμενον
703 4208 769 4280 ἔχειν
785 4207 814 4260 th
827 4206 910 4274 αἰσθη-

143 4297 198 4359 τθν,
212 4296 246 4356 ὣς
258 4294 299 4347 καί
313 4294 413 4365 μέγεθος
424 4294 583 4355 οννεπινοεῖν,
598 4292 639 4344 καὶ
651 4296 747 4364 οχῆμα,
759 4290 800 4344 καὶ
811 4294 911 4363 γρῶμα,

144 4378 273 4440 πολλέαις,
286 4374 314 4428 oi
328 4376 440 4448 καθαρῶς
455 4374 486 4428 τὰ
499 4374 576 4442 νοητθ
590 4378 684 4427 νοοῦσι.

181 4461 198 4518 θ
218 4462 321 4518 Minu.
336 4460 404 4518 Tru.
420 4460 497 4515 Orat.
511 4474 531 4513 ι,
550 4457 643 4511 Τούτου
652 4456 733 4528 ὄνομα
743 4454 785 4528 μέν
796 4453 823 4507 οὖ
835 4454 911 4527 λέγει.

183 4560 197 4600 t
216 4542 283 4599 ibid.
303 4543 337 4595 it
350 4541 377 4596 δέ
391 4541 455 4594 θεῖον
468 4538 528 4594 uiri
539 4540 642 4612 ἀόρατον
650 4538 796 4611 θρθαλμοῖς,
807 4537 912 4610 ἄρρητον

185 4632 226 4680 ν’.

117 4713 120 4719 ’
145 4648 310 4773 φωεθῃΙθιειιι,
325 4710 401 4764 Orat.
417 4721 531 4763 aranu.
554 4703 693 4777 ’λνώνομος
713 4703 913 4777 repetiuerant

147 4792 252 4865 θῤῥητος
265 4795 333 4863 φωνῇ
335 4830 344 4855 ,
358 4789 399 4843 καὶ
414 4788 520 4860 ἀόρατος
532 4787 676 4861 ὀφθαλμοῖς.

182 4875 324 4933 cProrrr.
348 4876 425 4929 Ειινι.
445 4872 477 4937 ll,
493 4871 541 4927 lib.
562 4872 615 4943 lll,
638 4888 698 4942 cap.
721 4886 778 4926 xiii.
808 4869 852 4923 hd
874 4872 915 4924 καὶ

146 4958 294 5031 ἅρρητοντῇ
309 4954 450 5027 nutriat,
463 4972 486 5008 τι
499 4953 547 5027 γὰρ
561 4956 589 5007 ἂν
600 4952 681 5026 εἴπῃς,
693 4955 717 5008 ti
730 4952 800 5026 ἐρεῖς.
814 4952 916 5008 titan

147 5040 258 5096 ἰπέαεινα
269 5040 376 5101 πάντως,
390 5038 431 5090 καὶ
447 5035 556 5091 ἰπέαεινα
571 5043 614 5092 τοῦ
629 5037 794 5110 σεμνοτάτου,
815 5041 870 5103 νοῦ,
891 5035 915 5090 ἐν

148 5126 201 5189 τοῖς
221 5123 281 5178 πᾶσι
305 5123 379 5194 μόνον
400 5120 494 5188 ἀληθές,
519 5118 563 5173 oda
574 5119 654 5193 ὄνομα
667 5120 696 5172 liu
711 5118 786 5174 αὐτοῦ
802 5120 865 5173 θλλθ
881 5139 913 5173 τι·

146 5205 203 5262 οὔτε
216 5211 300 5260 τιτῶν
313 5204 421 5258 πάντων·
444 5202 500 5256 οὔτε
519 5203 598 5275 ὄνομα
613 5202 697 5256 αὐτοῦ·
713 5204 751 5258 du
765 5203 839 5276 μηδὲν
861 5202 916 5256 κατ’

147 5288 233 5353 αὐτοῦ·
249 5286 307 5340 ἀλλ’
318 5287 352 5349 ὡς
365 5284 486 5359 ἐνδέχεται
499 5284 557 5358 ἡμῖν
572 5284 656 5350 αθτοῖς
671 5285 808 5359 σημαίνειν,
823 5284 917 5359 ἔπεχει-

147 5378 237 5447 ροῦμεν
251 5372 307 5442 περὶ
321 5367 406 5425 aizoi.

996 4041 1120 4116 fldem,
1136 4041 1183 4098 lib.
1203 4042 1234 4113 V,
1252 4058 1312 4112 cap.
1329 4058 1368 4099 νι.
1389 4040 1642 4101 otentico-trosti
1653 4050 1729 4120 μόνον

961 4126 990 4178 ἂν
1004 4126 1103 4197 λέγοιτο
1118 4123 1227 4179 ἐπέκεινα
1237 4126 1345 4179 πάντων.
1358 4130 1435 4180 ταῦτα
1443 4125 1470 4179 ct
1479 4128 1510 4180 τὰ
1521 4128 1591 4194 ὄντα,
1604 4132 1645 4184 καὶ
1653 4132 1728 4188 cccv.

961 4205 1071 4262 ἐπέκεινα
1081 4209 1128 4281 ἄρα
1141 4209 1220 4273 ὄντος.
1236 4208 1265 4263 τὸ
1277 4207 1324 4279 γὰρ
1339 4206 1535 4277 έπέαειναθντος,
1548 4210 1576 4264 οὗ
1587 4215 1643 4267 τόδε
1651 4215 1729 4287 λέγει·

961 4290 989 4343 οὖ
1004 4291 1051 4363 γὰρ
1070 4292 1172 4359 τίθησιν.
1195 4290 1252 4345 ctat
1276 4292 1356 4363 ὄνομα
1380 4290 1454 4345 αὐτοῦ
1477 4294 1553 4365 λέγει·
1576 4293 1641 4349 ἀλλὰ
1664 4299 1731 4371 φέρει

962 4376 1036 4447 μόνον
1051 4374 1090 4437 τθ,
1106 4373 1134 4427 οὖ
1149 4379 1232 4428 τοῦτο.
1248 4382 1322 4427 τοῦτο
1333 4372 1360 4426 δέ
1371 4380 1448 4428 ποιῶν
1462 4374 1570 4448 οὐθαμοῦ
1585 4376 1645 4432 αὖτθ
1659 4399 1730 4453 περι·

961 4457 1090 4529 λαμθάνει.
1102 4458 1200 4530 γελοῖον
1214 4457 1262 4529 γὰρ
1276 4458 1358 4525 ζητεῖν
1375 4455 1467 4526 ἐκείνην
1482 4457 1526 4526 τὴν
1539 4458 1644 4516 ἄπλετον
1659 4465 1730 4534 picto

962 4540 1157 4612 περιλαμθάνειν.

997 4623 1161 4694 ylluucuu.
1181 4622 1241 4676 θεθν
1268 4623 1310 4696 μέν
1333 4627 1421 4692 νοῆσαι
1443 4625 1562 4697 χαλεπόν·
1587 4628 1677 4700 ρρέοαι
1705 4630 1731 4684 ct

964 4705 1090 4761 ἀδύνατον.

999 4788 1122 4845 ΙιΡιΔτο
1140 4792 1212 4846 Tim.
1231 4790 1277 4842 Τθν
1300 4789 1343 4862 μὲν
1367 4784 1408 4843 οὖν
1427 4791 1548 4860 ποιητὴν,
1575 4794 1616 4847 aul
1640 4799 1733 4870 πατέρα

964 4874 1033 4925 τοῦδε
1048 4877 1091 4926 τοῦ
1105 4872 1196 4934 παντὸς
1203 4871 1279 4944 εθρεῖν
1294 4891 1320 4926 τε
1335 4872 1416 4945 ἔργον,
1430 4874 1471 4927 καὶ
1484 4873 1584 4946 εθρθντα
1598 4874 1632 4939 εἰς
1640 4879 1733 4941 πάντας

965 4954 1083 5009 ἀδύνατον
1092 4956 1182 5027 λέγειν.

1000 5042 1012 5094 i
1029 5037 1112 5093 Primo
1126 5038 1163 5095 de
1173 5042 1257 5094 Nom.
1274 5054 1375 5094 comm.
1394 5037 1448 5091 *lb
1473 5034 1516 5092 civ
1541 5040 1673 5097 ἀκόλουθον
1687 5047 1731 5112 rt,

967 5122 1024 5192 μηδ’
1034 5120 1114 5193 ὄνομα
1124 5122 1205 5193 κύριον
1228 5118 1414 5194 ἐπιφημισθῆναι
1425 5121 1540 5177 δύνασθαι
1556 5130 1592 5197 τῷ
1605 5126 1658 5181 duri
1672 5131 1733 5201 πρὸς

966 5202 1090 5272 ἀληθειαν.
1103 5203 1151 5277 οὔχ
1160 5205 1217 5277 θρᾷς
1232 5205 1270 5257 ὅτι
1284 5206 1483 5276 ριλοπεοοτοῦντι
1497 5208 1555 5277 πρθς
1569 5207 1682 5277 ἀληθειαν
1696 5219 1732 5286 τῷ

966 5286 1094 5360 Προρητρ,
1109 5287 1133 5341 ε1
1147 5288 1267 5359 τοῖςπερὶ
1284 5287 1406 5360 ὀνόματος
1418 5286 1492 5342 αθτοῦ
1508 5290 1622 5357 ζητοῦσιν
1633 5292 1733 5367 ἀποπρι-

967 5370 1032 5434 τέον,
1048 5370 1129 5441 ρηαέν·
1146 5371 1184 5424 θτι
1198 5368 1247 5442 ἐγώ
1267 5368 1316 5443 εἰμι
1337 5369 1408 5423 triu·
1433 5369 1488 5426 ἴσον
1503 5377 1539 5444 τῷ
1554 5367 1617 5433 εἶναι
1628 5377 1732 5448 πέροαα,

968 5450 1129 5524 οὗλέγεοθαις
