3942 6168
295 309 353 367 lto
800 306 1124 370 Ttlssutootcolttltl
1145 308 1374 369 nuntiarunt.

294 488 427 532 numero
441 476 487 531 est
501 471 621 545 Melito,
637 471 691 549 qui
710 470 821 549 scripta
833 471 958 551 reliquit
972 472 1010 533 de
1028 491 1065 534 eo
1113 473 1148 533 in
1173 471 1271 533 nulla.
1294 472 1367 545 Quis
1395 470 1480 531 enim
1504 469 1629 548 negabit
1650 471 1749 530 Deum
1775 487 1867 549 corpus

294 568 488 642 argumento,
505 564 602 623 Deum
615 580 680 622 esse
694 580 878 641 corporeum
891 573 918 624 ⁰.
933 586 948 621 u
1114 582 1191 640 esse,
1202 564 1258 625 etsi
1272 564 1352 624 Deus
1366 563 1490 642 spiritus
1502 561 1566 622 est?
1576 561 1707 640 Spiritus
1720 560 1805 621 enim
1815 578 1866 622 ‹nr-

334 653 529 715 Manifestum
545 659 591 715 est
607 653 647 714 ab
660 654 792 733 Origene
808 655 932 716 notari*
950 656 1067 717 Melito-
1115 675 1173 736 pus
1194 656 1242 716 sui
1262 656 1385 734 generis
1399 656 1433 716 in
1453 673 1510 716 sna
1528 653 1640 733 effigie.
1656 653 1716 714 Sed
1737 658 1769 714 et
1785 652 1869 715 invisi·

294 763 368 808 nem
381 750 530 825 tanquam
547 745 658 806 insuia
676 745 737 807 illis
754 746 873 826 scriptis
887 748 986 808 Deum
1000 766 1066 810 esse
1114 747 1188 808 bilia
1200 748 1254 808 illa
1264 765 1468 827 quacumque
1479 750 1562 821 sunt,
1573 744 1869 824 habentapudlleum

188 911 194 923 ·
294 855 478 917 corporeum
509 856 574 897 non
603 837 643 898 ab
675 837 743 898 aliis
774 836 963 900 affirmatum
992 858 1064 919 pro·
1114 846 1145 901 et
1165 858 1258 900 sunm
1277 857 1389 919 corpus
1408 845 1440 899 et
1460 837 1716 912 suamformam,
1739 854 1870 916 perque

124 1860 159 1903 An
178 1859 270 1903 lutul-

160 1912 235 1956 lienus

124 1966 197 2011 Deum
216 1977 270 2009 cor-

151 2030 242 2075 porcum

137 2071 256 2129 putarerlt.

294 929 441 1009 posuerit,
457 930 510 991 sed
524 948 563 989 ex
576 929 723 1008 opinione
738 929 803 1009 ipse
817 948 873 990 sira
890 931 1063 1010 disputarit.
1114 931 1172 993 soli
1186 933 1250 993 Deo
1262 932 1394 993 visibilia
1407 937 1491 992 sunt.
1508 952 1523 987 o
1542 931 1614 990 lleec
1629 930 1776 990 advmsns
1789 929 1869 990 liure

294 1022 334 1082 At
347 1023 450 1084 Sixtus
464 1023 568 1083 Graeca
579 1022 729 1083 mendosa
742 1028 966 1101 repraesentans
979 1042 1015 1084 ca
1024 1025 1067 1085 sic
1113 1024 1211 1085 ticum
1224 1024 1278 1104 qui
1291 1024 1347 1085 Dei
1360 1024 1491 1086 verbum
1504 1021 1567 1082 sive
1577 1039 1754 1082 sermonem
1767 1039 1788 1081 a
1801 1022 1871 1083 Patre

294 1112 385 1173 vertit
402 1133 409 1173 :
429 1134 445 1171 a
461 1114 507 1173 Ex
520 1112 633 1192 quibus
648 1119 731 1189 sunt,
749 1132 819 1193 quae
838 1114 941 1175 Melito
956 1116 1067 1196 scripta
1115 1133 1181 1176 non
1193 1115 1413 1195 distinguebat,
1424 1134 1460 1177 ac
1468 1133 1525 1194 per
1538 1133 1570 1176 se
1579 1132 1709 1175 vacuam
1718 1119 1750 1174 et
1762 1112 1873 1175 inanem

294 1205 418 1285 reliquit
451 1206 489 1265 de
521 1224 558 1265 eo
593 1206 677 1284 quod
714 1206 826 1266 dicitur
859 1208 922 1267 Deo
956 1227 1067 1287 corpus
1114 1207 1396 1268 remeaaedicebat.
1405 1208 1528 1268 atvero
1537 1206 1745 1268 Tertullianus
1755 1205 1873 1267 solidum

294 1296 421 1359 inesset.
442 1320 458 1354 u
477 1298 550 1371 Quae
569 1315 643 1359 sane
667 1298 833 1377 depravata
858 1303 940 1358 sunt.
962 1301 1067 1380 ltaqire
1116 1317 1180 1359 esse
1194 1300 1310 1379 aliquid
1324 1303 1355 1360 et
1367 1298 1535 1360 subsistens
1543 1298 1651 1359 asserit
1660 1317 1696 1359 ae
1708 1297 1757 1358 sui
1768 1297 1873 1376 genera

294 1388 431 1450 Melitoni
450 1389 629 1470 opinionem
647 1388 733 1449 illam
749 1389 895 1468 impingit
908 1390 1065 1469 Origenes.
1116 1390 1250 1470 effigiem
1277 1391 1404 1467 habere,
1430 1392 1569 1470 adeoque
1594 1409 1705 1471 corpus
1727 1408 1805 1451 esse.
1826 1389 1873 1450 Sed

294 1480 375 1554 Quin
396 1481 489 1542 etiam
507 1482 541 1542 in
560 1487 668 1542 camna
686 1481 821 1560 quadam
833 1482 938 1542 Groeca
956 1500 1067 1545 munu-
1116 1482 1239 1545 videtur
1257 1501 1369 1563 corpus
1388 1485 1432 1544 sic
1453 1500 1626 1564 usurpasse,
1642 1489 1679 1544 ut
1692 1482 1778 1544 idem
1798 1482 1832 1542 sit
1847 1500 1875 1542 ae

296 1573 411 1653 scripta
428 1574 462 1633 in
484 1572 634 1647 densim,
650 1573 790 1651 (trigenis
803 1573 886 1634 idem
900 1572 952 1634 ille
970 1575 1066 1654 locus,
1117 1574 1297 1636 substantia.
1320 1576 1400 1636 Nam
1420 1575 1525 1636 statim
1545 1574 1695 1654 subjicit:
1729 1596 1746 1631 r
1770 1575 1875 1647 Quanto

294 1665 401 1726 itidem
414 1671 450 1726 ut
460 1684 479 1726 a
489 1664 579 1725 nobis
588 1665 698 1726 allatus
710 1671 766 1740 est,
779 1666 917 1745 ponitur,
933 1684 991 1727 nec
1003 1687 1069 1730 non
1116 1668 1216 1745 magis
1232 1668 1317 1747 quod
1335 1686 1374 1728 ex
1392 1668 1488 1747 ipsius
1506 1667 1677 1728 substantia
1687 1667 1818 1728 missum
1830 1670 1874 1741 est,

294 1757 480 1818 'theodoreti
492 1757 627 1836 idipsum
641 1758 855 1819 asseverantis.
1117 1757 1183 1819 sine
1201 1759 1371 1820 substantia
1390 1777 1456 1819 non
1483 1757 1562 1819 erili
1581 1759 1791 1838 Quacumque
1815 1775 1876 1836 ergo

335 1851 371 1908 V.
396 1850 466 1909 Post
483 1850 568 1909 hunc
580 1850 872 1911 commemorandus
886 1858 932 1912 est
945 1852 1067 1913 Tertul-
1117 1849 1288 1912 substantia
1301 1851 1452 1911 sermonis
1465 1851 1534 1926 brit,
1548 1850 1635 1913 illam
1643 1850 1712 1912 dico
1726 1866 1876 1930 personam

293 1938 394 2001 lianus
410 1943 463 2021 qui
477 1943 576 2002 Deum
594 1960 660 2003 esse
680 1960 864 2021 corporeum
881 1945 1069 2006 existimasse
1118 1947 1149 2002 et
1161 1943 1207 2003 illi
1216 1961 1333 2004 nomen
1347 1942 1415 2003 Filii
1429 1942 1581 2004 vindico.»
1596 1944 1634 2003 Et
1647 1943 1681 2003 in
1694 1943 1775 2003 libro
1789 1951 1877 2003 eontra

294 2032 426 2110 videtur,
444 2033 537 2113 idque
551 2034 623 2094 sads
640 2039 746 2114 aperte
764 2034 870 2095 multis
885 2036 919 2096 in
936 2036 1011 2098 locis
1025 2037 1070 2096 in·
1118 2032 1348 2115 Hermogenem¹
1364 2053 1429 2095 non
1449 2036 1589 2096 concedit
1605 2056 1621 2092 a
1635 2054 1700 2096 esse
1718 2034 1832 2115 aliquid
1842 2035 1878 2093 in·

294 2125 384 2186 dieat.
402 2125 443 2186 Ut
456 2124 490 2185 in
502 2125 582 2186 libro
595 2133 699 2186 eontra
717 2125 870 2187 Prnneom
889 2127 987 2208 capite
1004 2146 1070 2207 sep-
1119 2127 1289 2206 corporale,
1309 2127 1348 2187 de
1362 2126 1542 2187 substantiis
1559 2127 1725 2203 duntaxat3
1740 2144 1812 2187 cnm
1825 2126 1879 2205 ipsa

294 2217 381 2277 timo.
399 2216 459 2277 Ubi
473 2234 651 2278 sermonem
668 2217 733 2293 Dei,
750 2218 799 2278 vel
818 2218 941 2293 Filium,
956 2218 989 2280 in
1007 2219 1071 2279 effi·
1119 2218 1290 2279 substantia
1315 2234 1426 2298 corpus
1455 2220 1495 2280 sit
1512 2218 1558 2279 rei
1587 2219 1746 2299 cujusque.
1770 2242 1786 2277 u
1815 2219 1879 2278 ltern
1969 2235 1970 2250 ¹

294 2309 345 2386 gie
363 2308 418 2368 Dei
435 2309 637 2369 constitutum
658 2310 711 2384 ait,
730 2328 766 2369 ac
783 2328 857 2370 mor
876 2311 919 2371 ita
941 2310 1068 2371 scribit:
1119 2309 1216 2371 alibi:
1243 2331 1259 2367 a
1278 2312 1377 2372 Omne
1396 2311 1481 2390 quod
1498 2316 1554 2387 est,
1576 2330 1688 2392 corpus
1707 2317 1753 2372 est
1775 2310 1820 2372 sni
1835 2328 1879 2388 ge

299 2421 314 2456 u
326 2398 626 2479 lnquaeffigiellei?
637 2400 791 2480 Utiquein
803 2400 874 2475 alia,
888 2420 952 2462 non
963 2394 1070 2463 tainen
1119 2403 1218 2478 neris3
1239 2402 1319 2463 nihil
1344 2408 1390 2464 est
1412 2403 1616 2483 incorporale,
1637 2404 1697 2464 nisi
1723 2405 1807 2483 qnod
1826 2421 1879 2463 non
1969 2447 1970 2450 η

331 2629 352 2668 o
371 2611 450 2682 Apud
461 2612 636 2668 Turonorum.
649 2621 747 2684 quaest.
761 2613 806 2669 20.
819 2614 850 2669 in
859 2613 955 2671 Enod.
965 2614 1072 2667 ill’ll'll·
1121 2615 1163 2669 τὸν
1179 2615 1246 2668 θεόν.
1952 2670 1957 2675 ,

297 2695 390 2749 ΝΟΥΣ.
407 2696 608 2767 Πρσδιαληπτέσν
623 2698 742 2769 πρότερον
758 2697 961 2751 rotundaretur
976 2696 1073 2752 τὸκατ’
1157 2699 1291 2754 bGneca
1311 2698 1387 2768 Orig.
1408 2715 1424 2753 u
1443 2698 1520 2754 Sixto
1542 2697 1635 2754 relata.
1662 2697 1712 2751 Ὧν
1734 2697 1800 2753 ἔστιν
1822 2698 1880 2751 izai

296 2777 389 2844 εἰκόνα,
406 2775 430 2831 ἓν
446 2779 554 2851 σώματι,
569 2778 584 2845 ἢ
600 2775 624 2830 b
639 2779 714 2852 ψυχῇ·
732 2778 825 2851 ἴδωμεν
848 2778 875 2833 δὲ
889 2782 1008 2853 πρότερον
1032 2773 1071 2842 οἷς
1120 2780 1235 2835 tinum
1261 2781 1442 2853 συγγράμματα
1462 2782 1645 2848 καταλέλοιπε,
1674 2781 1730 2854 περὶ
1751 2786 1796 2836 roi
1815 2779 1881 2835 iecti-

294 2867 404 2932 χρῶνται
419 2861 444 2914 οἱ
458 2861 487 2915 τὸ
501 2866 599 2932 πρῶτον
614 2861 747 2933 λέγοντες,
762 2857 798 2915 ὧν
814 2859 864 2916 lori
878 2863 920 2915 nai
934 2863 1070 2929 Μελὶτων,
1121 2883 1199 2936 percu
1215 2858 1278 2917 εἶναι
1293 2864 1336 2919 ’ὡκ
1351 2864 1417 2918 θεὸν.

294 2944 474 3016 συγγράμματα
493 2944 678 3006 καταλελοιπὼς
700 2945 756 3015 περὶ
777 2948 822 2999 τοῦ
841 2942 984 3017 ἰνσώματσν
1007 2941 1070 2999 εἶναι

328 3114 336 3130 ·
353 3112 398 3173 Qui
410 3113 539 3165 ltelitonem
561 3114 646 3165 erroris
667 3117 784 3177 accunnt,
800 3113 863 3167 hisce
886 3114 983 3166 maxime
1004 3128 1077 3181 argu-
1126 3115 1183 3178 sins,
1196 3116 1235 3181 qni
1248 3115 1309 3169 hunc
1322 3115 1507 3169 commentarium
1518 3116 1605 3168 udetur
1617 3115 1766 3169 mirabundus
1775 3118 1881 3178 eretriae,

295 3189 377 3241 ruentis
389 3188 530 3239 innituntur:
545 3189 564 3239 l.
580 3188 640 3254 quod
659 3188 770 3241 Eusebius
783 3188 823 3255 (ll.
844 3188 872 3239 ll.
896 3189 937 3241 lib.
964 3190 1003 3242 tv.
1023 3204 1075 3256 cap·
1125 3191 1217 3256 legisse,
1232 3191 1368 3258 suspexisse,
1386 3193 1439 3243 ait:
1464 3191 1552 3245 «Certe
1563 3191 1652 3244 ditium
1674 3197 1697 3244 et
1718 3192 1883 3259 Qentisinrs

296 3260 380 3329 xxvi.)
406 3263 506 3327 ejusdem
534 3267 644 3315 memoret
668 3263 751 3315 librum
783 3264 827 3316 hoc
852 3263 918 3317 titulo
948 3265 1075 3337 insignem,
1126 3267 1185 3317 inter
1198 3267 1304 3320 doctores
1317 3266 1394 3319 llelito
1406 3266 1504 3332 graviter
1520 3266 1668 3318 invehiurrin
1685 3267 1737 3319 illos
1750 3267 1883 3335 interpretes,

295 3338 350 3409 περὶ
365 3335 505 3408 ἔνσωμάτου
518 3338 572 3389 θεοῦ
589 3359 594 3392 :
610 3342 640 3393 ll.
659 3343 720 3408 quod
739 3343 849 3408 Origenes
863 3358 933 3408 penes
948 3344 1078 3396 Theodori·
1126 3341 1165 3406 qui
1179 3343 1301 3407 perlectam
1314 3342 1337 3393 in
1351 3341 1440 3394 Christo
1451 3341 1600 3404 divinitatem,
1614 3342 1771 3408 integramque
1787 3344 1884 3395 bomani·
1957 3402 1963 3411 Ι

295 3423 344 3469 tum
364 3415 452 3483 (quast.
473 3416 524 3467 llll.
544 3416 568 3467 in
583 3415 670 3469 Gener.
699 3415 742 3484 t.)
761 3418 895 3470 mumadam
915 3419 1015 3471 liebtoni
1032 3420 1073 3471 tri·
1125 3420 1251 3469 abnam
1264 3417 1396 3483 pradicant.
1418 3417 1504 3469 trun
1518 3417 1608 3468 titdnm
1621 3417 1674 3468 lihri
1687 3418 1794 3484 explicat,
1807 3419 1885 3470 dele·

295 3490 350 3542 bunt
361 3490 390 3542 de
403 3490 450 3543 lieo
463 3504 586 3557 corporeo:
602 3497 626 3542 et
638 3492 677 3543 lll.
688 3491 749 3557 qnod
759 3492 889 3545 Gennadius
898 3492 942 3561 (lte
957 3495 1075 3558 mamm.
1125 3497 1276 3558 nmatione,
1295 3491 1351 3565 napi
1371 3493 1526 3564 σαρκώσσως.
1551 3496 1610 3556 Ouid
1625 3496 1707 3562 plorat
1729 3497 1769 3548 lis
1783 3498 1827 3551 bec
1846 3510 1885 3549 nnn

295 3566 432 3617 ecclesiast.
448 3580 500 3631 cap.
516 3564 565 3631 tv.)
577 3566 659 3618 disens
674 3567 809 3633 scripserit:
830 3566 915 3618 «Nihil
931 3571 953 3620 ln
967 3569 1077 3625 'trinitate
1125 3571 1194 3623 verbo
1207 3571 1328 3624 dirimitur.
1342 3572 1436 3624 Amedit
1452 3571 1518 3635 illud,
1531 3572 1593 3637 quod
1611 3571 1636 3622 in
1655 3571 1738 3626 Cincii
1756 3573 1883 3640 libroquen
1966 3573 1967 3576 ’

297 3640 417 3691 credamus
430 3645 607 3706 corporenm‚ut
622 3641 670 3692 rull
683 3641 759 3693 llelito
787 3646 810 3692 et
822 3642 988 3695 Tertullianus.
1013 3663 1024 3690 i
1048 3647 1079 3697 llt
1126 3639 1302 3703 masinissam
1318 3638 1406 3702 damus,
1423 3638 1580 3704 singulaque
1597 3636 1886 3707 allegoriceinScripnris

300 3728 354 3766 vero
361 3715 400 3779 qni
409 3713 469 3765 illius
478 3715 606 3781 suscipiunt
618 3716 736 3778 vindicias,
753 3715 821 3767 iidem
835 3717 853 3767 l.
869 3716 963 3769 eurotas
975 3717 1077 3770 lictitoni
1125 3717 1230 3769 dicnnur
1243 3717 1283 3770 ltel
1297 3725 1336 3769 aut
1347 3717 1430 3771 Christi
1444 3717 1553 3779 membra,
1568 3732 1614 3770 non
1628 3731 1704 3769 crasse
1721 3719 1760 3771 sed
1775 3719 1885 3785 μυστικῶς

299 3788 385 3841 delatas
397 3790 476 3841 butes
490 3789 587 3855 (videsis
613 3790 717 3843 Galland.
740 3791 764 3842 in
781 3791 870 3857 proleg.
889 3792 918 3844 ad
946 3793 975 3844 Τ.
992 3794 1001 3844 l
1021 3808 1073 3860 cap.
1124 3792 1152 3843 ab
1177 3792 1217 3844 illo
1232 3798 1361 3846 constanter
1387 3798 1537 3860 exponantur.
1565 3792 1683 3846 wamma
1709 3794 1785 3860 utinm
1814 3798 1885 3856 vdes,

296 3876 371 3916 xxiv.
388 3863 397 3931 )
415 3872 556 3930 congerunt:
583 3866 669 3918 addunt
682 3866 763 3918 dende
775 3867 804 3917 ll.
819 3880 935 3932 nunquam
946 3868 1075 3936 anthropo-
1124 3869 1220 3921 oriunda
1232 3870 1261 3922 ab
1277 3869 1375 3936 Origene
1384 3874 1408 3921 et
1420 3868 1585 3931 Alexandrinis,
1593 3867 1679 3920 atinde
1693 3869 1723 3920 cd
1736 3870 1885 3935 numium,

295 3939 414 4006 norplitis
427 3940 451 3991 in
464 3946 560 3992 menum
580 3941 680 4004 venisse,
695 3941 824 3993 llelitomm
844 3947 951 4008 mquam
965 3944 1000 3995 sui
1014 3943 1075 4008 dog-
1123 3945 1152 3995 ad
1165 3944 1316 4009 monadum,
1327 3945 1358 3997 ad
1368 3943 1625 4006 'theodoretumdelatu
1635 3943 1715 3995 unio
1727 3944 1886 4012 ttduteman

295 4015 363 4067 matis
376 4015 521 4082 prodromum
535 4015 652 4068 celebrare
667 4035 673 4067 :
689 4021 736 4068 tum
750 4021 848 4083 pergunt
860 4017 899 4068 lll.
920 4017 1010 4069 binium
1022 4018 1074 4071 libri
1123 4018 1146 4069 in
1167 4019 1290 4073 Occidente
1307 4019 1470 4088 percrebuerit.
1485 4020 1507 4071 ls
1520 4032 1563 4084 ego
1580 4032 1626 4071 non
1645 4032 1685 4071 ero
1704 4020 1744 4085 qui
1759 4020 1812 4072 dau
1823 4033 1887 4073 oeca-

296 4090 351 4161 περὶ
359 4087 501 4161 tranuito-o
508 4091 571 4159 θεοῦ,
597 4096 705 4161 preclare
718 4109 771 4146 cnm
784 4095 867 4148 Rufino
895 4096 951 4148 verli
976 4097 1006 4147 de
1023 4097 1074 4149 Deo
1122 4094 1195 4154 sione,
1218 4109 1264 4147 non
1283 4095 1307 4146 in
1330 4108 1422 4146 causam
1442 4093 1604 4146 Alexandrinos
1621 4093 1732 4145 adducam
1749 4094 1778 4147 ob
1795 4096 1887 4146 inarum

296 4168 443 4220 insomnio:
471 4183 538 4236 quam
563 4170 690 4221 versionem
711 4170 749 4221 lt.
778 4171 911 4222 nucmntate
939 4172 1073 4222 confirmant
1121 4170 1324 4236 illisnescioquam
1337 4167 1889 4236 inridialabem,qnaiacillimeslveinltomaros

296 4243 409 4295 dmstasii
432 4243 534 4306 ainau,
549 4244 588 4309 qui
598 4244 699 4311 (Hodep.
719 4259 771 4311 cap.
786 4244 856 4312 ¹111.)
870 4245 1071 4298 «almissimam
1121 4246 1169 4297 sive
1179 4246 1389 4299 indsianoaPatres
1398 4251 1538 4297 sumserunt.
1552 4245 1577 4296 ld
1592 4244 1684 4295 minime
1697 4245 1887 4311 preteriitlliee·

296 4321 386 4373 tibrlurn
408 4322 532 4375 reldidisse
562 4323 649 4375 ridetur
675 4320 730 4391 περὶ
760 4321 907 4392 sepelimur
931 4321 1036 4391 Χριστοῦ
1062 4340 1070 4378 :
1121 4320 1352 4387 nynunqnmntn
1361 4319 1515 4372 arrodentium
1535 4318 1640 4371 subdllor
1648 4320 1888 4385 cacuminantem

297 4412 311 4448 e
331 4397 413 4463 quibus
426 4398 453 4448 ll.
474 4397 574 4449 laimunt
588 4398 710 4463 origenem
724 4398 816 4465 ancipiti
834 4399 888 4451 libri
899 4399 965 4453 titulo
984 4401 1070 4468 decep·
1120 4397 1175 4451 tori
1185 4396 1242 4449 Cum
1252 4396 1276 4447 in
1290 4395 1414 4461 Hippolyti,
1427 4394 1504 4446 Asiani
1515 4394 1593 4459 utique
1604 4399 1629 4446 et
1644 4393 1751 4453 Romani,
1761 4394 1888 4447 nudem

296 4476 345 4523 tum
366 4476 526 4538 praeposteram
547 4473 648 4525 llelitoui
662 4472 766 4526 tribuisse
787 4474 919 4527 mountain
935 4492 941 4525 :
958 4474 987 4526 de
1007 4475 1069 4528 Geo-
1119 4471 1286 4523 emulationem
1300 4482 1432 4536 peuuasnm
1441 4467 1512 4521 tuine
1526 4468 1669 4534 aitOrigeni,
1682 4477 1709 4522 ut
1721 4468 1889 4523 commentarios

297 4546 365 4598 nadio
385 4548 475 4599 tandem
493 4547 531 4599 Vl.
552 4562 597 4600 non
615 4548 736 4600 admodum
753 4554 806 4600 snut
822 4548 923 4611 solliciti,
939 4563 990 4601 cum
1009 4550 1071 4603 illins
1119 4546 1292 4612 inscriptorum
1305 4543 1468 4597 conscriberet.
1485 4544 1590 4596 »Verum
1604 4545 1622 4594 l.
1634 4546 1684 4611 ipse
1698 4545 1889 4612 qumoeltanzias

298 4620 366 4673 tidem
375 4635 420 4673 non
434 4636 486 4674 raro
495 4622 617 4675 subtectam
629 4624 785 4688 moverint.
797 4625 911 4677 llactenus
923 4624 986 4677 hisee
1000 4640 1070 4691 prope
1119 4620 1165 4688 (oe
1176 4622 1265 4673 limet.
1282 4634 1334 4686 pag.
1350 4620 1393 4670 98.
1409 4616 1469 4684 seq.)
1484 4622 1603 4670 cemuerat
1626 4621 1732 4672 eumdem
1752 4634 1794 4673 non
1807 4620 1888 4671 imme

297 4697 446 4761 argumentis,
461 4698 649 4763 quemadmodum
660 4699 736 4750 vidue
747 4699 801 4752 licet
815 4712 887 4765 penes
900 4698 1013 4752 valesium
1022 4699 1071 4767 (Ac
1119 4700 1163 4751 rito
1185 4699 1263 4751 baberi
1286 4698 1369 4749 librum
1389 4696 1428 4763 qui
1452 4710 1522 4763 peaes
1542 4695 1665 4750 Eusebium
1688 4698 1818 4752 inscribitis
1835 4692 1888 4765 rapi

297 4768 401 4824 amitt
415 4770 456 4823 lib.
477 4772 515 4823 lv.
537 4787 589 4839 cap.
609 4771 692 4839 xxvi),
712 4773 848 4826 Cobledun
868 4773 917 4842 (Ac
933 4775 999 4826 tom.
1015 4776 1068 4827 cle-
1120 4773 1261 4847 ἐνσωμάτσυ
1275 4774 1340 4843 icet,
1355 4778 1440 4843 quique
1453 4790 1523 4841 pram
1539 4779 1683 4830 immilem
1699 4780 1787 4845 pretet
1801 4776 1888 4828 titulun

296 4850 373 4899 nient
388 4845 413 4898 Χ
417 4846 465 4901 Vll.
479 4846 492 4914 Q
509 4847 577 4915 vul,
592 4847 719 4900 Fabricium
740 4847 865 4916 (Bittiotb.
884 4849 962 4902 Grec.
981 4850 1023 4901 lib.
1040 4850 1067 4902 ll.
1117 4855 1173 4927 περὶ
1187 4856 1333 4927 repedetur
1347 4853 1460 4925 Χριστοῦ.
1474 4858 1504 4907 nt
1516 4857 1650 4921 contenere
1659 4858 1776 4925 displicuit
1785 4854 1889 4922 sedne

298 4937 349 4990 cap.
365 4934 384 4974 1.
400 4920 422 4990 fi.
437 4920 704 4988 intrintilianum
719 4923 762 4989 (ld
776 4923 905 4990 Hieronymi
920 4924 960 4976 lib.
976 4926 1006 4976 de
1025 4925 1069 4979 Vi·
1118 4933 1241 4986 finnionem
1257 4933 1304 5001 (Aa
1317 4933 1417 4984 Erectis·
1429 4932 1460 4985 ll.
1476 4932 1518 4994 E„
1532 4931 1575 4983 lib.
1592 4932 1630 4984 lt.
1645 4947 1698 5000 cap.
1714 4930 1807 4999 uu),
1820 4943 1890 4996 eamr

296 4999 334 5050 ris
351 4999 428 5051 itinn.
448 5012 499 5065 cap.
514 4996 610 5064 xm),
627 5002 678 5050 ecta
690 4999 734 5050 init
745 4999 860 5052 llelilonis
874 5014 965 5053 musa:
984 5000 1069 5052 sedil—
1118 5023 1146 5061 οι
1159 5023 1209 5061 sese
1227 5009 1279 5061 ulis
1299 5013 1344 5071 est,
1358 5022 1408 5074 qun
1421 5007 1495 5075 optari
1509 5006 1600 5059 lacibus
1617 5021 1686 5073 quam
1699 5006 1784 5059 suadet
1803 5019 1890 5072 oppor-

297 5073 342 5125 llus
354 5074 378 5125 in
390 5087 416 5126 se
428 5074 521 5126 tutelam
530 5074 590 5126 haud
604 5074 672 5140 paulo
684 5075 886 5127 animosiusloan.
895 5075 995 5142 Baptista
1006 5075 1069 5128 Pina
1117 5097 1172 5144 tune
1184 5089 1260 5151 queat.
1275 5085 1349 5136 Porro
1368 5084 1398 5134 tl.
1413 5083 1475 5148 qnod
1493 5083 1522 5134 rle
1542 5081 1688 5135 llelitoniana
1705 5082 1762 5135 clavi
1774 5080 1889 5137 subditur.

298 5149 517 5216 receptffiptcitep.
529 5150 628 5202 solum.
640 5154 657 5200 t.
668 5149 697 5201 ll.
710 5151 798 5218 proleg.
809 5150 927 5218 pagii.)
937 5151 1065 5218 muniens:
1117 5173 1186 5225 grave
1213 5159 1296 5227 oppido
1316 5160 1384 5221 foret,
1407 5158 1427 5209 si
1450 5163 1591 5227 compertum
1618 5156 1684 5210 nobis
1709 5156 1890 5223 explentrmme

301 5240 313 5269 ι
329 5223 397 5275 tuos
409 5225 522 5277 mumma
538 5226 563 5277 in
575 5230 679 5279 nactum
692 5227 809 5286 doctonm
822 5226 874 5278 inde
887 5232 993 5289 enecet,
1008 5241 1035 5278 ac
1048 5226 1067 5278 si
1117 5240 1186 5298 mi,
1200 5234 1262 5287 inam
1275 5233 1305 5287 cd
1314 5248 1356 5287 nnc
1367 5246 1438 5298 usquo
1451 5233 1475 5284 in
1489 5231 1574 5285 teins
1587 5230 1730 5286 mutuatim
1743 5245 1816 5296 smne
1829 5229 1889 5281 nni

298 5298 377 5351 mem
389 5313 443 5352 ωε
459 5306 614 5369 eureus
627 5303 804 5355 sumimur.
824 5301 875 5354 Alia
887 5301 956 5367 lonae
970 5304 1069 5354 leuu-
1116 5310 1419 5377 insectandisque
1432 5307 1747 5374 transcensionem
1760 5303 1889 5358 amne.

328 5469 337 5514 l
352 5470 405 5528 Cap.
417 5483 480 5517 rur.
