4008 6170
373 428 430 490 l36
880 410 1208 476 'lllEOLOGlGORUM
1230 410 1459 473 DOGlllATL'll.

372 584 526 640 carentem
548 573 752 654 intelligentia
774 588 806 631 se
831 567 1000 650 percepisse
1021 563 1145 644 profite·
1241 564 1292 625 lX.
1316 564 1404 637 Quod
1416 565 1511 644 igitur
1531 568 1771 647 unumquodque
1785 567 1932 629 amibuun

372 677 424 732 tur
437 672 493 732 ⁰.»
520 669 599 743 erid
620 667 734 728 clarius
758 665 798 724 ad
826 661 926 736 illam,
954 676 1050 739 quam
1069 656 1143 732 dixi,
1198 675 1261 717 non
1275 676 1340 719 esse
1359 658 1490 720 altemm
1508 661 1672 740 Gregorius
1690 662 1800 738 docuit,
1814 669 1846 722 nt
1863 681 1932 742 snpra

371 764 565 827 evertendam
573 760 747 842 opinionem
754 750 1145 838 pronuntiaripotuitillf·
1198 753 1337 829 memini,
1360 753 1392 814 id
1406 755 1445 815 de
1468 757 1640 835 cognitione
1661 756 1795 833 illorum,
1812 756 1932 817 relatri-

374 856 519 918 firmabat
540 855 708 916 Eunomius
727 850 949 933 proprietatum
970 846 1145 907 divinarum
1198 845 1280 907 batis
1294 846 1369 923 istis,
1393 866 1456 927 qua
1469 849 1644 910 notionibus
1657 849 1791 928 subjecta
1803 857 1875 926 srmt,
1887 869 1933 910 non

374 951 513 1011 notiones
532 950 574 1009 sic
598 947 768 1028 implicatas
783 943 913 1004 invicem
931 938 1145 1016 involutasque
1199 938 1237 999 de
1257 938 1376 1014 iisdem,
1393 947 1428 1001 nt
1450 960 1558 1004 revera
1577 943 1711 1004 existunt
1723 950 1754 1004 et
1773 962 1809 1004 er
1821 961 1886 1018 sese,
1904 944 1933 1004 lo

373 1063 449 1120 esse,
466 1050 578 1105 utcum
587 1060 682 1104 unam
691 1038 903 1118 intelligimus,
916 1032 1087 1095 necessario
1096 1032 1145 1090 in·
1199 1032 1313 1111 quitur,
1330 1041 1359 1095 et
1373 1053 1437 1095 non
1450 1036 1566 1097 involvi
1580 1055 1678 1098 unum
1692 1038 1725 1097 in
1739 1037 1797 1098 alio
1806 1037 1933 1117 perspicua

372 1137 547 1217 telligamus
560 1143 590 1197 et
601 1136 740 1197 alteram.
1198 1126 1344 1188 declarat.
1369 1130 1448 1189 Nam
1469 1136 1499 1191 et
1521 1130 1651 1193 subinde
1667 1132 1875 1212 proprietatum
1892 1130 1933 1190 ali·

411 1233 475 1292 Hoc
492 1230 656 1310 Gregorius
675 1230 831 1308 Nyssenus
855 1224 1035 1298 absurdum,
1048 1222 1144 1282 immo
1199 1226 1274 1300 quot
1287 1221 1420 1282 rationes
1434 1242 1469 1283 ac
1480 1224 1667 1285 differentias
1681 1225 1933 1305 sigrrilicatioaiser·

368 1325 521 1385 nefarium
542 1324 661 1401 judicat
688 1342 724 1382 ac
744 1319 920 1401 plerissima
942 1316 1144 1396 disputatione
1198 1314 1326 1393 plicans,
1355 1316 1501 1377 admonet
1522 1336 1720 1398 nequaqnam
1748 1337 1785 1379 er
1809 1317 1858 1378 illa
1875 1317 1933 1377 diri-

370 1418 515 1493 renutat,
540 1423 650 1497 negat,
674 1416 813 1494 inquam,
840 1413 899 1473 hoe
934 1410 1018 1490 quod
1041 1411 1145 1470 Euno-
1198 1407 1282 1467 sione
1306 1407 1523 1471 attributorum
1542 1411 1715 1490 subjectum
1734 1411 1934 1486 dirimentis

374 1512 455 1571 mins
480 1511 609 1591 putabat
631 1527 740 1571 verum
759 1525 836 1583 esse,
849 1505 881 1566 in
903 1505 995 1565 nnius
1008 1503 1144 1565 conside
1197 1508 1299 1579 partes
1314 1502 1421 1577 secari,
1440 1504 1494 1563 sed
1507 1522 1604 1564 unum
1619 1524 1654 1565 ac
1672 1504 1800 1584 simplex
1814 1504 1843 1563 in
1859 1502 1933 1582 seipso

369 1605 485 1664 ratione
507 1623 543 1665 ac
565 1605 688 1664 notione
709 1599 901 1683 proprietatis
931 1598 1078 1658 contineri
1093 1598 1141 1657 in·
1196 1611 1333 1655 manere.
1352 1595 1517 1656 Haecenim
1538 1596 1666 1657 nomina
1681 1598 1769 1657 varia
1787 1595 1933 1676 imposrnsa

369 1699 512 1778 volvique
521 1699 676 1759 nationem
694 1696 830 1757 alterius.
847 1693 935 1767 Quod
947 1698 977 1753 et
991 1691 1065 1751 alibi
1080 1710 1142 1753 non
1196 1705 1253 1748 nos
1266 1688 1337 1748 ait«
1357 1707 1420 1749 non
1435 1688 1489 1763 ita,
1505 1696 1540 1750 ut
1550 1709 1621 1751 cum
1630 1691 1803 1752 notionibus
1814 1690 1870 1750 istis
1879 1689 1933 1749 sub

367 1794 469 1853 minus
480 1794 590 1854 diserte
603 1791 739 1867 asserit¹,
755 1789 913 1869 «genitum
931 1786 1142 1865 etingenitum
1192 1780 1309 1858 jectum
1328 1782 1535 1844 discindamus
1556 1786 1680 1864 pariter,
1702 1785 1756 1845 sed
1778 1786 1817 1845 ita
1832 1783 1933 1843 utillud

367 1887 470 1947 dicens
492 1904 638 1965 magnam
667 1884 798 1946 invicem
826 1879 1054 1961 significationis
1083 1877 1142 1937 ha·
1197 1875 1416 1955 quodcumque
1432 1878 1557 1937 tandem
1571 1884 1627 1953 est,
1646 1896 1744 1938 unum
1763 1876 1933 1938 casceca

366 1979 440 2041 bere
451 1980 665 2053 differentiam,
689 1977 806 2057 aliquid
820 1977 903 2037 enim
917 1975 950 2034 in
967 1973 1063 2034 altero
1088 1990 1142 2031 eo-
1194 1974 1251 2044 tce,
1272 1969 1309 2029 iis
1326 1969 1471 2030 omnibus
1491 1971 1606 2031 notitiis
1623 1971 1707 2050 quod
1723 1972 1887 2050 intelligitur
1900 1970 1933 2028 al·

368 2091 439 2132 rum
465 2073 625 2133 nominum
648 2070 789 2149 intelligi,
818 2069 901 2148 quod
917 2085 980 2127 non
1013 2066 1092 2126 inest
1108 2065 1141 2123 in
1194 2061 1257 2122 fine
1272 2070 1503 2143 essepntemas.
1517 2066 1679 2126 Nouenim
1688 2064 1932 2145 pugnantinricen

366 2159 498 2226 alter0.⁰
515 2187 531 2223 a
561 2168 649 2241 ltem,
671 2163 749 2224 nihil
765 2214 769 2222 .
783 2180 847 2223 esse
873 2161 1012 2236 santius,
1046 2177 1141 2239 quam
1194 2156 1330 2233 nomina,
1348 2163 1383 2218 ut
1401 2163 1447 2218 est
1464 2159 1675 2238 oppositorum
1694 2165 1815 2234 natura,
1835 2158 1933 2218 adeant

368 2259 452 2337 qnod
464 2258 632 2320 Eunomius
650 2274 839 2335 consequens
851 2274 890 2315 cx
916 2254 1059 2334 opinione
1084 2271 1142 2313 sua
1195 2250 1221 2310 si
1235 2269 1333 2311 unum
1351 2252 1470 2327 existat,
1487 2271 1558 2313 cum
1577 2270 1614 2313 eo
1632 2252 1816 2313 considerari
1832 2251 1934 2311 alteram

365 2351 448 2427 facit,
465 2351 585 2412 nullam
603 2350 789 2431 peculiarem
801 2348 1015 2409 etdistinctam
1036 2346 1076 2407 ab
1094 2346 1142 2407 al-
1194 2351 1337 2424 nequeat,
1349 2346 1612 2425 quemadmodum
1624 2347 1687 2407 rita
1708 2353 1738 2407 et
1758 2365 1836 2406 mors
1848 2346 1876 2404 in
1888 2361 1934 2402 nno

365 2452 431 2505 tera
445 2445 601 2505 notionem
622 2444 787 2522 unicuique
810 2441 961 2503 vocabulo
980 2441 1064 2520 quod
1079 2442 1140 2500 Deo
1194 2438 1324 2518 intelligi
1346 2458 1410 2499 non
1427 2446 1564 2519 possunt.
1589 2441 1648 2502 Sed
1669 2440 1819 2517 ejusmodi
1834 2445 1872 2499 est
1892 2437 1934 2497 sia

366 2538 516 2614 convenit,
537 2537 706 2616 subjectam
723 2536 857 2611 credere,
873 2535 927 2594 sed
938 2534 1043 2594 onmia
1066 2552 1139 2594 con·
1194 2533 1340 2611 gulorum
1353 2553 1423 2613 qnae
1439 2534 1858 2606 dedivinanatrnadicuntur,
1874 2533 1934 2591 risct

364 2632 503 2707 fundere,
520 2632 596 2692 adeo
611 2637 645 2691 ut
658 2629 779 2690 nullum
798 2629 836 2689 sit
844 2628 1008 2688 dbcnmen
1021 2626 1140 2706 signifi·
1194 2628 1290 2703 notio,
1322 2634 1355 2688 ut
1374 2629 1431 2688 etsi
1451 2628 1620 2707 significato
1640 2634 1815 2707 separatum
1830 2626 1872 2701 sit,
1886 2622 1935 2683 uul-

365 2725 580 2804 rationisque
602 2729 786 2784 asemutuo
807 2722 933 2783 nomina
956 2721 1139 2799 discrepent.
1203 2738 1255 2780 am
1278 2726 1382 2782 tamen
1411 2720 1526 2781 habeat
1548 2721 1795 2781 contrarietatem
1818 2719 1934 2779 advenas

367 2840 381 2873 ν
403 2818 483 2877 Nam
495 2817 563 2895 quis
584 2817 628 2877 ita
648 2816 787 2896 stupidus
810 2821 865 2891 est,
888 2815 941 2890 ait,
958 2820 993 2874 ut
1014 2813 1133 2893 ignoret
1194 2814 1271 2875 illud
1292 2815 1376 2895 quod
1400 2814 1493 2875 simul
1515 2831 1586 2874 rum
1612 2833 1648 2874 eo
1672 2815 1851 2874 nominatrn.
1876 2807 1933 2882 Qud

363 2911 499 2971 ‹livinam
536 2910 662 2989 quidem
703 2915 857 2984 naturam,
887 2907 1038 2987 quidquid
1068 2912 1138 2967 tan-
1194 2909 1277 2969 enim
1290 2909 1470 2987 incorproreo
1481 2908 1598 2985 justum
1617 2907 1804 2979 adversatur,
1823 2900 1934 2984 quanti
1977 2958 1978 2965 ,

363 3004 435 3064 dem
471 3005 640 3065 secundum
664 3002 826 3064 essentiam
856 3009 911 3078 est,
950 3019 1014 3062 esse
1041 3019 1137 3062 unam
1197 3003 1322 3064 notione
1342 3018 1406 3060 non
1431 2999 1614 3060 conveniant
1640 3000 1774 3061 invicem
1794 3000 1845 3058 ista
1865 3012 1934 3055 roca·
1977 2998 1978 3001 ’

361 3106 392 3159 et
405 3098 590 3160 uniformem
609 3106 701 3179 atque
722 3096 947 3178 compositionis
968 3100 1135 3174 expertem,
1191 3098 1266 3158 bula
1279 3093 1351 3158 ὅθ»

363 3211 420 3253 nec
445 3192 532 3253 nullo
558 3194 651 3253 modo
678 3192 711 3252 in
739 3209 819 3251 vana
845 3189 982 3268 quadam
1008 3206 1135 3268 compo·
1234 3191 1329 3271 lgitur
1348 3191 1492 3253 attributa
1522 3194 1626 3255 divina
1660 3193 1792 3252 invicem
1826 3186 1935 3266 sperata

361 3287 469 3347 sitione
506 3286 646 3366 spectari,
673 3285 844 3345 humanam
882 3300 955 3343 vero
1000 3282 1137 3342 animam
1191 3284 1404 3366 intelligrmtnr
1427 3287 1561 3365 anobis,
1573 3304 1675 3367 neque
1689 3283 1857 3346 notionibus
1879 3277 1935 3338 mis·

363 3381 452 3440 humi
470 3379 625 3457 jacentem
641 3384 672 3437 et
693 3377 725 3436 in
750 3383 870 3437 terreno
892 3375 1045 3436 delomam
1071 3393 1137 3434 cor·
1192 3385 1309 3455 centur,
1333 3379 1455 3440 tametsi
1477 3399 1575 3441 unum
1602 3380 1690 3440 alteri
1712 3396 1775 3440 non
1803 3374 1933 3455 repugnet.
1962 3376 1977 3417 a

362 3492 448 3554 pore,
465 3473 613 3553 quoniam
648 3489 711 3531 non
744 3476 843 3551 potest
864 3471 947 3549 quod
978 3470 1134 3550 quaribrr,
1194 3473 1281 3547 Quod
1301 3473 1378 3533 adeo
1404 3473 1516 3533 Graecis
1533 3474 1597 3534 istis
1622 3471 1776 3546 Patribus,
1798 3465 1895 3529 Basilio
1912 3440 1977 3523 dai

367 3567 487 3646 liquido
510 3565 693 3646 perspicere,
718 3582 773 3646 per
795 3564 909 3623 multas
931 3564 1069 3624 notiones
1096 3564 1136 3623 ad
1193 3566 1355 3647 Gregorio,
1371 3583 1552 3645 persuasum
1570 3567 1638 3642 fuit,
1658 3571 1693 3625 ut
1712 3583 1751 3624 ex
1768 3576 1867 3624 eorum
1883 3571 1935 3616 stlt-
1957 3545 1977 3630 ,i

363 3658 611 3740 inexplicabilem
625 3663 769 3718 naturam
781 3656 899 3717 diverse
912 3675 947 3717 ac
958 3656 1135 3735 multiplici·
1191 3662 1287 3722 tentia
1305 3661 1528 3721 consectarium
1550 3659 1628 3719 illud
1650 3656 1818 3718 Errnomins
1837 3650 1935 3711 inferret

367 3761 414 3816 ter
438 3753 630 3829 contendere,
655 3770 718 3813 non
738 3770 802 3812 una
826 3750 932 3830 aliqua
954 3750 1135 3827 cogitatione
1193 3754 1277 3835 quod
1290 3753 1494 3833 supraposui.
1513 3753 1545 3813 Si
1561 3746 1839 3831 ingenitum,verbi
1855 3757 1934 3812 mua,

367 3847 450 3927 qnod
461 3846 536 3907 latet
543 3845 741 3925 indagantem
755 3845 793 3906 ⁰?
808 3868 822 3901 ν
1191 3851 1344 3910 diversam
1366 3846 1522 3907 uodonem
1541 3845 1635 3906 habet
1652 3844 1693 3904 ab
1706 3838 1874 3912 immortali,
1890 3849 1937 3913 qrrfl

395 4093 513 4147 adara.
532 4087 576 4151 Ὧς
588 4087 634 4162 γθιρ
648 4087 672 4142 έν
695 4093 731 4161 τῷ
744 4088 868 4162 ἆγεννητῳ
884 4089 966 4162 βλέπει
988 4089 1018 4145 τό
1038 4088 1134 4144 ἆτελεθ·
1193 4090 1333 4163 κρυμμίνον
1347 4090 1493 4164 θηρεθουσοις

362 4196 446 4246 τητον·
462 4175 539 4237 οθτως
553 4174 674 4245 ὁμολογεῖ
686 4174 822 4242 νενοηκέναι
835 4175 874 4227 καὶ
889 4174 913 4228 ἐν
932 4180 968 4247 τῷ
981 4174 1135 4246 ἀτελευτήτῳ
1223 4176 1243 4229 d
1256 4176 1342 4231 GREG.
1357 4174 1392 4228 ot
1409 4175 1439 4229 τό
1452 4174 1609 4248 ὑποκείμενον
1622 4176 1676 4236 ταῖς
1689 4173 1790 4237 ἐννοίαις
1802 4172 1886 4231 τούτοις
1896 4184 1937 4220 σθ·

359 4262 389 4315 ab
403 4262 518 4331 ἄναρχον.
1188 4259 1355 4331 διασχίζοντες
1369 4258 1425 4312 ἀλλ’
1444 4260 1469 4326 ό,
1485 4259 1509 4312 τί
1527 4277 1586 4312 ποτε
1599 4261 1653 4312 κατ’
1666 4258 1752 4313 οὗσίεν
1766 4258 1844 4325 ἐστίν,
1858 4253 1880 4304 ἓν
1891 4245 1936 4304 εἶναι

399 4345 415 4399 θ
442 4344 527 4398 Gara.
547 4340 582 4393 'lb
602 4338 628 4393 δὲ
644 4340 758 4412 γεννητὸν
775 4345 811 4411 τῷ
826 4340 950 4413 ἆγεννητῳ
966 4342 1133 4411 πολλῂνκοιτὰ
1187 4344 1372 4405 πεπιστευκότες
1386 4342 1447 4414 πρός
1460 4343 1537 4402 πάσας
1551 4339 1593 4401 τὰς
1607 4338 1720 4400 τοιαύτας
1729 4336 1855 4409 {inoblita
1866 4333 1938 4395 rima·

366 4429 395 4482 τό
409 4427 587 4499 σημαινόμενον
606 4423 650 4492 τὴν
672 4424 788 4497 διαφορὰν
806 4425 868 4497 ἔχει·
900 4431 972 4481 τοῦτο
994 4428 1041 4499 γάρ
1067 4426 1131 4482 ἐστιν
1187 4425 1226 4480 etv
1237 4425 1334 4488 οἰκείως
1348 4425 1412 4498 ἔχειν
1423 4425 1597 4496 θπειλήραμεν·
1618 4424 1646 4477 ori
1664 4424 1713 4496 γὰρ
1724 4424 1826 4496 μάχεται
1843 4418 1893 4490 apis
1906 4413 1938 4465 θλ·

358 4512 436 4584 ἐντῷ
457 4510 532 4583 ίτέρῳ
545 4515 593 4564 τῶν
617 4508 743 4581 όνσγιίτων
766 4513 850 4576 νοῆσαι
868 4508 914 4563 aa
940 4516 976 4582 τῷ
989 4510 1060 4584 ἄλλῳ
1088 4512 1131 4564 oria
1189 4511 1254 4578 ληλα
1270 4510 1300 4564 τὰ
1314 4510 1493 4585 όνόρατοικατθι
1506 4509 1550 4578 τὴν
1565 4515 1613 4562 τῶν
1627 4504 1882 4579 ἂντιθέτωνρθσιν,θς
1895 4496 1938 4551 iifl

357 4596 419 4650 ἔστι.
1188 4594 1341 4668 ἐνυπάρχει,
1358 4595 1390 4668 μὴ
1406 4597 1434 4649 ἂν
1448 4600 1484 4666 τῷ
1498 4594 1565 4667 αὐτῷ
1579 4594 1772 4665 συνθεωρηθῆναι
1782 4593 1810 4646 τό
1823 4582 1938 4660 {aspris

393 4697 406 4736 c
424 4680 470 4736 ld.
487 4680 529 4740 Τίς
549 4678 706 4745 ἀπόπληκτος
719 4678 807 4748 utroq,
829 4678 862 4741 ὡς
875 4678 982 4752 ἀγνοεῖν,
1005 4682 1070 4750 ότιὴ
1087 4680 1130 4754 μέν
1189 4679 1232 4734 oin
1243 4679 1365 4752 ἐνδέχεται
1375 4680 1440 4748 ζωὴν
1459 4680 1519 4751 ἅμα,
1534 4674 1940 4751 alumnumalumnum·

361 4765 414 4819 θεία
426 4764 495 4836 ρθσις
519 4764 543 4833 θ,
558 4763 583 4817 τί
596 4781 656 4816 ποτε
668 4763 722 4817 κατ’
741 4762 824 4816 cteta
838 4762 890 4817 ἐστί
912 4765 957 4836 μία
970 4763 1045 4836 ἐστίν,
1064 4765 1130 4833 ἁπλῆ
1188 4766 1267 4834 θῆναι·
1283 4764 1347 4819 ἀλλὰ
1361 4766 1458 4834 roratas]
1474 4764 1537 4819 ἐστὶν
1553 4765 1653 4819 ἑκάστου
1667 4769 1716 4818 τῶν
1732 4764 1772 4817 ἐπὶ
1785 4768 1826 4830 τῆς
1841 4753 1939 4825 betacei·

358 4869 405 4921 τις,
420 4848 460 4901 καί
480 4845 606 4919 μονοειδὴς
619 4847 659 4900 καί
679 4846 815 4919 ἀσθνθετος,
829 4849 869 4902 καὶ
890 4849 975 4903 οὐδένα
992 4851 1082 4922 τρόπον
1106 4850 1130 4906 ἐν
1187 4871 1248 4914 οεως
1264 4852 1432 4923 λεγομίνωνή
1453 4851 1565 4924 ἔμφασις,
1580 4854 1645 4906 ὥστε
1661 4853 1704 4922 κᾷν
1727 4850 1803 4922 ἶδιάζη
1818 4852 1852 4919 τῷ
1869 4858 1939 4913 σιμ·

357 4934 456 5006 ποικίλη
472 4932 520 4986 τινί
537 4931 642 4984 συνθέσει
663 4932 825 5005 θεωρουμένη·
840 4934 854 5002 ἡ
870 4932 896 4987 δέ
913 4934 1050 5007 ἀνθρωπίνη
1065 4937 1129 5009 φνχὴ
1186 4936 1302 5008 νορένῳ,
1338 4937 1457 5009 μηδεμίαν
1490 4936 1569 5012 ἴσχειν
1613 4937 1674 5007 πρός
1709 4938 1739 4990 τό
1770 4929 1940 5003 maumites

355 5020 434 5092 χαμαί
451 5019 558 5091 κειμένη,
574 5018 613 5070 κοιλ
628 5016 653 5070 ἐν
666 5023 703 5091 τῷ
715 5015 794 5092 γηίνῳ
808 5021 903 5092 σώματι
916 5023 1129 5096 κατορωρυγμένη,
1187 5039 1228 5074 νον
1255 5019 1406 5074 ἐναντίωσιν·
1438 5022 1463 5076 τί
1487 5022 1535 5095 γὰρ
1559 5020 1707 5077 ἐναντιοῦται
1736 5027 1774 5093 τῷ
1792 5008 1940 5090 ἇσωμέτφῖθ

360 5111 397 5177 τῷ
411 5104 443 5176 μὴ
459 5104 571 5157 θθνασθαι
584 5103 711 5176 τηλαυγῶς
723 5106 829 5178 replicis
842 5106 872 5160 τ“σ
885 5108 1044 5180 ζητούμενον,
1067 5108 1130 5162 πολ·
1187 5118 1290 5187 δίκαιον,
1312 5119 1356 5170 κᾶν
1378 5110 1543 5185 ρὴσυμόαίνη
1572 5110 1633 5165 κατὰ
1667 5108 1711 5177 τὴν
1736 5106 1827 5161 ἔννοιαν
1845 5098 1940 5166 mildi

360 5189 415 5250 λαῖς
429 5187 531 5250 ἐννοίαις
545 5193 588 5257 τῆς
602 5188 724 5262 ἀρρίστου
738 5190 830 5262 φόσιως
847 5192 1017 5265 πολυτρόπως,
1031 5194 1071 5246 καὶ
1086 5213 1132 5247 πσ-
1192 5205 1223 5259 1&
1233 5173 1339 5276 ῥηματαῖ

357 5274 470 5345 λυμερῶς
489 5272 638 5345 ἐπορέγεται,
654 5273 683 5327 οθ
705 5276 766 5331 κατὰ
789 5277 846 5348 μίαν
865 5276 919 5331 τινὰ
931 5279 1038 5333 διάνοιαν
1051 5278 1081 5332 τό
1094 5301 1132 5335 κε·

379 5490 492 5544 1tlssreg.
520 5498 588 5534 costr.
603 5490 737 5549 Ευιιοιιιίυυη
750 5494 790 5540 lib,
808 5494 827 5547 1,
843 5508 865 5549 p,
877 5494 927 5542 θθό,
