3952 6170
298 340 358 401 280
801 330 1124 396 THFQLOGIGQRUM
1150 330 1379 393 DOGMATUM.

299 506 409 566 citatus
424 522 442 564 s
460 504 550 565 nobis
574 503 748 564 Herennius
761 508 871 564 torbace
893 507 1015 581 ἀπειρίαν,
1036 497 1067 559 id
1116 496 1201 558 tione
1226 503 1274 558 tot
1299 498 1425 559 testium
1452 499 1631 580 appellatio,
1661 501 1882 584 circumscripta
1970 524 1971 579 f

299 605 490 671 est,stnutem
503 596 680 679 infinitatem
695 595 846 656 nominat.
1117 590 1330 666 multitudine,
1360 598 1459 653 certos
1486 593 1636 655 duntaxat
1663 596 1717 674 qui
1744 595 1822 656 mibi
1846 598 1881 658 ed

339 690 388 750 Sic
401 690 484 769 apud
506 690 708 750 Ammoninm
733 686 929 747 Parmenides
946 686 979 744 in
997 701 1066 743 ver·
1117 701 1246 744 menum
1260 684 1354 745 modo
1367 691 1450 761 sunt,
1471 688 1676 766 producemus
1688 689 1721 749 in
1736 689 1881 750 medinm.

298 782 382 843 sibus
409 804 424 839 ι
437 783 513 843 nihil
535 800 599 843 esse
626 798 721 861 penes
743 780 817 841 deos
842 778 942 838 ciebat
966 794 1068 855 neque
1157 780 1296 850 Quorum
1318 795 1431 856 agmen
1449 779 1772 842 ducetTertullianns.
1796 782 1883 861 Cujus
1937 807 1971 855 τε,

299 875 489 954 preteritum
510 893 609 953 neque
629 872 1069 951 unumquodcumque
1117 868 1156 929 de
1176 870 1346 930 eternitate
1365 871 1460 932 verba
1479 878 1553 932 sunt
1571 873 1629 933 ista
1646 892 1654 933 ι
1674 874 1768 934 «Non
1796 874 1885 935 habet
1909 860 1971 957 2¹2}

299 968 421 1027 sitnon
444 985 510 1043 ens,
533 967 680 1046 quoniam
701 966 834 1026 alterurn
854 983 919 1025 non
939 970 986 1024 est
1005 983 1069 1025 am·
1117 966 1240 1040 tempus
1260 964 1425 1024 aeternitas.
1445 966 1543 1025 Omne
1568 966 1653 1026 euim
1673 971 1799 1045 tempus
1825 966 1885 1046 ipsa

299 1058 390 1138 plius,
406 1060 539 1120 alterum
548 1060 690 1120 nondum
700 1064 756 1133 est,
771 1078 807 1119 ac
816 1058 902 1138 prius
914 1062 1069 1118 mutatum
1118 1058 1174 1115 est.
1191 1054 1279 1127 Quod
1292 1055 1373 1133 iacit,
1395 1059 1460 1136 pati
1473 1076 1538 1118 non
1552 1062 1662 1138 potest.
1685 1058 1775 1119 Caret
1789 1064 1883 1134 tetste,

299 1156 355 1225 est,
371 1153 522 1231 posterius
540 1157 652 1212 natura
671 1151 819 1212 mutabile
840 1154 895 1210 est.
912 1150 1070 1228 Ejusmodi
1118 1147 1202 1226 quod
1216 1167 1279 1208 non
1293 1148 1363 1209 licet
1383 1151 1477 1211 nasei.
1494 1152 1575 1211 Deus
1596 1151 1621 1212 si
1642 1157 1687 1212 est
1706 1156 1810 1225 vetus,
1825 1170 1885 1212 non

299 1248 403 1304 autem
423 1245 460 1303 iis
480 1263 549 1323 quan
569 1263 641 1305 vere
661 1249 784 1304 suntet
804 1243 1007 1303 mutationem
1030 1263 1070 1304 ne
1119 1239 1191 1314 erit3
1213 1239 1239 1300 si
1258 1245 1304 1301 est
1317 1259 1427 1317 novus,
1447 1260 1512 1302 non
1531 1242 1600 1303 fun.
1623 1244 1749 1303 Novitas
1767 1243 1885 1304 initium

300 1337 483 1414 cogitatione
497 1337 623 1416 quidem
643 1342 735 1397 tenus
753 1336 931 1411 admittunt,
953 1336 1069 1415 impos·
1118 1332 1307 1405 testificatur,
1321 1339 1456 1394 vetustas
1468 1335 1565 1396 tinem
1576 1335 1796 1397 comminabar.
1813 1336 1886 1395 Dens

299 1428 386 1490 sibile
400 1434 445 1489 est
458 1428 616 1508 affingere.
632 1430 758 1490 Necesse
776 1433 822 1488 est
835 1430 921 1488 enim
935 1430 1071 1489 αιιῖθείιιε
1119 1430 1224 1486 autern
1237 1431 1301 1486 tam
1315 1426 1434 1488 alienus
1447 1427 1486 1487 ub
1499 1428 1587 1487 initio
1602 1433 1633 1487 et
1645 1427 1707 1489 fine
1721 1433 1780 1501 est,
1797 1446 1886 1507 quam

300 1520 331 1580 id
345 1539 410 1582 esse
424 1523 507 1601 quod
521 1523 649 1581 omnino
662 1519 855 1582 immutabile
870 1525 974 1596 est,eo
988 1522 1071 1600 quod
1119 1536 1139 1578 a
1171 1522 1325 1596 tempore,
1354 1518 1481 1587 arbitro,
1508 1524 1538 1579 et
1565 1524 1714 1580 metatore
1746 1520 1828 1580 initii
1859 1527 1887 1579 et
1971 1524 1972 1551 ³

301 1618 468 1693 utcumque
494 1619 643 1687 mutatur,
668 1615 757 1674 utin
778 1613 949 1673 mutatione
971 1632 1072 1693 perse
1120 1608 1248 1670 finis1.»
1971 1616 1972 1621 ¹

300 1711 397 1765 seret.
419 1708 519 1780 Quare
541 1708 574 1767 in
597 1707 654 1767 diis
668 1707 722 1786 qui
748 1706 787 1766 nd
815 1707 898 1765 entia
918 1706 1071 1767 rationem
1159 1704 1324 1781 Gregorius
1341 1703 1551 1763 Nazianzenus
1575 1705 1713 1765 oratione
1735 1711 1844 1766 octava
1860 1712 1887 1766 et

300 1796 416 1858 habent
429 1799 582 1877 principii,
598 1799 798 1878 praeteritum,
809 1798 1070 1859 firtrrrrrmveeon-
1119 1795 1295 1856 tricesima:
1315 1797 1430 1867 «Dens,
1450 1796 1562 1875 inquit,
1585 1802 1616 1856 et
1635 1802 1701 1857 erat
1719 1815 1845 1876 semper
1859 1806 1886 1858 et

300 1889 443 1969 templnri
456 1909 521 1950 non
534 1908 708 1969 possumus,
723 1891 777 1951 sed
791 1892 896 1951 omnia
906 1909 975 1970 quae
989 1893 1071 1971 apud
1121 1893 1210 1957 estet
1223 1888 1291 1955 erit,
1307 1888 1356 1948 vel
1374 1894 1410 1947 nt
1423 1890 1534 1949 rectius
1554 1888 1674 1968 loquar,
1697 1907 1823 1968 semper
1834 1896 1884 1951 est

301 1981 369 2043 illos
382 1987 465 2058 sunt,
480 1984 514 2042 iu
536 2001 600 2043 uno
623 2002 718 2053 nnnc,
739 1984 880 2045 videlicet
900 2002 998 2057 aeone,
1014 1991 1072 2046 sta-
1122 1980 1199 2041 Nam
1219 1985 1286 2040 erat
1308 1986 1337 2039 et
1360 1981 1429 2055 erit,
1451 1982 1548 2041 nostri
1568 1981 1717 2061 temporis
1739 1981 1886 2062 fluxuque

301 2073 387 2135 bilita
410 2081 493 2135 sunt.
516 2076 634 2155 Quippe
654 2077 801 2156 temporis
828 2094 981 2137 mensure
1009 2096 1072 2138 una
1120 2078 1239 2133 nenne
1251 2078 1415 2151 segmenta,
1424 2079 1507 2134 sunt.
1520 2073 1573 2135 llle
1582 2078 1688 2134 autern
1697 2091 1822 2153 semper
1834 2081 1884 2141 est.

302 2185 373 2228 cnm
386 2167 594 2228 universitatis
611 2170 772 2229 existentia
791 2187 856 2229 seso
874 2169 1021 2249 produnt,
1036 2189 1071 2230 ac
1120 2171 1212 2244 utque
1232 2164 1291 2226 hoe
1318 2165 1411 2227 modo
1438 2167 1573 2245 seipsum
1598 2166 1740 2227 nominat
1766 2168 1885 2228 cumin

301 2259 366 2319 sola
393 2260 563 2321 metiuntur
590 2260 642 2320 illa
662 2279 731 2340 que
758 2261 808 2322 vel
833 2261 1002 2323 subsistunt
1022 2262 1072 2322 vel
1120 2262 1226 2319 monte
1240 2258 1316 2320 Mosi
1329 2258 1489 2319 oraculum
1502 2258 1597 2319 dedit.
1614 2258 1802 2319 Universum
1810 2261 1885 2321 enim

302 2352 516 2430 operantnrin
529 2357 728 2432 temporem)
1120 2351 1152 2411 id
1173 2351 1255 2430 quod
1277 2351 1375 2411 estin
1397 2369 1430 2412 se
1448 2352 1671 2431 complectitur,
1700 2370 1758 2411 nec
1780 2353 1886 2431 princi·
1972 2408 1973 2427 ,

341 2443 428 2503 Philo
443 2444 567 2504 Judaeus
582 2445 615 2504 in
629 2444 807 2505 tractatudc
823 2444 1072 2507 Inmutabilitcte
1120 2443 1209 2522 pium
1221 2443 1349 2517 babens,
1371 2462 1428 2504 nec
1451 2444 1547 2505 tinem
1570 2443 1806 2504 habiturum»
1824 2445 1887 2504 Huc

301 2533 380 2597 Dei:
393 2535 511 2611 «Nihil,
527 2537 639 2615 inquit,
654 2538 736 2616 apud
751 2539 850 2597 Deum
864 2537 1069 2615 esttuturum,
1121 2535 1338 2611 Nazianzenus,
1363 2554 1433 2615 que
1457 2536 1586 2597 totidem
1606 2535 1708 2597 verbis
1728 2537 1840 2616 repetit
1859 2538 1887 2595 in
1972 2538 1973 2571 l

302 2627 356 2706 qui
374 2629 523 2706 temporis
542 2635 681 2689 extreme
703 2629 760 2689 sub
781 2648 812 2688 se
830 2628 934 2689 habet.
951 2631 1071 2691 Etenim
1120 2629 1259 2689 oratioue
1273 2628 1661 2708 qtmdragesimasecundu.
1677 2629 1778 2702 Quem
1792 2628 1887 2689 locum
1972 2650 1973 2659 ¹

301 2737 366 2780 non
392 2725 526 2799 tempus,
556 2720 609 2782 sed
636 2720 840 2800 archetypum
866 2724 1014 2802 temporis
1041 2729 1073 2783 et
1121 2722 1343 2783 commentario
1361 2740 1418 2782 sno
1431 2721 1565 2782 declarat
1578 2721 1731 2781 Nicetas¹.

301 2812 459 2892 exemplar
478 2813 632 2874 eternitas
653 2819 698 2874 est
720 2814 860 2893 ipsorum
881 2814 953 2874 rita.
977 2816 1071 2875 Porro
1160 2814 1198 2873 V.
1215 2815 1379 2891 Gregorius
1392 2815 1468 2875 item
1485 2814 1642 2892 Nyssenus
1655 2813 1694 2873 de
1714 2812 1888 2873 eternitatis

301 2903 334 2964 in
360 2905 530 2965 eternitate
557 2923 658 2984 neque
678 2907 869 2985 preteritum
890 2911 935 2966 est
956 2906 1072 2985 aliqrrid
1121 2904 1233 2966 divine
1253 2907 1440 2986 proprietate
1460 2907 1519 2966 ista
1538 2906 1665 2985 longam
1687 2910 1717 2965 et
1741 2904 1886 2965 eruditum

300 3014 401 3076 neque
435 2996 596 3073 brunum,
624 2998 678 3059 sed
711 2999 812 3059 solnm
847 3003 894 3059 est
924 2999 955 3058 id
988 3000 1072 3078 quod
1121 2998 1293 3059 cretionem
1307 2998 1438 3078 explicat
1457 2999 1491 3058 in
1510 2998 1611 3077 primo
1629 2998 1777 3059 adversus
1792 2999 1887 3058 Euno-

300 3088 431 3150 existite
444 3113 459 3147 n
1120 3090 1231 3165 mium,
1253 3110 1289 3151 ac
1309 3109 1401 3170 supra
1429 3098 1519 3160 αἰῶνας
1546 3108 1655 3151 omnes
1681 3091 1714 3150 in
1736 3089 1886 3150 infinitum
1925 3112 1946 3154 ,ε

341 3183 392 3242 lV.
418 3183 489 3242 Haec
509 3201 548 3242 ez
570 3184 742 3244 innumeris
770 3202 866 3264 pauca
891 3184 1069 3261 Gentilium,
1121 3183 1236 3260 porrigi
1263 3184 1306 3242 ait
1339 3182 1492 3243 intervalli
1521 3183 1623 3242 omnis
1649 3187 1680 3242 et
1707 3182 1888 3243 extensionis
1945 3088 1974 3309 'i

300 3272 349 3333 vel
369 3274 499 3334 minime
522 3275 766 3336 Christianorum
786 3277 961 3337 testimonia
989 3277 1073 3338 suffi-
1121 3280 1290 3353 expertem,
1306 3274 1420 3354 dequo
1435 3292 1560 3335 monum
1578 3293 1693 3354 genere
1711 3280 1820 3354 postea
1832 3275 1885 3334 dis·
1973 3322 1974 3325 ι

300 3366 395 3425 ciunt.
411 3366 593 3426 Nostrorum
605 3373 709 3427 sutem
722 3386 788 3427 nou
797 3369 900 3429 minor
912 3374 959 3428 est
971 3370 1069 3448 copia,
1120 3368 1287 3428 serendum
1301 3368 1369 3443 erit,
1386 3387 1422 3429 ac
1434 3370 1563 3429 demum
1578 3367 1733 3429 concludit
1746 3368 1791 3428 sic
1807 3387 1814 3428 :
1833 3369 1887 3428 «dt
1973 3362 1974 3443 ξ

300 3457 493 3537 quiidemde
508 3459 676 3520 eternitate
688 3460 1071 3522 sentientesdefiniticnem
1120 3478 1194 3521 vero
1215 3461 1331 3521 nullius
1360 3478 1454 3539 egens
1478 3460 1530 3522 ills
1551 3466 1581 3521 et
1603 3466 1771 3521 eternum
1792 3459 1887 3520 omnia

300 3550 367 3628 ejus
380 3548 466 3610 illem
486 3550 670 3630 approbant,
686 3570 780 3631 quam
796 3571 834 3613 ez
855 3553 960 3614 Boetio
978 3573 1072 3634 supra
1121 3571 1190 3632 quae
1204 3559 1276 3614 sunt
1293 3553 1454 3632 complexa
1468 3559 1590 3629 nntrrra,
1606 3571 1707 3633 neque
1721 3552 1755 3613 in
1768 3553 1836 3614 loco
1848 3558 1887 3612 est

301 3642 481 3704 memoravi.
525 3644 598 3718 Quae
640 3646 841 3706 aeternitatem
883 3647 1072 3709 successione
1120 3664 1221 3724 neque
1249 3646 1283 3705 in
1303 3652 1453 3724 ternpore.
1483 3646 1544 3706 Sed
1564 3650 1636 3706 aute
1658 3646 1726 3705 haec
1752 3651 1785 3705 et
1804 3663 1888 3724 super

301 3734 388 3794 omni
407 3753 536 3795 vacuam
559 3736 792 3816 differentiaque
817 3740 966 3818 temporis
988 3739 1070 3816 facit,
1121 3738 1187 3799 hec
1200 3738 1408 3818 inexplicabili
1421 3739 1557 3817 quadem
1574 3738 1705 3815 ratione,
1726 3737 1795 3818 ipsa
1816 3738 1848 3797 in
1859 3754 1887 3797 se

300 3843 336 3885 ac
356 3825 457 3887 nullas
476 3828 510 3887 in
533 3846 570 3888 ea
597 3835 698 3908 partes
716 3830 883 3906 constiutit,
905 3832 958 3891 sed
979 3831 1073 3893 simul
1121 3831 1186 3891 sole
1212 3832 1272 3892 fide
1293 3831 1479 3911 conspicitur
1500 3849 1602 3910 neque
1629 3830 1748 3892 saeculis
1768 3832 1888 3891 circum

301 3934 366 3978 esse
392 3919 569 3982 universam
591 3927 622 3982 et
649 3921 682 3981 in
710 3926 824 4002 puncto
851 3940 887 3982 ac
913 3928 1072 3984 momente
1122 3924 1243 4003 scriptu,
1271 3941 1373 4003 neque
1401 3942 1473 3984 cum
1499 3923 1691 4003 temporibus
1717 3923 1886 3997 decurrens,

247 4083 251 4092 Ι
301 4011 464 4072 consistere
482 4012 581 4074 docet.
605 4014 665 4074 Sed
684 4032 723 4074 ne
744 4014 837 4093 longa
857 4019 887 4074 et
909 4015 1014 4076 odiosa
1035 4016 1073 4076 sit
1121 4016 1222 4076 sedin
1236 4016 1335 4096 seipsa
1353 4016 1533 4092 consistens,
1555 4016 1639 4076 etin
1658 4015 1758 4095 seipsa
1771 4015 1889 4075 bmdata

301 4102 433 4165 velutin
448 4104 572 4183 iudiciis
585 4106 627 4166 sic
648 4107 681 4166 in
693 4106 865 4186 theologica
883 4106 942 4167 hac
960 4113 1072 4169 nactu-
1123 4113 1154 4169 et
1167 4107 1312 4184 stabilita,
1328 4126 1429 4187 neque
1449 4126 1523 4169 cum
1541 4108 1696 4188 preterito
1711 4126 1813 4188 neque
1825 4124 1887 4167 cunr

338 4334 356 4372 α
377 4318 486 4373 Antron.
503 4317 533 4373 in
548 4317 596 4373 lib.
621 4318 658 4374 de
674 4321 832 4390 Interpret.
851 4318 928 4374 uitta
944 4319 994 4376 ἔστι
1009 4321 1074 4394 παρὰ
1123 4323 1167 4391 τὴν
1179 4322 1323 4389 ὑπόστασιν,
1338 4324 1353 4391 ἢ
1368 4322 1412 4390 τὴν
1428 4321 1558 4395 ἐνέργειαν.

302 4402 356 4461 τοῖς
375 4401 439 4462 θεοῖς
459 4398 517 4453 οὔτε
536 4400 711 4472 παρεληλυθὸς,
733 4400 788 4455 οὔτε
808 4403 910 4473 μέλλον,
932 4403 988 4458 οὔτε
1011 4406 1072 4473 (ior.
1160 4405 1288 4461 metn.
1308 4404 1390 4459 Ὠστε
1407 4405 1476 4459 mett
1497 4405 1565 4478 παρὰ
1577 4406 1626 4477 θεῷ
1641 4405 1749 4477 pillos,
1765 4405 1848 4477 τῷααὶ
1862 4402 1887 4455 zi

303 4485 352 4548 bn)
366 4483 456 4537 ταότων
472 4481 515 4554 μὲν
530 4481 643 4556 ἑκάτερον
659 4483 703 4537 οὖα
716 4485 757 4551 ba,
772 4485 801 4538 rb
816 4484 871 4557 μὲν,
885 4486 976 4541 obtin·
993 4489 1022 4542 rb
1036 4487 1073 4553 δὲ,
1123 4495 1173 4543 τῶν
1188 4490 1285 4563 χρόνων
1298 4489 1431 4562 ὑπηγμένα)
1445 4490 1547 4562 πέρατα·
1562 4489 1603 4541 καὶ
1623 4487 1671 4561 γὰρ
1682 4488 1712 4541 οὗ
1721 4490 1820 4562 χρόνος,
1831 4484 1888 4539 titt

303 4564 381 4618 οὔπω·
403 4567 443 4618 καὶ
463 4566 492 4619 τ“ο
513 4564 556 4637 μὲν
578 4566 766 4639 pernicitatis,
787 4569 816 4622 rb
835 4568 861 4622 tl
880 4570 983 4642 πεφυκὸς
998 4591 1073 4642 μετα·
1123 4575 1152 4626 τὸ
1172 4572 1309 4645 ἀρχέτυπον
1324 4577 1368 4625 τοῦ
1382 4573 1484 4645 χρόνον,
1498 4572 1538 4624 καὶ
1553 4571 1709 4643 παράδειγμα
1723 4570 1792 4633 αἰὼν,
1808 4570 1822 4622 ὁ
1837 4570 1884 4641 iios

303 4648 412 4701 ὅάλλιιν·
428 4648 459 4703 τὰ
472 4647 499 4702 δὲ
513 4653 614 4703 τοιαῦτα
634 4653 687 4712 τοῖς
707 4650 784 4713 ὅντως
799 4645 862 4721 οὖσι,
877 4653 917 4705 zui
938 4654 1074 4725 μεταὸολὴν
1125 4652 1190 4711 ἐστὶν
1205 4654 1297 4710 αὐτῶν·
1315 4653 1339 4709 ἔν
1355 4655 1424 4708 αἰῶνι
1439 4654 1475 4719 δὲ,
1496 4652 1552 4708 οὔτε
1565 4654 1733 4727 παρελήλυθεν
1753 4652 1830 4717 otte,
1840 4650 1887 4705 oin

304 4728 360 4784 otei
369 4731 423 4784 κατ’
431 4729 537 4784 inlectus
545 4729 726 4804 ἐπιδεχομένοις
732 4736 926 4806 προσαρμόττειν
934 4734 1072 4809 ἀμήχανον·
1124 4739 1218 4811 μέλλει,
1234 4738 1299 4792 ἀλλὰ
1315 4738 1391 4811 μόνον
1405 4737 1547 4809 ὒφέστηαεν.

303 4816 464 4887 προηγεῖσται
477 4813 525 4886 γὰρ
551 4813 644 4886 ἀνάγκη
659 4816 688 4869 rb
699 4818 825 4880 παντελῶς
846 4817 1015 4889 ἂμετάὸλητον
1031 4826 1074 4874 τοῦ
1160 4822 1282 4877 oGnno.
1302 4821 1363 4884 Θεὸς
1376 4818 1405 4889 ἦν
1421 4821 1464 4893 μὲν
1479 4820 1529 4887 ἀεὶ,
1543 4818 1887 4892 estimationi-pillos

304 4897 416 4950 ὁπωσοῦν
426 4897 685 4969 pertimescentes
707 4901 748 4952 zoi
761 4901 819 4974 μένῃ
833 4902 998 4972 μεταοάλλον·
1009 4903 1075 4956 ὥστε
1124 4906 1151 4959 bi
1165 4903 1228 4959 tortu
1244 4904 1290 4958 tet·
1306 4905 1336 4959 rt
1349 4905 1397 4977 γὰρ
1415 4901 1454 4973 ἦν,
1469 4905 1510 4956 καλ
1525 4902 1592 4958 ἔσται
1606 4908 1650 4958 τοῦ
1663 4904 1717 4957 καθ’
1731 4904 1792 4975 ἡμᾶς
1804 4902 1888 4975 χρόνον

305 4977 343 5033 1π1
356 4981 418 5033 θεῶν
429 4979 506 5052 ἀρχῆς
519 4979 627 5053 ἐχόντων
649 4983 708 5054 πρὸς
728 4983 760 5036 τὰ
779 4984 839 5037 ὄντα
856 4985 943 5056 λόγον,
957 4986 987 5039 rb
1002 5004 1076 5058 παρε-
1124 4989 1252 5060 τμήματα,
1272 4988 1314 5041 καὶ
1335 4991 1378 5054 τῆς
1400 4987 1501 5059 ῥευστῆς
1521 4987 1624 5057 φύσεως·
1647 4987 1662 5040 ὁ
1683 4986 1710 5040 δὲ
1731 4989 1766 5039 ὢν
1783 4985 1830 5039 tn·
1851 4984 1887 5036 ια1

304 5062 417 5130 latente,
431 5064 447 5131 ἢ
462 5063 491 5116 rb
506 5065 597 5135 μέλλον
611 5064 752 5135 θεωρεῖσθαι
773 5064 898 5122 ἀδύνατον·
916 5067 981 5120 ἀλλὰ
996 5069 1075 5121 πάντα
1123 5074 1197 5124 τοῦτο
1218 5070 1289 5132 nrt<
1310 5070 1396 5124 ἑαυτὸν
1420 5070 1536 5143 ὀνομάζει
1556 5075 1593 5141 τῷ
1619 5069 1724 5124 lictor
1739 5068 1887 5142 naevii*

304 5147 363 5216 παρ’
378 5144 461 5208 αὐτοῖς
475 5145 546 5200 trial
568 5152 604 5219 τῷ
626 5151 667 5200 νῦν
682 5145 733 5201 ἐστι
748 5155 784 5221 τῷ
799 5148 870 5204 αἰῶνι
885 5151 1007 5223 ἰδρυμένσ·
1024 5157 1074 5205 τῶν
1125 5151 1164 5206 ἰπὶ
1185 5157 1229 5206 τοῦ
1249 5153 1329 5225 ὅρους·
1350 5154 1409 5206 ὅλον
1430 5153 1478 5225 γὰρ
1499 5150 1524 5205 ἔν
1547 5150 1627 5225 ἑαυτῷ
1643 5153 1770 5206 σνλλαὸὼν
1790 5151 1841 5223 ἔχει
1861 5152 1887 5202 τὸ

306 5234 427 5300 ypocratis
439 5230 533 5300 μέτρων
544 5232 594 5301 ἅμα
604 5236 634 5303 τῇ
645 5229 774 5286 ὑποστάσει
788 5236 831 5286 τοῦ
845 5234 935 5296 παντὸς
949 5233 1077 5305 ἂναφαινο·
1125 5229 1197 5299 εἶναι,
1214 5237 1275 5308 μήτε
1289 5234 1434 5309 ἀρξάμενον,
1451 5237 1512 5309 μήτε
1526 5237 1693 5309 παυσόμενον.

307 5311 398 5383 μόνων,
412 5312 451 5363 zai
468 5313 532 5383 μόνα
546 5314 698 5384 μσροῦντων
718 5314 750 5370 τὰ
768 5316 831 5370 πατὰ
849 5316 939 5389 χρόνον
954 5316 1074 5389 ἔχονταῆ

334 5546 344 5589 1
359 5544 406 5589 tlt.
420 5545 437 5589 1.
449 5555 497 5590 con.
511 5545 614 5591 Narem.
628 5559 676 5603 esp.
689 5549 795 5594 vnn-s
806 5550 839 5594 tt
850 5558 905 5595 ortt.
919 5552 953 5595 118.
967 5562 990 5597 tt.
1004 5554 1037 5598 11.
