4096 6190
355 316 415 378 584
859 315 1183 380 Tunonoulcouutt
1208 316 1425 379 maturuit

355 488 417 543 tur.
430 482 471 544 at
483 481 656 561 Dionysius,
674 480 750 542 dum
763 481 797 541 in
815 486 925 561 quarto
941 481 1040 562 capite
1053 481 1125 543 libri
1174 481 1285 559 solent,
1300 489 1429 562 pussant
1441 488 1547 545 tamen
1563 499 1636 545 cum
1649 500 1735 561 vero,
1751 489 1785 546 et
1799 483 1954 546 catholieo

355 572 391 634 de
406 573 521 636 t’oeleats'
535 571 713 634 Hr'erurcdiu
730 573 845 642 scribit,
863 574 993 654 aipsum
1009 574 1124 635 liciae·
1175 573 1319 653 dogmme
1343 575 1509 637 eoncdiari.
1534 576 1624 637 Nunc
1654 575 1731 637 alios
1765 577 1951 656 adjungam,

355 671 475 728 cretum
499 666 574 746 quid
598 665 637 725 sit
662 665 789 726 taudem
815 666 973 727 neminem
995 665 1124 743 vidisse,
1175 684 1310 746 quonam
1323 668 1418 728 verba
1429 667 1551 729 difficile
1565 669 1655 729 ailad
1668 669 1814 731 eamdem
1824 676 1952 730 senten

355 776 457 838 neque
481 776 575 838 porro
598 774 663 817 csse
686 758 895 834 visummw»
925 764 994 819 tum
1017 758 1126 820 eodem
1175 758 1251 819 tiam
1277 758 1451 837 inflectere,
1478 761 1539 822 nisi
1563 760 1687 821 obtorto
1715 761 1952 841 quodammdo

355 850 449 911 modo
465 849 682 928 intelligendus
697 856 753 923 est,
768 855 837 910 tum
854 856 890 912 ιιι
908 851 947 911 de
962 856 1126 930 conspectu
1176 851 1266 927 collo,
1289 852 1382 931 vique
1406 852 1443 913 iis
1465 853 1561 925 illata,
1589 857 1621 913 ct
1645 854 1743 913 inrita
1766 853 1951 933 rapiantur3

355 942 409 1002 illo
421 941 639 1021 Deiloquatur,
654 959 748 1021 quem
757 942 867 1003 inclusi
880 943 1060 1022 corporibus
1072 944 1128 1004 ho-
1176 944 1260 1023 quod
1273 950 1310 1004 ut
1328 944 1368 1005 ab
1388 944 1488 1005 officio
1505 945 1595 1024 probi
1621 964 1655 1006 ar
1676 945 1845 1025 prudentia
1867 946 1953 1007 tirco-

356 1035 457 1095 mines
467 1038 685 1113 assequuntur.
702 1034 781 1095 Nam
795 1034 833 1095 de
848 1035 1008 1114 Prophetis
1019 1053 1055 1095 ao
1069 1036 1125 1096 Pa·
1175 1035 1249 1115 logi,
1266 1036 1336 1097 sica
1348 1039 1427 1099 meis
1438 1037 1578 1098 moribus
1596 1043 1628 1098 et
1640 1038 1789 1099 institutis
1802 1036 1950 1099 abenisa‘·

355 1126 496 1187 triorchis
508 1125 552 1186 ibi
570 1143 746 1187 sermonem
762 1126 867 1201 habet,
883 1126 996 1206 quibus
1014 1127 1125 1188 identi-
1176 1145 1266 1190 mum
1279 1134 1337 1190 ast.

356 1217 428 1279 dem
437 1220 518 1280 [lens
527 1219 786 1299 appanrit3atque
795 1219 838 1280 ita
846 1220 999 1280 Maximus
1008 1225 1127 1299 martyr

356 1312 492 1391 exponit.
509 1310 569 1387 Sic,
583 1329 654 1371 cum
668 1311 752 1372 idem
769 1311 858 1372 initio
871 1311 943 1371 libri
960 1310 996 1372 de
1008 1310 1128 1372 Divinis

356 1402 524 1464 umncbr'bus
550 1426 566 1461 u
591 1404 917 1483 supersubstantialem
941 1403 1127 1465 infinitatem
1403 1379 1599 1461 CAPUT
1641 1381 1719 1461 Vl.

356 1496 512 1556 mentibus
531 1496 675 1557 omnibus
694 1497 885 1575 superiorem
906 1494 1020 1556 assela
1042 1497 1125 1573 dicit,

356 1586 395 1647 de
407 1589 551 1663 naturali,
565 1594 596 1649 et
607 1588 741 1668 propriis
753 1588 871 1648 viribus
885 1593 1061 1667 comparata
1073 1607 1128 1649 no

357 1679 424 1739 titia
448 1679 502 1740 Dei
524 1680 774 1759 interpretandus
798 1686 853 1741 cst.
886 1680 990 1740 Priore
1019 1681 1127 1741 itidem
1176 1671 1392 1753 Pmpouumur
1405 1669 1534 1732 aliorum
1546 1671 1712 1734 testimonib
1729 1672 1872 1742 Palm,
1887 1692 1950 1755 φη

357 1788 449 1831 seusu
463 1772 594 1850 Cyrillus
607 1772 694 1833 Alex.
710 1772 856 1851 explicari
868 1776 969 1851 potest
981 1773 1014 1832 in
1026 1774 1127 1852 primo
1215 1762 1332 1838 ditem,
1350 1780 1387 1822 ἰθ
1398 1760 1436 1823 ab
1449 1762 1564 1843 antelli
1572 1762 1701 1844 imum,
1715 1783 1753 1825 αὖ
1761 1764 1949 1857 ΜΝ

359 1856 642 1920 Commentariorum
663 1861 694 1920 ιἰι
709 1859 851 1921 Joumrem
859 1880 870 1928 ,·
887 1860 941 1920 ubi
960 1882 975 1917 u
993 1862 1127 1923 natanali
1216 1853 1300 1915 m'bw
1316 1854 1397 1914 clare
1412 1853 1507 1915 umet
1519 1853 1614 1916 Deum
1625 1853 1796 1917 adalram·
1815 1856 1950 1933 Ouum

358 1949 432 2010 Filio
446 1951 503 2012 soli
516 1952 731 2030 aspectabilem
745 1969 810 2012 esse
825 1952 947 2012 Patrem
962 1954 1080 2031 asserit,
1097 1959 1128 2015 et
1216 1946 1284 2007 dum
1298 1954 1394 2008 torres
1404 1945 1565 2027 explicata,
1576 1955 1605 2008 θΐ
1616 1946 1657 2008 ssd
1664 1966 1766 2010 mn
1778 1950 1947 2010 mlffltt'w

355 2042 399 2103 ita
420 2048 455 2103 ut
473 2044 622 2123 conjicere
641 2044 753 2125 aliquis
775 2045 880 2123 possit,
903 2062 959 2123 pro
979 2062 1015 2105 eo
1035 2051 1127 2126 atque
1217 2037 1441 2116 accommodata,
1467 2039 1515 2118 uti
1535 2037 1721 2121 Hieronymi
1740 2051 1772 2101 et
1792 2041 1946 2103 Ambracii.

356 2134 488 2214 dignum
505 2142 551 2196 est
571 2138 645 2212 Deo,
670 2137 808 2197 divinam
828 2136 944 2211 videre,
968 2137 1127 2218 viderique

356 2227 587 2288 sarmenticios.
603 2228 705 2288 »Haec
719 2227 850 2288 enimde
862 2227 1006 2307 perfecta,
1016 2235 1128 2290 etcum
1218 2225 1241 2284 ι.
1265 2225 1386 2284 Primus
1399 2241 1520 2299 eorum,
1534 2225 1589 2303 qui
1603 2225 1658 2285 Dei
1671 2231 1827 2287 naturam
1839 2228 1947 2307 perspi

356 2318 460 2380 divina
479 2319 630 2381 infinitate
646 2321 732 2401 paria
744 2319 873 2380 facicmc
891 2320 1001 2380 notitia
1019 2340 1127 2401 possu-
1177 2334 1247 2391 cue,
1259 2334 1296 2377 aa
1313 2334 1369 2396 per
1386 2333 1419 2377 sc
1437 2334 1503 2378 non
1517 2316 1616 2377 videri
1630 2316 1745 2378 diserte
1765 2318 1945 2397 significari,

357 2429 428 2471 mus
441 2429 608 2490 exponere.
1177 2408 1264 2469 'litus
1277 2408 1947 2472 Bostrensisinmediumveniet.lsinlibro

397 2504 561 2581 Gregorius
582 2521 675 2583 porro
694 2504 852 2582 Nyssenus
870 2503 1010 2565 oratione
1027 2521 1071 2581 vr,
1092 2504 1128 2567 de
1177 2501 1278 2580 primo
1294 2509 1397 2562 contra
1411 2499 1602 2577 Manicheam,
1613 2501 1673 2563 hoc
1682 2520 1797 2563 eornm
1811 2503 1946 2564 dubium

357 2593 603 2672 Beutr'tudr'nibuc,
628 2596 683 2656 Dei
707 2595 834 2673 quidem
858 2600 1004 2656 naturam
1028 2597 1128 2676 ipsam
1176 2592 1336 2669 refellens,
1371 2593 1534 2653 materiam
1568 2593 1727 2655 adamasse
1769 2600 1945 2674 potestatem

356 2704 413 2766 per
425 2705 468 2763 se,
480 2687 653 2766 cujusmodi
667 2692 723 2763 est,
737 2686 835 2748 videri
845 2705 909 2748 non
922 2705 1011 2766 posse
1022 2692 1124 2768 sentit,
1177 2686 1345 2765 quamdam
1359 2703 1379 2746 a
1393 2686 1456 2746 Deo
1470 2686 1608 2761 misaam
1624 2704 1697 2747 cum
1710 2686 1748 2746 in
1759 2686 1840 2747 boni
1853 2690 1946 2767 cogni

360 2785 420 2840 aet
437 2796 564 2841 omnem
583 2779 866 2858 comprehendendi
882 2779 1038 2841 solertiam
1052 2782 1128 2843 effu-
1175 2778 1293 2839 tionem
1302 2778 1647 2857 repentercnisset,qua
1656 2778 1943 2855 bamennseurebat,

355 2889 439 2950 gere,
455 2872 570 2952 quippe
584 2871 842 2951 conjecturalibus
855 2872 1000 2934 omnibus
1011 2875 1128 2935 notidis
1180 2870 1326 2947 uNoune,
1338 2870 1450 2949 inquit,
1463 2871 1599 2931 amends
1609 2875 1787 2950 cstputare,
1802 2889 1872 2932 eam
1882 2890 1944 2951 que

355 2964 541 3025 inaccessam
556 2962 684 3024 asael.»
705 2963 766 3025 Sed
779 2964 817 3024 de
836 2982 873 3025 ea
892 2965 1067 3044 cognitione
1080 2967 1125 3027 lo·
1176 2962 1210 3023 in
1223 2981 1256 3023 se
1271 2980 1337 3022 non
1349 2962 1453 3039 habet,
1468 2963 1550 3024 unde
1562 2967 1727 3043 mgnoscat
1741 2980 1810 3024 csse
1822 2964 1942 3039 ιιοιιιιιιι,

356 3056 472 3135 quiae,
488 3074 583 3136 quam
598 3055 632 3116 in
645 3062 797 3135 presente
813 3056 878 3116 vita
896 3064 1128 3137 consequuntur
1176 3055 1312 3135 potuisse
1337 3054 1454 3130 ridere,
1479 3060 1511 3116 et
1534 3061 1698 3135 postquam
1720 3053 1812 3131 vidit,
1837 3056 1945 3117 desicie-

355 3147 514 3223 homines3
529 3153 620 3227 atque
631 3147 676 3208 ita
688 3147 902 3208 Christiverba
917 3148 969 3209 illa
980 3149 1125 3228 declarat
1176 3146 1281 3208 rasse?
1299 3148 1404 3225 Longe
1428 3147 1513 3208 enim
1537 3147 1638 3226 majus
1661 3153 1719 3223 est,
1746 3147 1944 3209 substantiam

356 3239 448 3301 Beati
462 3239 570 3300 mundo
583 3238 679 3308 corde,
698 3258 839 3321 quoniam
857 3240 917 3321 ipsi
937 3239 1031 3301 Βοιιιι
1049 3242 1129 3304 uide
1176 3246 1302 3319 aspecta
1323 3238 1441 3315 videre,
1463 3256 1559 3319 quam
1576 3256 1763 3320 cognoscere
1787 3257 1867 3300 eme.
1885 3240 1942 3301 Pri·

357 3328 464 3407 buut',
486 3337 522 3391 ut
540 3331 702 3412 dupliciter
722 3332 805 3392 bono
826 3332 880 3392 illo
903 3332 1124 3412 perfruamur:
1176 3351 1341 3396 mumnon
1355 3330 1457 3392 solum
1474 3332 1613 3407 noaret
1627 3335 1796 3412 potestates
1805 3331 1942 3411 angelice

354 3421 495 3484 videlicet
508 3440 546 3483 ex
564 3423 720 3504 operibus,
741 3429 772 3485 et
786 3423 901 3485 affectis
915 3426 1013 3486 Deum
1031 3430 1128 3488 consi-
1177 3425 1418 3499 excellentiores,
1438 3441 1504 3485 esse
1516 3424 1642 3502 qrudam
1659 3423 1780 3483 bonurn
1796 3424 1943 3502 οοςιιοιιι

355 3512 498 3574 derantes
518 3521 550 3575 et
570 3515 720 3584 videntes,
742 3522 773 3576 et
795 3516 941 3578 eumdem
963 3518 1046 3578 intra
1070 3538 1128 3581 nos
1176 3536 1257 3594 mus,
1271 3515 1493 3596 recognitione
1507 3515 1573 3575 sola
1591 3514 1812 3595 adpictatem
1803 3534 1839 3576 ru
1852 3516 1941 3576 ileum

355 3605 518 3682 habentem
543 3607 809 3685 quemadmodum
831 3609 969 3670 christan
992 3612 1128 3674 ostendit
1176 3610 1397 3684 alimur,tanto
1411 3624 1485 3668 varo
1495 3606 1941 3687 excellentissimumque

355 3697 527 3775 hisverbis,
546 3698 679 3779 Regnum
695 3698 753 3761 Dei
765 3700 847 3762 ιἰιιια
862 3719 910 3762 uos
929 3708 969 3762 est
979 3700 1003 3763 ².
1020 3703 1127 3783 ltaque
1175 3708 1288 3764 natura
1299 3706 1372 3761 sunt
1385 3699 1626 3761 excellentiores.
1637 3698 1752 3760 Videre
1764 3696 1941 3760 sarmul>
2030 3774 2031 3779 ἵ

354 3807 419 3851 non
438 3790 476 3850 de
492 3795 574 3851 statu
591 3791 645 3852 illo
662 3791 775 3853 intua
794 3791 993 3854 beatitudinis
1007 3795 1080 3873 agit,
1096 3803 1127 3858 et
1175 3795 1321 3856 stantiam
1334 3791 1389 3853 Dei
1409 3809 1512 3871 neque
1528 3791 1630 3868 nobis,
1645 3808 1705 3852 nec
1725 3789 1788 3851 illis
1801 3790 1882 3852 lieet
1903 3789 1942 3850 Si

354 3881 483 3959 visione,
499 3901 561 3962 qua
576 3882 654 3965 facie
666 3881 825 3963 adfaciem
839 3884 1013 3946 videbimus
1026 3887 1126 3948 Deum
1175 3886 1301 3966 quidem
1323 3902 1392 3959 nos,
1408 3883 1556 3963 quamdiu
1576 3901 1688 3963 eorpus
1705 3882 1880 3944 secundum
1895 3898 1941 3942 ua

353 3972 443 4034 sueti
454 3981 512 4043 eat:
528 3992 639 4036 verum
653 3976 807 4037 defructu
826 3976 880 4038 illo
898 3996 986 4058 purae
1000 3979 1123 4057 ments,
1175 3985 1280 4040 turam
1290 3975 1392 4036 induti
1405 3992 1524 4053 sumus,
1537 3992 1596 4036 nec
1608 3973 1736 4053 angelos
1749 3974 1835 4054 ipsos
1848 3973 1940 4034 unere

354 4066 526 4145 quiinhac
537 4067 600 4129 rita
614 4074 866 4149 representatur.
882 4072 982 4149 Atque
995 4070 1081 4131 hunc
1091 4071 1125 4131 in
1175 4085 1349 4149 possumus.
1376 4066 1573 4129 Manifesbim
1594 4065 1680 4126 enim
1705 4071 1770 4143 est,
1802 4072 1835 4126 et
1860 4064 1939 4146 ptam

354 4159 482 4220 modum
492 4159 655 4222 conciliare
662 4161 766 4222 studet
773 4161 895 4222 diversa
903 4161 967 4238 illa,
979 4162 1127 4242 etinspe-
1175 4160 1359 4230 contessum,
1383 4158 1438 4237 qui
1455 4158 1549 4234 videt,
1567 4156 1666 4218 simile
1688 4156 1748 4217 sibi
1766 4158 1874 4219 videre
1886 4154 1906 4217 ³.
1922 4176 1936 4213 ι

354 4249 433 4311 ciem
451 4251 605 4312 contraria
626 4251 693 4313 loca
712 4253 889 4333 Scriptura,
909 4271 1044 4332 quorum
1066 4254 1126 4315 alia
1175 4252 1264 4328 Quod
1282 4250 1410 4312 affatum
1424 4250 1464 4311 de
1485 4268 1523 4311 ea
1542 4248 1744 4310 similitudine
1762 4267 1841 4311 mox
1859 4250 1940 4310 inter

355 4341 453 4403 videri
473 4344 582 4419 Deum
604 4349 640 4405 ut
659 4349 705 4405 est
723 4346 757 4405 in
778 4363 843 4406 sese
864 4345 1044 4425 predicant,
1065 4345 1126 4406 alia
1175 4349 1325 4425 pretatrn,
1346 4360 1416 4423 quae
1435 4345 1481 4402 est
1493 4341 1665 4402 secundum
1678 4358 1796 4420 genus;
1809 4340 1939 4403 velutad

355 4434 1127 4516 videriomninoposscnegant.liucusqueGraecos
1176 4453 1298 4517 corpus,
1327 4439 1358 4495 et
1384 4433 1567 4495 coloratum.
1597 4433 1643 4493 Ex
1667 4452 1730 4513 quo
1753 4433 1937 4513 intelligitur,

354 4524 424 4587 illos
438 4528 541 4588 Patres
557 4528 819 4605 enumeravimus,
835 4547 913 4608 quos
928 4529 1032 4590 etsiad
1051 4547 1126 4590 eon·
1175 4528 1312 4607 mrporis
1337 4531 1478 4607 expertes
1509 4525 1549 4586 ab
1578 4543 1615 4587 co
1642 4525 1717 4605 poni
1749 4525 1887 4605 angelos,
1909 4528 1939 4583 ut

354 4618 442 4681 trarii
457 4619 571 4681 decreti
590 4619 796 4700 paaocinium
812 4621 961 4682 advocare
981 4620 1126 4683 nonnulli
1175 4625 1339 4701 propterca
1347 4617 1500 4699 corporati
1513 4616 1638 4679 noshac
1648 4617 1681 4677 in
1693 4617 1758 4679 vita
1767 4616 1938 4679 illosriderc

391 4937 413 4978 a
431 4919 512 4978 Dion.
530 4919 566 4977 lv
579 4918 617 4977 cle
631 4919 911 4978 Coeleai.Hterarab.
926 4920 1089 4995 Ὧςοιιιτὸρέι
1099 4925 1125 4989 d,
1174 4922 1313 4994 θεοπρεπῶς
1326 4920 1370 4990 τὴν
1384 4921 1451 4975 lalus
1466 4921 1538 4994 ὁρᾷι,
1557 4919 1599 4973 aul
1618 4918 1720 4991 δρᾶσθαι
1735 4920 1818 4992 ptura·
1834 4916 1936 4992 ιτιριριι

354 5005 379 5059 τι
392 5005 453 5060 aori
468 5002 519 5058 tati
532 5003 562 5059 rb
574 5007 618 5058 τοῦ
639 5004 694 5058 θεοῦ
712 5005 812 5077 spicios
832 5005 912 5069 oberte
933 5004 1049 5080 ἑώρακεν,
1069 5004 1126 5060 obal
1175 5004 1252 5059 ὄντων
1267 5003 1357 5058 οὐδενί.

356 5087 449 5159 micui.
1210 5087 1338 5143 dGaaa.
1363 5087 1480 5145 Nrssaa.
1509 5084 1756 5159 Ἧθειαριοιςοιιὴ
1770 5084 1826 5139 mt’
1840 5084 1934 5152 ebulit,
2027 5140 2028 5155 ,

393 5170 410 5225 b
425 5170 503 5226 Dran.
514 5169 722 5243 Ὑπιριιιιταιτῶν
730 5171 842 5240 cimbri
852 5172 993 5245 ιπεροὺοιος
1001 5171 1123 5244 depretia.
1174 5170 1199 5225 τι
1209 5189 1270 5226 ποτε
1280 5171 1334 5224 κατ’
1346 5169 1430 5224 cislau
1445 5168 1506 5234 ἔστι,
1521 5170 1601 5238 πάσης
1613 5169 1753 5241 ιπιριιειται
1768 5168 1935 5237 melantiam

393 5264 409 5306 ο
427 5252 493 5306 Cra.
512 5253 522 5307 1
536 5255 570 5307 lu
582 5256 680 5318 Ioum,
688 5270 747 5325 cap.
764 5271 790 5309 ιι.
802 5255 879 5329 litum
890 5255 938 5330 γὰρ
952 5255 999 5327 υἱῷ
1008 5261 1045 5327 τῷ
1061 5255 1125 5310 κατὰ
1174 5250 1281 5316 ἐπινοίας
1294 5252 1436 5326 ἀπρόσιτος,
1445 5255 1487 5307 καὶ
1501 5252 1705 5325 ἄπροοπιλαοιος
1718 5247 1781 5307 abac
1792 5256 1846 5315 τοῖς
1857 5267 1934 5323 amp*

357 5333 427 5407 ρισιν
442 5333 528 5406 ὁρατὸς
546 5334 560 5388 ὁ
577 5334 674 5408 πατὴρ,
692 5339 735 5391 sai
755 5336 847 5405 οὕτως,
870 5338 904 5401 ὣς
926 5339 955 5392 ἄν
974 5358 1010 5402 τις
1031 5337 1125 5394 abdam
1174 5334 1404 5399 semiclaudum.

386 5490 396 5530 t
410 5487 484 5531 uarro.
494 5497 525 5531 rr.
536 5507 563 5522 -
572 5486 587 5531 i
597 5488 647 5533 tua.
660 5500 714 5533 ιιιι.
721 5489 770 5533 -3
780 5489 842 5533 Pom.
856 5489 882 5533 tv
891 5490 992 5536 matam.
1006 5454 1105 5536 Palmum
