3952 6170
353 322 403 384 ns
422 321 497 385 nno
518 277 661 398 anona
681 319 1027 398 raornrnrrrrnns,
1049 320 1121 383 rra.
1144 320 1203 397 111,
1226 321 1308 383 cur.
1332 320 1384 382 rx.
1593 274 1665 381 'aaa

72 490 104 553 in
117 489 219 570 primo
231 486 311 553 libro
323 487 361 553 de
371 487 494 553 Suotmo
502 487 573 551 tono
586 489 686 568 capite
695 487 841 564 seetmdo,
892 486 983 551 illurn
994 493 1026 549 et
1035 486 1169 551 alterurn
1182 487 1236 568 quri
1250 492 1296 549 est
1314 486 1348 547 in
1366 486 1465 567 eapite
1485 501 1551 549 nxvr
1564 485 1664 551 decla·

74 588 104 645 st
115 582 223 643 Petrus
239 582 382 645 Damiani
394 582 431 643 in
450 580 599 662 opusculo
613 579 648 645 de
660 579 691 643 F
689 578 734 643 aila
746 576 844 643 cotie
892 585 940 643 rat
953 600 960 640 :
980 601 996 639 e
1010 579 1129 643 caelum
1142 579 1219 641 mihi
1232 578 1382 641 aedesest.
1396 599 1412 636 u
1430 578 1474 639 Ac
1484 578 1595 639 deinde
1608 578 1666 643 ista

74 672 162 737 triu&
192 674 309 737 Auctor
335 691 461 753 quoqm
487 671 640 739 Masone
667 672 722 751 qui
741 671 844 737 eidem
892 671 1037 750 subjicit:
1073 694 1085 730 u
1115 672 1157 737 Ut
1181 689 1255 753 ergo
1283 670 1433 735 indiceret
1469 670 1666 751 omnipotens

75 766 243 844 Augustino
267 764 459 831 tribuitur¹:
493 766 582 843 «Qui
607 770 695 831 tenes
722 764 840 837 omnia,
892 765 975 827 Deus
994 764 1174 829 interiorem
1196 782 1228 839 aa
1253 780 1317 825 esse
1338 768 1369 823 et
1391 763 1582 843 superiorem
1596 782 1663 824 om-

74 857 180 939 irnplas
194 858 311 934 omnia,
326 856 589 941 enaumpleeteris
602 857 720 933 omnia,
732 874 842 936 super«
893 856 995 931 nibus,
1016 856 1131 921 eoelum
1144 857 1210 936 ipse
1224 856 1282 917 sibi
1296 855 1401 919 sedem
1420 873 1484 919 esse
1496 855 1662 936 perhibuit.

75 948 193 1013 maedis
213 949 331 1025 omniu,
367 950 500 1015 sushnes
526 950 642 1025 omnia,
670 954 730 1015 eto.
756 949 792 1011 ln
811 953 843 1015 te
893 951 934 1015 Ut
958 968 1032 1013 vero
1058 968 1090 1013 se
1119 949 1295 1014 ostenderet
1326 948 1432 1015 omnia
1461 949 1662 1026 circumdare,
1751 968 1755 973 ¹

75 1042 334 1121 mmmsqrusbre
347 1043 464 1123 ubique
477 1042 621 1107 ahaumis
634 1046 778 1105 totum.»
892 1041 1005 1107 oretum
1037 1043 1140 1111 metiri
1165 1042 1268 1123 palmo
1296 1046 1327 1103 et
1353 1046 1470 1107 terram
1497 1058 1529 1103 se
1558 1042 1665 1105 asserit

124 1134 257 1213 Cyrillus
278 1135 507 1199 Alexandrinus
531 1135 613 1199 libro
636 1134 738 1215 primo
755 1130 841 1195 Coat-
891 1134 1010 1216 pugillo
1024 1135 1218 1201 concludere.
1235 1135 1302 1214 lpse
1322 1139 1368 1196 est
1385 1133 1524 1209 interior,
1536 1139 1663 1197 etente-

75 1227 282 1289 martorum
296 1226 327 1289 ia
347 1226 490 1291 lenonem
503 1247 515 1289 .·
539 1229 712 1302 «omnem,
727 1224 841 1304 inqut,
892 1228 967 1304 rior,
982 1228 1047 1307 ipse
1066 1227 1194 1288 interior
1208 1231 1239 1287 et
1252 1226 1402 1305 superior,
1422 1225 1559 1304 regendo
1572 1245 1664 1307 supe-

76 1316 174 1385 loeum
195 1323 369 1387 etomnam
395 1324 571 1385 ereaturam
593 1318 699 1383 divina
730 1334 843 1381 manns
892 1320 967 1395 rior,
998 1319 1152 1399 portando
1177 1318 1317 1395 inierim,
1350 1316 1498 1398 replendo
1521 1318 1662 1396 interior,

76 1409 314 1490 impleantur.
333 1432 346 1471 s
362 1410 407 1477 Ac
420 1412 512 1492 paulo
527 1417 614 1492 post:
629 1433 642 1470 a
658 1408 844 1490 Mplareait
892 1412 1112 1475 circumdando
1142 1412 1286 1477 exterior.
1313 1410 1424 1489 Sieque
1452 1415 1498 1473 est
1519 1411 1603 1472 intus
1630 1418 1665 1473 nt

78 1508 253 1579 ereaturam,
282 1509 434 1583 unquam
461 1506 571 1581 Deum,
601 1523 666 1571 non
687 1503 756 1567 loco
782 1501 842 1565 eir·
892 1510 1004 1586 portst,
1018 1506 1061 1567 aia
1074 1504 1451 1583 eiroumdatutpenetret,
1466 1503 1510 1565 sie
1523 1504 1666 1582 praesidet

77 1595 304 1675 couscriptum,
317 1615 382 1663 non
394 1598 566 1677 humulis
573 1597 761 1670 dimensum,
778 1611 843 1654 non
892 1604 929 1661 ut
939 1603 1052 1678 portet,
1066 1597 1109 1658 sie
1122 1601 1226 1678 portet
1240 1595 1459 1676 ntpraesideat.
1476 1616 1492 1655 a
1510 1596 1610 1673 Quem
1622 1597 1666 1659 lo

78 1688 240 1766 comitate
273 1689 544 1769 comprehensum,
584 1707 686 1769 neque
711 1689 750 1749 ab
778 1685 843 1747 ullo
892 1708 964 1753 eum
978 1691 1116 1755 imitatus
1142 1688 1369 1768 agobardusin
1389 1686 1577 1749 sermonede
1601 1687 1666 1755 Tri-

79 1780 193 1859 penitus
211 1780 369 1845 inclusum
381 1779 405 1841 ⁶.
424 1804 436 1839 e
890 1781 1231 1857 aa'tote.·Estenim,ait,
1243 1780 1663 1857 cunctismentibusinlerior,

111 1870 289 1937 dmbmsius
311 1873 346 1935 in
358 1872 438 1935 libro
462 1872 498 1935 de
511 1872 590 1937 Filii
607 1872 774 1955 divinitate,
795 1898 844 1942 aa·
892 1875 1009 1937 cunctis
1022 1874 1203 1954 corporibus
1220 1874 1360 1949 interior,
1376 1873 1444 1953 ipse
1457 1874 1541 1934 intus
1553 1874 1663 1954 replet,

78 1963 135 2042 pite
147 1980 197 2026 vr:
213 1986 225 2023 e
242 1965 302 2039 Qui
311 1965 426 2031 eaelum
436 1983 601 2029 manusua
614 1968 725 2047 operit,
736 1989 843 2051 pugno
892 1968 1026 2030 exterius
1039 1967 1220 2043 circumdat,
1243 1965 1371 2026 inierim
1389 1969 1503 2045 portat,
1524 1967 1665 2045 superius

80 2072 197 2119 mem
210 2056 364 2123 ambitum
377 2058 490 2123 mundi
503 2059 628 2125 claudit.
647 2081 659 2119 s
678 2061 753 2134 Quae
768 2065 842 2129 toti.
891 2060 1034 2140 protegit.
1045 2082 1060 2118 u
1079 2061 1128 2121 Sia
1148 2058 1334 2121 Athanasius
1347 2058 1381 2118 in
1394 2058 1476 2118 libro
1490 2066 1592 2123 caetra
1605 2058 1664 2121 Sa·

79 2146 355 2229 damverbisapud
379 2151 590 2230 capuanum
612 2151 761 2231 leguntur
781 2175 844 2219 ser
893 2151 1030 2215 belliones
1041 2170 1080 2215 er
1091 2151 1212 2217 tantilla
1223 2156 1397 2213 creatarum
1406 2168 1513 2215 rerum
1522 2153 1665 2215 omnium

80 2255 164 2300 mona
191 2257 246 2307 ors
269 2240 305 2302 de
321 2240 473 2323 Tempore,
498 2248 530 2305 et
559 2245 592 2309 in
615 2246 755 2310 oratione
772 2266 841 2313 χιιι
892 2243 1088 2324 malequam
1111 2244 1215 2324 palmo
1245 2243 1409 2324 complecti
1433 2243 1545 2304 dicitur
1572 2245 1664 2320 Deus,

81 2330 219 2410 Gregorio
246 2333 439 2399 Nauianceno
465 2335 624 2416 inscripta.
655 2338 784 2419 Prosper
809 2342 842 2403 in
892 2336 1006 2416 colligit
1021 2337 1376 2398 minimehuneillarum
1391 2336 1518 2399 modulo
1532 2336 1664 2414 definiri,

81 2424 208 2489 currules
220 2422 255 2489 de
267 2423 477 2493 Proumuuio:
892 2447 965 2493 aum
989 2448 1041 2491 eas
1063 2435 1170 2495 mman
1191 2429 1351 2509 impleat&
1375 2429 1413 2491 Et
1426 2428 1561 2491 Hilarius
1578 2431 1666 2495 initio

891 2515 963 2587 libri
974 2522 1068 2602 primi
1075 2529 1145 2585 tum
1157 2522 1238 2585 hano
1249 2521 1349 2601 ipsam
1358 2520 1523 2600 figuratam
1537 2522 1668 2604 duadp

82 2606 135 2669 Sul
158 2625 316 2687 nmquam
339 2628 407 2675 non
435 2628 501 2675 esso
522 2611 577 2675 Dei
604 2618 660 2688 est,
690 2614 746 2693 quii
760 2620 844 2679 totus
892 2614 1022 2691 nonam,
1060 2621 1130 2677 tum
1154 2614 1284 2679 alteram
1304 2613 1413 2675 iisdem
1437 2614 1472 2675 in
1501 2615 1667 2694 seripturis

715 2705 844 2788 [ubique
892 2705 1046 2771 celebrem
1064 2707 1104 2769 ad
1118 2707 1173 2769 Dei
1186 2705 1429 2771 immensitatem
1440 2707 1664 2784 accommodat,

84 2790 115 2851 Β
135 2800 272 2873 penenat
293 2794 405 2856 mundi
425 2794 567 2857 membra
589 2796 696 2857 omnia
716 2798 844 2860 liberet
892 2816 955 2879 qua
980 2797 1083 2863 cuum
1109 2797 1187 2863 eadee
1209 2799 1276 2875 Dei,
1304 2804 1499 2861 temnentem
1511 2797 1665 2861 mumdum

722 2891 841 2967 [ambit.
887 2888 999 2971 mum
1012 2889 1076 2970 g'ae
1089 2890 1212 2953 dicitur.
1231 2890 1338 2953 «Nam
1361 2890 1542 2953 conclusum
1559 2892 1664 2970 palmo

892 2981 1018 3059 eaelum,
1033 2982 1077 3047 ait
1088 3000 1227 3059 rursum
1243 2983 1306 3045 Deo
1318 2981 1450 3046 monus
1459 2987 1515 3058 est,
1537 2987 1568 3044 et
1582 2988 1666 3045 terra

88 3090 99 3125 ι
118 3069 397 3153 hahanmscriptru
409 3089 546 3151 namque
559 3071 697 3151 spiritns,
716 3074 759 3138 ait
773 3077 845 3139 Gre
892 3092 963 3157 quae
985 3074 1102 3155 pugillo
1117 3074 1303 3151 oonnnetur,
1327 3073 1436 3137 eadem
1450 3080 1481 3135 et
1492 3074 1665 3148 scabellum

85 3162 179 3237 gorius
192 3183 279 3244 papa,
304 3164 412 3225 omnia
430 3164 513 3225 intra
524 3164 725 3244 semetipsum
736 3167 841 3245 habet,
892 3167 1009 3251 pedum
1027 3167 1094 3246 ejus
1112 3173 1168 3243 est,
1186 3185 1226 3231 ne
1242 3167 1276 3226 in
1290 3166 1405 3230 throno
1418 3171 1449 3226 et
1469 3165 1601 3227 scabello
1616 3186 1664 3229 se-

85 3270 146 3331 que
171 3261 276 3321 tamen
299 3263 331 3318 et
354 3256 514 3336 implendo
539 3256 723 3335 oneumdat,
738 3261 842 3323 ateir-
893 3259 1032 3323 eundum
1051 3259 1194 3321 habitum
1216 3258 1403 3323 considentis
1428 3259 1586 3339 protensio
1600 3277 1666 3339 spe-

86 3348 245 3415 eumdando
267 3348 388 3430 implet,
403 3354 435 3413 et
447 3349 628 3415 scandendo
642 3352 841 3429 transcendit,
892 3351 949 3415 ciei
962 3369 1118 3431 corporeas
1126 3351 1221 3431 possit
1232 3349 1373 3428 intelligi,
1385 3368 1458 3413 rum
1467 3350 1499 3412 id
1512 3351 1596 3429 quod
1609 3351 1666 3413 sibi

87 3442 359 3505 caunumdenao
373 3441 504 3509 sunau
514 3439 536 3505 ³.
555 3463 568 3498 u
891 3443 1025 3509 wenna
1036 3448 1068 3507 at
1077 3442 1246 3507 scabellum
1253 3448 1308 3509 est.
1325 3442 1525 3523 rursumipsa
1536 3442 1667 3507 illainfi·

119 3531 193 3597 llll.
204 3534 319 3599 ladem
328 3534 441 3597 duna
450 3534 666 3599 immensitatis
674 3537 844 3616 proprietas
892 3536 973 3601 nitas
986 3542 1097 3615 potens
1110 3536 1214 3616 palmo
1228 3553 1264 3596 aa
1277 3535 1396 3615 pugillo
1410 3536 1664 3615 apprehendente

88 3624 235 3706 multiplici
257 3626 459 3693 similitudine
478 3645 540 3705 qua
553 3627 587 3689 in
604 3627 841 3707 sandalittaris,
893 3629 1100 3695 concluderet.
1119 3628 1179 3689 Sed
1193 3634 1228 3689 ut
1248 3629 1283 3688 in
1295 3628 1345 3692 his
1357 3627 1475 3691 conatu
1495 3627 1667 3707 originibus

88 3717 185 3792 amab
198 3720 333 3799 anhqrus
345 3718 485 3785 Patribus
496 3718 678 3785 membrata
689 3719 813 3800 legitur,
827 3741 844 3783 e
893 3726 1105 3782 creaturarum
1120 3723 1200 3781 Deus
1212 3721 1294 3781 intra
1307 3726 1338 3780 et
1348 3726 1434 3781 extra
1452 3726 1483 3779 et
1496 3720 1665 3799 superemi-

88 3808 187 3884 ochus
196 3810 267 3873 trita
289 3815 336 3872 ast
345 3810 399 3873 illa
409 3810 546 3879 maxima
560 3830 622 3891 quc
633 3812 715 3877 Deus
726 3814 844 3893 pugillo
893 3832 971 3877 nens
985 3821 1016 3877 et
1028 3814 1180 3889 internus,
1193 3813 1278 3875 idem
1289 3812 1493 3875 circumimus
1507 3818 1537 3874 et
1547 3813 1667 3877 inhuus

89 3899 131 3961 ⁹⁸¹
146 3902 247 3981 l'fllfflss
266 3903 425 3965 aaronem
450 3903 845 3985 ammanuensium
893 3905 927 3969 in
949 3907 1056 3969 omnia
1078 3910 1268 3981 nosceretur,
1295 3921 1369 3967 cum
1387 3909 1418 3964 et
1436 3904 1540 3985 palmo
1563 3906 1665 3984 pugil-
1791 3942 1795 3950 .

91 3990 206 4059 lasum:
223 3995 328 4071 eous
349 4013 477 4059 mansus
500 4001 546 4059 est
568 3995 687 4075 pugillo
705 4015 801 4076 aqrras
814 4004 845 4061 at
893 3996 985 4076 loque
997 3997 1160 4061 cananeus
1172 4000 1355 4075 potestatem
1369 4000 1490 4062 naturae
1505 3997 1666 4059 exterioris

90 4085 170 4149 relos
180 4087 281 4166 potum
294 4087 495 4168 ponderavit?
507 4088 576 4167 qens
589 4089 737 4168 appendit
746 4090 845 4157 tribus
893 4090 1079 4165 ostenderet,
1095 4107 1131 4151 aa
1143 4089 1275 4149 emenus
1288 4093 1319 4151 et
1331 4087 1501 4153 scabellum
1513 4088 1669 4153 substratu

91 4174 179 4254 rligith
188 4178 303 4245 molem
313 4177 423 4241 terre*
437 4179 453 4241 ‘l
465 4186 523 4241 ete.
538 4201 554 4239 u
571 4180 635 4243 Hae
646 4180 731 4251 enirn
744 4181 846 4261 ligura
895 4199 971 4259 asse,
984 4188 1021 4245 ut
1033 4182 1067 4245 in
1079 4180 1193 4245 throno
1208 4178 1362 4245 exterima
1375 4183 1573 4255 monstraret,
1590 4198 1664 4243 eum

91 4270 241 4335 uerborum
257 4272 454 4339 uomendum
473 4271 558 4351 quod
579 4272 644 4352 ipsa
661 4274 700 4337 eit
718 4274 847 4339 oreum-
895 4274 1047 4337 exteriora
1059 4291 1115 4335 sua
1133 4273 1263 4337 interior
1286 4270 1434 4343 insidens,
1450 4271 1515 4353 ipse
1540 4290 1666 4337 rursum

92 4376 198 4442 tanqum
209 4365 325 4431 omens
338 4363 432 4425 rebus
448 4382 526 4443 quas
539 4365 653 4426 areant
666 4366 811 4445 antenor,
826 4389 842 4425 u
895 4367 1028 4431 exterior
1051 4365 1175 4429 interna
1194 4364 1401 4439 coneluderet,
1417 4368 1509 4445 atque
1528 4364 1572 4430 ita
1583 4370 1667 4429 totus

92 4452 262 4521 minume
274 4455 567 4537 buriamseptem
577 4457 743 4535 Gregorius
753 4477 843 4540 papa.
894 4459 961 4540 ipse
971 4459 1055 4523 intra
1077 4464 1226 4538 aruaque
1239 4476 1271 4519 se
1285 4457 1458 4533 confinens,
1478 4475 1580 4537 neque
1594 4457 1666 4519 infi-

96 4546 157 4609 «ld
177 4567 311 4629 namque
336 4549 420 4628 quod
443 4550 574 4613 interim
598 4552 802 4627 concludar,
828 4572 847 4617 a
895 4552 980 4619 niuis
998 4551 1118 4615 abesset
1139 4570 1159 4612 a
1178 4551 1308 4627 conatu,
1327 4567 1429 4630 neque
1447 4550 1600 4611 oenomai
1613 4551 1667 4630 qui

94 4639 277 4702 concludente
291 4642 425 4703 exterius
436 4643 621 4702 mntinetnr.
639 4667 651 4701 s
669 4644 706 4703 Et
718 4644 846 4703 homilia
895 4643 1037 4704 infinitus
1059 4650 1187 4704 estnon
1211 4643 1389 4703 inessent.»
1413 4642 1621 4703 Tertullianus
1634 4643 1667 4702 in

94 4733 182 4793 trusa
195 4732 375 4795 Ezechielem
389 4733 499 4795 eodem
521 4752 614 4797 sensu
632 4735 728 4797 Esaiae
743 4736 846 4795 locum
896 4735 1030 4797 secundo
1056 4743 1158 4796 eontra
1182 4734 1361 4797 Maroneum
1374 4754 1386 4795 .·
1409 4756 1422 4792 e
1445 4735 1597 4799 Caeterrrm
1613 4734 1667 4813 quui

122 4970 244 5026 actutu.
263 4970 360 5034 Παντὸς
385 4968 433 5042 γὰρ
458 4971 536 5025 τόπου
562 4970 604 5023 aul
630 4972 709 5040 πάσης
721 4972 851 5040 uticenci
936 4972 1073 5028 cAffltn.
1092 4972 1128 5045 ’ῼ
1150 4971 1174 5025 t’
1195 4972 1273 5035 οὕτως
1292 4971 1411 5046 ἐλάχιστα
1426 4973 1516 5042 πάντα,
1529 4971 1591 5040 dieb
1607 4990 1668 5044 apo·

94 5049 325 5126 Maaspstprimsm
334 5054 398 5127 χείρ.
899 5056 986 5128 φητικὴ
1015 5055 1141 5128 nepotuli
1171 5056 1274 5128 μετρίως
1299 5055 1488 5127 reputaturum,
1516 5060 1569 5117 πῶς
1587 5056 1669 5127 turp

123 5134 191 5191 tid.
209 5137 359 5208 mappaliensi
380 5137 425 5204 τὴν
452 5136 546 5200 κτίσιν,
575 5137 610 5199 ὥς
636 5136 701 5200 baba,
728 5137 757 5191 ob
780 5140 850 5211 τόπῳ
900 5142 984 5212 μικρᾷ,
1005 5136 1047 5191 καὶ
1067 5128 1185 5212 neptae„
1206 5139 1283 5193 adasa
1306 5136 1668 5208 συμπαραταῑνεσθιιδόξιιινς

95 5217 253 5292 κερὶγραπτόν,
262 5218 293 5271 ot
299 5220 448 5291 διαστήμασι
463 5220 592 5295 prepucia,
607 5219 761 5289 οὗποσόιητι
774 5239 851 5275 κατα-
898 5220 927 5276 ob
938 5224 1257 5294 συμπαρεκτεινόμενοςτοῑξ
1265 5223 1326 5276 πᾶσι
1332 5219 1668 5292 πεπλήρωκετὰπάνταθιός.

94 5295 185 5366 tractu
198 5301 254 5357 ana
266 5300 316 5357 tad
329 5320 396 5365 τινος
408 5300 625 5376 ἰρπεριεχόμινον.

118 5517 186 5573 saep.
197 5530 223 5566 e:
235 5518 286 5561 vide
297 5525 319 5561 et
331 5529 407 5572 opusc.
419 5517 453 5561 tlt.
466 5530 513 5573 cap.
527 5519 613 5563 rr.-h
624 5520 687 5564 Tam.
699 5519 728 5564 tx
748 5520 805 5573 Aug.
822 5531 871 5575 erp.
884 5522 957 5565 r.-tt
968 5518 1016 5567 Lib.
1036 5518 1082 5567 xlv
1101 5518 1176 5569 dmi.
1192 5532 1241 5577 cup.
1254 5520 1345 5566 xr.—t
1358 5521 1402 5566 be.
1414 5532 1449 5567 ιι.
1462 5520 1497 5566 t‘i.
