4008 6170
374 365 426 426 be
445 364 523 425 DEO
543 364 689 437 DEIQUE
711 362 1051 440 enormitatibus,
1074 365 1146 426 LlB.
1169 366 1193 442 l,
1217 365 1300 428 CAP.
1323 368 1361 427 V.
1630 366 1670 429 93

83 517 198 581 Perinde
223 522 268 577 ast
287 515 372 596 apud
387 533 438 577 me
459 515 574 576 multos
600 514 715 577 habere
733 513 843 595 prinoi-
898 514 973 593 quid
986 514 1033 591 sit,
1045 533 1264 596 nequeoapero
1277 516 1394 593 animo,
1405 533 1505 596 neque
1519 513 1671 593 explicare

586 612 651 690 [pes
665 614 696 671 et
707 607 841 683 nullum,
898 607 1036 669 oratione
1046 608 1207 688 possimus.
1220 610 1265 670 Ac
1273 609 1366 669 nimis
1379 609 1516 690 prolecto
1527 606 1671 668 hebetem

80 705 215 781 Quiintm
229 722 262 764 se
282 703 462 782 confligant.
477 703 526 763 Lis
538 721 631 783 porro
657 707 702 763 est
723 701 841 776 diddo,
898 705 929 760 et
942 699 1088 762 stolidum
1109 706 1198 761 vocat
1212 701 1266 780 qui
1280 720 1345 762 non
1359 720 1396 762 eo
1417 719 1515 780 usqua
1533 716 1672 779 progres

470 798 550 876 [qua
562 799 602 858 ad
614 795 845 858 dissolutionem
898 813 950 855 sus
964 802 1019 872 est,
1037 800 1073 856 at
1087 814 1126 856 ex
1137 796 1174 856 iis
1192 794 1337 856 omnibus
1351 815 1420 875 quae
1433 795 1467 855 in
1480 794 1539 854 hoc
1552 793 1671 854 mundo

82 894 224 971 Properat.
249 890 322 951 ldeo
346 889 455 970 procul
477 889 556 951 mihi
579 890 618 950 sit
644 908 663 950 u
685 888 844 949 divinitate
898 892 1063 949 contuetur
1076 894 1107 949 et
1127 906 1236 949 eorurm
1256 888 1364 948 ordine
1383 907 1418 948 ao
1435 885 1668 967 temperatione,

429 983 603 1063 [multiplex
616 982 804 1063 principatus
819 990 842 1042 ¹.
898 998 1057 1041 summum
1075 999 1139 1041 esse
1155 979 1290 1060 aliquem
1309 981 1500 1042 conditorem
1518 998 1554 1039 ac
1569 977 1673 1040 mode-

897 1080 1033 1136 ratorem
1048 1074 1222 1155 intelligat:
1242 1075 1326 1136 idem
1343 1093 1417 1136 uero
1435 1072 1607 1152 cujusmodi
1620 1072 1669 1148 sit,

80 1171 152 1257 rsa
163 1169 340 1254 μανοαρατίην
358 1168 504 1253 ὶριλαρπέα
515 1168 688 1250 αοδαίνωμιν.
897 1168 1000 1249 priore
1014 1169 1068 1230 illo
1083 1170 1217 1249 cognito,
1234 1169 1376 1230 nondum
1385 1186 1448 1230 esse
1463 1171 1668 1247 compertum.

81 1265 145 1339 aaa
154 1270 219 1327 θοῶν
229 1269 311 1347 ἀγορῇ
321 1261 522 1346 nascaq
534 1264 686 1347 πολυάρχιρ.
898 1264 1119 1325 Verumtamen
1134 1263 1282 1343 qnoniam
1294 1282 1331 1325 ao
1345 1269 1457 1324 natine
1466 1263 1621 1337 ducimur,
1636 1265 1672 1320 at

82 1358 145 1420 Ἰσον
151 1357 202 1441 γὰρ
210 1356 360 1439 πολύαρρον
377 1356 447 1437 ἐμοὶ,
459 1356 505 1416 καὶ
513 1356 626 1437 πάμπαν
639 1356 762 1439 ἄναρχον.
897 1375 1031 1435 quarum
1044 1374 1149 1417 rerum
1162 1357 1227 1416 vim
1241 1362 1272 1416 et
1286 1356 1430 1417 effectum
1439 1354 1604 1429 cernimus,
1621 1371 1672 1414 eas

81 1451 249 1535 Νιρνιὶρτνον,
264 1450 337 1532 δῆρις
347 1446 377 1509 a
388 1447 534 1524 διάστασις,
545 1454 563 1521 ἡ
573 1446 603 1508 δ’
617 1448 661 1510 ἐπὶ
669 1448 743 1510 λύσιν
897 1449 977 1528 ipsas
991 1450 1071 1511 clare
1084 1449 1269 1510 aedistincte
1283 1449 1440 1529 percipere
1450 1454 1481 1510 et
1490 1447 1596 1527 quales
1611 1446 1672 1507 sint

82 1543 189 1605 Σπιύδιι.
198 1548 236 1627 τῷ
244 1541 368 1616 θεότητος
377 1539 437 1609 aas
445 1539 594 1625 πολύαρχον
604 1542 665 1622 ἔρισι
673 1566 714 1623 γε.
898 1560 986 1603 nosse
998 1543 1169 1622 cupiamus,
1186 1540 1285 1602 multo
1294 1542 1326 1600 id
1339 1542 1373 1601 in
1382 1541 1524 1601 omnium
1532 1539 1672 1619 principe

898 1654 990 1695 caasa
1004 1639 1035 1697 et
1055 1640 1198 1716 optamus
1212 1640 1244 1696 et
1259 1653 1409 1696 conamur
1430 1633 1598 1696 ardentius.
1615 1634 1672 1694 lta·

897 1748 958 1809 que
973 1747 1011 1789 ex
1024 1728 1061 1789 iis
1074 1746 1145 1809 quac
1155 1748 1216 1789 usu
1228 1729 1408 1807 quotidiano
1424 1733 1455 1789 et
1473 1726 1613 1790 sensibus
1626 1726 1673 1787 in-

342 1841 522 1924 CAPUT
544 1839 575 1917 V
896 1821 1126 1901 telligentiaque
1161 1821 1310 1902 capimus,
1347 1819 1472 1900 qualem
1507 1837 1672 1901 possumus

896 1916 1119 1976 adumbramns
1132 1915 1188 1976 Dei
1200 1916 1352 1991 notitiam,
1368 1915 1455 1993 curius
1467 1913 1671 1976 informandas

218 2078 224 2090 ,
267 2078 274 2091 .
296 2078 302 2090 ,
378 2079 384 2091 ,
634 2074 640 2086 ,
713 2072 719 2085 ,
897 2014 1031 2087 quatuor
1039 2008 1149 2069 modos
1156 2007 1339 2069 Edmundus
1348 2006 1575 2067 Cantuariensis
1584 2005 1672 2067 effert
1697 1992 1844 2090 ,123me

86 2076 122 2138 θ’
137 2078 300 2185 ΜΨῙΜ
319 2088 435 2185 mlf‘me
452 2074 638 2184 &dmm
660 2073 716 2180 ⁰⁶}
740 2072 778 2134 “b
793 2092 844 2134 (Μ’
897 2102 930 2162 in
958 2102 1082 2183 Speculo
1100 2101 1235 2168 ecclesio.
1259 2118 1393 2181 quorum
1421 2100 1483 2161 duo
1504 2105 1577 2161 sunt
1596 2099 1673 2160 inte
1694 2058 1844 2144 maffia

132 2182 217 2278 ‘'ild‘'
242 2171 389 2255 ‘dmin
418 2170 548 2247 saneta,
569 2178 737 2252 prmum
766 2185 843 2249 ‘dm'
897 2194 1002 2269 riores,
1012 2194 1143 2255 totidem
1152 2194 1328 2255 exteriores.
1340 2193 1453 2254 Prioris
1462 2191 1583 2273 generis
1598 2197 1671 2252 sunt

134 2264 222 2326 ‘'⁰¹'OE
233 2276 266 2328 ‘t
280 2264 524 2373 Wfflfflr‘fftlvar
545 2272 605 2369 nm}
623 2263 790 2343 affirmante
809 2282 844 2367 “f
897 2288 1043 2350 revelatio
1057 2293 1149 2367 atque
1169 2288 1258 2349 ratio.
1276 2285 1431 2348 Revelatio
1449 2292 1518 2347 tum
1533 2285 1578 2361 fit,
1600 2303 1672 2348 cum

132 2368 260 2440 reponte.
278 2358 366 2421 Hunc
387 2358 437 2419 rllr
458 2356 602 2436 anteferre
618 2366 713 2417 tuma
736 2363 843 2417 nostru
898 2380 947 2443 ,01
961 2381 1079 2442 amanis
1097 2379 1302 2456 instincfibm,
1324 2378 1374 2441 ,91
1388 2378 1544 2440 miraculis
1562 2379 1673 2440 domn,

132 2472 214 2558 pum
227 2472 256 2558 οξ’
270 2450 430 2558 demisisti
445 2448 644 2555 Pbil⁰⁸⁰l²ll⁸3
664 2448 768 2556 ''²¹3²‘ss
782 2458 845 2555 '³²⁸0‘
897 2481 950 2536 tur
963 2476 1117 2537 homines.
1140 2475 1268 2537 Ratione
1282 2492 1356 2535 vero
1374 2473 1579 2554 cognoscitur,
1601 2490 1673 2535 cum

134 2554 263 2607 anonam
279 2544 459 2621 ostendetur,
483 2554 512 2607 et
528 2552 676 2626 postertor
694 2561 845 2624 rmprrmrr
898 2569 1088 2649 argumenti,
1108 2568 1148 2628 ad
1169 2567 1201 2629 id
1220 2567 1348 2643 utimur,
1375 2565 1479 2647 quali,
1498 2567 1533 2627 in
1555 2571 1675 2627 mee,

134 2638 318 2701 mmmffll'·
899 2660 1199 2739 dentibuscapitibus
1206 2658 1579 2720 adduximnaAExteriores
1588 2657 1674 2719 modi

43 2830 46 2833 ¹
899 2753 1261 2833 duosnnt,scripturaet
1276 2758 1426 2813 creatura.

10 2826 59 2921 ’,ἔξ
117 2836 138 2896 l.
151 2838 246 2900 baum
258 2843 291 2898 et
305 2856 369 2899 esse
388 2837 524 2918 aliquem
536 2837 721 2898 eteumdem
735 2843 846 2900 natura
940 2847 980 2907 ll.
1001 2847 1100 2925 {glun
1112 2864 1220 2906 omnus
1238 2844 1284 2904 illi
1300 2844 1385 2905 modi
1398 2849 1532 2923 quatuor
1548 2861 1676 2904 eonsen-

10 2932 61 3032 ¹1⁰¹
85 2948 169 2992 anum
183 2952 218 2994 ac
241 2931 432 3012 singularem
450 2950 525 3008 esse,
541 2931 612 2992 satis
631 2930 781 3011 probatur
795 2950 845 2992 ar-
899 2943 1023 2998 taneam
1045 2937 1184 2998 humano
1208 2936 1312 3017 captui
1335 2935 1597 3014 imbecillitatique
1620 2934 1677 2996 Dei

85 3023 169 3086 bitror
178 3025 389 3107 superioribus
401 3025 561 3106 capitibus.
578 3025 644 3085 Hoc
658 3043 731 3086 vero
745 3023 846 3086 solum
900 3030 1110 3110 cognitionem
1131 3030 1267 3110 pariunt,
1282 3027 1343 3088 hoc
1357 3032 1414 3104 est,
1438 3027 1544 3089 crassis
1560 3032 1592 3088 et
1609 3045 1675 3088 cor·

85 3125 134 3193 eut,
148 3120 226 3199 qnod
239 3120 278 3181 de
292 3118 348 3181 illo
363 3119 584 3200 comprehendi
594 3118 711 3198 liquido
725 3137 744 3179 a
757 3118 847 3178 nobis
900 3125 1001 3205 porois
1025 3123 1212 3202 imaginibus
1238 3121 1438 3202 implicatam,
1463 3122 1529 3183 sinc
1562 3119 1675 3200 quibua

84 3217 185 3290 potest,
196 3231 293 3274 anum
308 3232 373 3275 esse
386 3214 497 3275 Deum
514 3211 593 3287 Quid
607 3212 691 3272 enim
706 3212 744 3272 sit
755 3217 846 3273 etou-
900 3217 1158 3298 comprehendis
1177 3215 1267 3278 nobis
1288 3216 1393 3277 divina
1412 3219 1584 3295 supeant.
1602 3215 1675 3277 «Ut

81 3304 205 3381 jusmodi
225 3314 338 3369 natura
355 3306 448 3383 illius,
469 3307 531 3368 sive
549 3306 688 3382 essentia,
709 3307 847 3386 propria·
900 3312 985 3372 enim
993 3328 1098 3386 nemo,
1114 3308 1343 3389 quantumlibet
1354 3309 1514 3384 festinans,
1528 3306 1674 3368 umbram

86 3418 137 3478 que
150 3402 280 3463 conditio
297 3403 346 3476 sit,
363 3401 542 3481 investigari
562 3401 701 3475 omnino,
717 3400 846 3479 explica·
900 3421 989 3463 snam
1003 3402 1200 3482 praetergredi
1215 3405 1377 3481 potestat
1396 3401 1438 3461 ait
1453 3399 1671 3475 Nazianzenus,

85 3494 161 3574 rique
174 3515 236 3557 non
256 3502 368 3577 potest.
390 3495 478 3569 Quod
494 3493 574 3556 illud
592 3494 746 3574 Fulgentii
764 3514 847 3574 spec
899 3497 1094 3558 tantumdem
1120 3496 1204 3556 enim
1228 3494 1396 3569 antecedit,
1422 3499 1574 3573 quantum
1604 3510 1674 3553 eam

85 3592 141 3648 tare
161 3589 281 3649 videtur
301 3607 340 3649 ex
363 3588 442 3648 libro
473 3605 568 3667 quem
594 3594 701 3648 contra
727 3585 847 3664 objecta
900 3590 1076 3670 assequeris,
1094 3606 1194 3668 neque
1209 3588 1316 3649 oculus
1338 3605 1410 3648 cum
1430 3586 1523 3648 rebus
1541 3591 1675 3667 aspecta·

86 3682 258 3744 Asianorum
278 3682 397 3762 scripsit
423 3700 430 3741 :
459 3703 472 3738 ι
495 3682 566 3742 Νοο
593 3687 639 3741 est
666 3680 846 3759 ignorabilis
899 3682 1013 3743 bilibus
1027 3681 1184 3761 conjungi,
1201 3680 1437 3758 sineinterieota
1451 3679 1519 3740 luce
1545 3685 1577 3739 et
1590 3696 1671 3754 aere,

87 3774 166 3853 Deus,
188 3795 259 3838 curn
281 3776 320 3837 sit
341 3774 564 3851 inenarrabilis,
590 3775 644 3835 sed
665 3794 684 3835 a
703 3774 845 3836 fidelibus
899 3795 1001 3856 neque
1016 3782 1205 3856 extraaquas
1216 3773 1354 3835 natatilia
1364 3773 1461 3848 volvi3
1472 3773 1516 3833 ita
1529 3772 1596 3834 fieri
1609 3792 1674 3833 non

86 3871 287 3948 cognoscitur,
312 3875 348 3931 ut
371 3874 515 3942 ametur,
540 3868 680 3948 quamvis
703 3885 760 3928 neo
788 3868 846 3928 hu·
899 3876 1010 3949 potest,
1034 3874 1069 3929 ut
1089 3868 1143 3947 qui
1161 3867 1342 3947 corporibus
1369 3864 1480 3926 inclusi
1502 3870 1585 3941 sant,
1608 3865 1674 3927 sine

86 3964 175 4024 manis
200 3963 324 4044 linguis,
354 3982 412 4024 nec
444 3962 589 4042 angelicis
619 3967 790 4023 enarratam.
827 3984 842 4020 ιν
900 3978 1118 4042 corporearum
1131 3978 1237 4022 reram
1251 3958 1440 4020 adminiculo
1450 3976 1522 4020 cum
1535 3956 1674 4018 iisrebus

86 4054 117 4114 Et
129 4056 350 4117 Noratianusin
361 4055 492 4135 septimo
506 4054 604 4134 capite
619 4052 654 4115 de
674 4053 844 4117 trinitate:
899 4062 1060 4119 uersentur
1068 4073 1138 4134 quae
1151 4055 1256 4115 animo
1271 4059 1302 4114 et
1315 4053 1434 4114 ratione
1443 4049 1672 4131 intelliguntur.

89 4148 150 4208 «ld
167 4149 248 4208 enim
263 4148 347 4227 qnod
366 4152 422 4223 ast,
438 4146 610 4208 secundum
630 4146 661 4205 id
687 4146 772 4225 quod
786 4152 842 4223 est,
900 4150 1027 4229 Semper
1060 4147 1145 4209 enim
1174 4151 1316 4206 nostrum
1345 4143 1461 4223 aliquid
1487 4144 1671 4220 intervenit,

86 4258 134 4301 nee
159 4241 294 4303 humano
316 4260 459 4303 sermone
484 4241 581 4316 edici,
610 4259 668 4302 noc
698 4240 844 4302 humanis
898 4242 1096 4324 quantumvis
1108 4247 1212 4301 nostra
1226 4238 1361 4301 mensab
1375 4237 1512 4299 iisrebus
1524 4237 1676 4300 abstracta

86 4336 200 4398 auribirs
215 4336 341 4418 percipi,
359 4354 417 4397 neo
446 4335 591 4396 hamanis
615 4334 755 4396 sensibus
784 4334 845 4395 col·
898 4356 968 4417 quae
982 4336 1039 4397 sub
1057 4340 1215 4415 aspectum
1233 4333 1348 4395 cadunt
1365 4338 1395 4393 et
1413 4332 1448 4393 in
1465 4332 1597 4413 seipsam
1614 4332 1675 4394 col·

86 4425 252 4509 ligipotost.
269 4452 284 4485 ν
302 4430 403 4508 Atque
429 4427 489 4488 hoo
515 4427 600 4489 idem
622 4426 743 4507 copiose
772 4428 844 4489 (ire
898 4430 986 4507 lecta,
1003 4447 1075 4491 oum
1092 4428 1184 4489 rebus
1195 4427 1332 4508 cognatis
1342 4432 1373 4487 et
1393 4424 1555 4488 oculorum
1576 4426 1674 4488 aciem

86 4522 180 4597 gorius
191 4522 395 4583 Nazianzenus
413 4519 555 4599 exposuit
573 4519 608 4580 in
622 4525 731 4599 quarta
745 4525 776 4581 et
792 4521 844 4581 tri-
897 4522 1086 4603 lugientibus
1101 4522 1322 4583 commercium
1336 4519 1450 4581 babere
1465 4525 1593 4581 conetur
1605 4519 1630 4580 ⁰.
1656 4543 1672 4576 ν

86 4614 188 4674 oedma
209 4616 356 4689 oratione,
380 4631 448 4674 rem
475 4631 541 4674 esse
561 4619 669 4674 notam
699 4612 844 4674 omnibus
938 4616 994 4677 Cui
1008 4619 1251 4676 consentaneum
1270 4612 1346 4675 illud
1367 4619 1413 4673 est
1426 4612 1552 4691 cyrilli:
1572 4635 1588 4668 ι
1600 4613 1675 4674 Nos

86 4705 308 4785 audentemque
332 4722 470 4767 asserens
490 4705 590 4766 Deum
616 4722 691 4782 essa,
722 4705 845 4766 mmetsi
898 4718 957 4788 tro,
986 4710 1097 4791 inquit,
1121 4709 1246 4789 proprio
1266 4707 1360 4770 modo
1373 4706 1575 4787 intelligimus
1586 4709 1617 4768 et
1632 4706 1676 4767 lo-

116 4922 133 4962 o
148 4913 211 4966 Nar.
224 4918 294 4966 orat.
309 4926 395 4967 miv.
410 4908 506 4982 Ὠσπερ
523 4908 638 4964 ἂδονατσν
658 4910 787 4983 turpeque
801 4910 846 4979 τὴν
900 4917 924 4973 ιο
933 4920 1039 4990 separa,
1053 4918 1113 4991 tipo
1125 4922 1175 4972 τῶν
1189 4921 1334 4989 σωματικῶν
1349 4916 1425 4985 πάντη
1440 4917 1548 4988 wgo„
1559 4912 1676 4986 pum,

87 4988 165 5046 Μ
182 4994 310 5067 '‘liliam'‘
332 5000 369 5067 τῷ
385 4994 441 5050 Mill
462 4993 612 5067 ἶπῑῑγῠιώῳ
632 4996 722 5066 (Ψθᾶνιι
739 4995 786 5068 γὰρ
808 4994 847 5048 &tl
900 5002 1052 5074 νοουμένων·
1075 5000 1112 5055 aa
1134 5002 1181 5073 γάρ
1205 5000 1231 5053 tl
1258 5004 1447 5073 παρεμπεσεῖται
1470 5005 1519 5053 τῶν
1540 4997 1676 5070 ipseipse,

87 5079 201 5147 mma
216 5079 848 5153 Wfflfflmllbwbsspflwitssblffm
901 5088 996 5140 κᾶνὸτι
1008 5084 1114 5157 pulian
1126 5084 1235 5157 χωρίσας
1256 5084 1339 5139 inorbo
1360 5090 1409 5140 τῶν
1429 5084 1559 5157 ὁρωμένων
1584 5082 1676 5153 broie,

88 5157 185 5231 ‘’W‘’
194 5162 251 5235 ⁶‘lli‘
262 5161 337 5219 τοῦθ
346 5163 414 5235 ΡΜ.)
426 5163 564 5234 φωτδςιῑαῖ
573 5162 652 5236 stipat·
669 5164 739 5232 ἡτῶν
754 5161 848 5216 ὖδάτιον
902 5171 942 5224 καὶ
956 5171 1008 5223 καθ’
1022 5168 1105 5223 lortbu
1118 5169 1247 5241 γενόμενος
1259 5169 1419 5242 προσθάλλειν
1431 5166 1541 5241 Ιπιχιιρῇ
1553 5169 1607 5231 τοῖς
1618 5187 1680 5239 σογ-

89 5242 131 5307 ἤῠ
140 5247 182 5315 τὴν
193 5251 278 5320 ναστὴν
290 5250 361 5321 φύσιν
377 5250 555 5304 διολισθαῑνιιν·
569 5250 645 5313 οὕτως
657 5250 783 5324 ἀμήχανον
799 5255 851 5312 τοῖς
903 5255 981 5327 Τισίαν
995 5254 1035 5308 καὶ
1047 5254 1168 5326 ἀοράτως,

108 5470 117 5514 l
130 5468 274 5521 Naxum.
286 5471 310 5523 a,
319 5473 400 5518 Ama.

203 5576 264 5628 Tou.
286 5577 308 5626 l.
