4096 6190
328 414 388 473 sol
836 421 1160 486 ruuoLuoiuouun
1180 423 1397 487 DOGMATUM

330 579 466 659 quidem,
482 586 513 641 et
534 581 737 646 srusantiam
750 587 849 667 ipsam
863 606 968 649 rerum
982 589 1098 667 signid-
1147 590 1454 669 exprimeretueque
1467 591 1501 651 in
1524 594 1629 650 nostra
1650 592 1801 668 potestate
1823 586 1916 646 dmm

330 689 399 732 aare
414 672 551 749 uomina,
568 676 639 736 satis
653 694 761 738 eorum
783 680 948 757 institutio,
964 687 995 741 et
1009 682 1097 760 origo
1148 688 1204 758 est,
1214 681 1289 743 illud
1300 681 1515 743 immutaret»
1529 680 1593 742 Nisi
1601 680 1697 754 euim,
1708 677 1796 739 verbi
1804 679 1915 757 gratia

330 764 530 828 demonstrat.
556 768 634 829 Nam
652 788 691 830 ex
709 771 873 833 homiuum
890 792 1041 834 consensu
1068 780 1100 834 et
1148 775 1281 834 Socratis
1294 774 1411 854 effigies
1430 774 1511 855 pieta
1538 778 1631 853 caput
1648 770 1764 832 habeat
1783 770 1915 846 ealrum,

331 856 490 918 voluntate
503 858 648 939 imposita
661 868 734 923 sunt
747 865 786 924 ad
799 882 848 925 res
857 865 937 945 ipsas
948 867 1098 946 quodam·
1148 866 1242 926 simas
1249 885 1349 941 nares,
1360 872 1391 927 et
1397 866 1608 946 prominentes
1614 864 1807 943 oculosque
1813 864 1918 922 omnia

331 948 423 1007 modo
437 954 710 1030 repraesentandus,
725 954 758 1016 id
772 961 818 1016 est
830 957 1029 1018 exhibendas.
1042 959 1099 1032 Qui
1148 963 1237 1018 eraut
1259 959 1293 1018 in
1312 959 1447 1033 Socrate
1462 957 1556 1036 hujus
1578 956 1747 1017 similitudo
1760 972 1825 1015 non
1844 973 1917 1014 ron·

331 1039 415 1100 enim
438 1058 506 1102 rem
524 1044 657 1123 appellat
679 1045 825 1126 aliquam,
849 1050 966 1111 isram
988 1051 1097 1129 ipsam,
1148 1049 1250 1110 stabit.
1280 1071 1296 1106 ιι
1304 1050 1345 1109 At
1357 1068 1431 1109 vero
1449 1054 1534 1125 nota,
1558 1049 1608 1110 vel
1628 1048 1753 1125 siguum
1777 1045 1918 1125 (utruque

331 1131 457 1211 ejusque
480 1134 682 1198 substantiam
702 1141 843 1218 amatia,
868 1148 899 1202 et
913 1148 1023 1202 natura
1044 1161 1101 1203 sua
1150 1142 1233 1202 enim
1247 1141 1396 1203 uocabulo
1410 1159 1478 1202 rem
1491 1140 1634 1201 eamdem
1647 1138 1800 1217 signifieat
1817 1137 1918 1217 philo-

332 1231 523 1287 eonstautem
546 1228 706 1309 designare
727 1232 811 1309 vult,
836 1240 867 1294 ei
886 1235 977 1311 hane,
998 1236 1100 1314 quoad
1149 1234 1275 1314 sophus)
1291 1234 1441 1314 quidquid
1464 1234 1498 1294 iu
1518 1251 1550 1293 se
1568 1232 1672 1305 habet,
1695 1237 1799 1290 totum
1810 1230 1871 1290 hoo
1885 1231 1919 1289 in

332 1322 432 1397 potest
457 1319 604 1400 licetque,
629 1325 717 1403 pouit
736 1325 769 1386 in
792 1327 906 1403 medio,
931 1347 1055 1407 quoquo
1068 1328 1101 1388 id
1149 1327 1308 1387 vuluntate
1328 1331 1434 1386 nostra
1454 1331 1500 1385 est
1517 1326 1622 1401 sitnm,
1638 1328 1745 1404 utpote
1759 1323 1844 1402 quod
1858 1322 1920 1382 sola

332 1409 458 1470 tandem
482 1413 575 1474 modo
602 1414 692 1490 faeit;
716 1417 776 1478 hoo
800 1424 845 1479 est
872 1421 934 1479 sive
960 1421 1098 1496 roribus,
1150 1424 1255 1479 nostra
1277 1437 1316 1480 ex
1338 1418 1521 1497 cogitatione
1548 1417 1723 1477 consistit.»
1748 1414 1801 1475 Uti
1822 1413 1922 1493 praelii

333 1520 502 1583 earumque
526 1507 608 1567 sonis
630 1508 728 1569 utitur
740 1528 846 1571 renim
859 1512 1053 1574 allectionem
1065 1533 1101 1575 ao
1149 1511 1337 1590 signumdat
1351 1509 1436 1586 tuba,
1451 1509 1511 1586 rel,
1527 1514 1564 1569 ut
1577 1508 1663 1584 olim,
1681 1506 1757 1568 faris
1777 1507 1920 1585 inJ'ertio;

334 1594 542 1657 conditionem
564 1599 767 1677 imitantibus,
792 1608 827 1663 nt
844 1623 951 1684 aspera
975 1605 1098 1683 scabris,
1150 1603 1188 1664 de
1201 1621 1263 1683 qua
1275 1609 1381 1683 poeta,
1468 1615 1471 1621 ’

335 1689 366 1744 et
383 1687 508 1764 asperis,
534 1690 615 1751 lenia
635 1694 781 1754 suavibus
803 1702 834 1755 et
856 1697 930 1757 mite
953 1698 1101 1776 quiddam

334 1778 517 1839 sonantibus
548 1782 705 1861 subjiciat3
735 1787 799 1847 sivo
827 1788 887 1848 hoe
912 1790 1099 1868 simpliciter,
1155 1787 1335 1867 «Ptinreps
1353 1787 1516 1849 ardenam
1536 1785 1666 1864 roujeeit
1683 1783 1829 1864 lampada
1841 1785 1922 1844 'l'nr-

334 1889 392 1931 nee
412 1872 550 1933 affectato
580 1878 720 1955 strepitu,
745 1884 800 1938 aut
821 1880 1022 1942 similitudine
1045 1882 1103 1943 ista
1235 1904 1242 1917 ·
1798 1879 1880 1954 [uns.
1903 1890 1919 1933 ά

335 1965 481 2042 eonsequi
490 1967 601 2027 studet.
610 1969 749 2043 Quorum
760 1972 846 2050 prius
855 1974 931 2034 adeo
943 1974 1103 2036 Platonem

335 2055 506 2117 deleotatiu
525 2056 656 2140 Cratylo,
672 2062 782 2142 dequo
793 2064 884 2144 paulo
894 2072 965 2126 ante
979 2068 1100 2143 monui,
1153 2064 1284 2124 Possunt
1304 2070 1410 2124 tamen
1435 2062 1580 2123 homines
1599 2061 1661 2121 alia
1682 2078 1741 2142 pro
1762 2059 1812 2120 his
1834 2062 1923 2139 signa
2043 2104 2044 2111 ι

335 2153 372 2208 ut
385 2167 449 2210 non
462 2150 562 2211 selum
575 2153 704 2215 uomina
726 2156 856 2236 integra,
880 2160 933 2220 sed
947 2162 1040 2220 etiam
1053 2162 1101 2221 lit-
1152 2156 1348 2230 constituere,
1364 2154 1629 2234 quemadmodum
1646 2159 1677 2213 et
1698 2153 1758 2213 hoo
1770 2154 1923 2232 posterius

335 2245 417 2302 teras
425 2242 516 2321 ipsas,
528 2244 639 2323 quibus
648 2265 684 2306 ea
698 2256 848 2325 constant,
857 2251 897 2311 ad
905 2252 991 2313 illam
999 2254 1102 2333 exigat
1152 2249 1351 2308 immutatum
1364 2253 1420 2309 esi·

336 2334 540 2413 exprimendi,
556 2343 586 2398 et
598 2339 739 2400 imitandi
751 2341 952 2421 diligentiam.
964 2346 1103 2418 Qiranam
1194 2340 1290 2418 Igitur
1302 2358 1393 2401 rores
1406 2358 1471 2400 nou
1483 2338 1600 2400 habent
1610 2338 1686 2417 ipsae
1700 2336 1827 2416 quidem
1839 2337 1923 2397 simi·

336 2442 428 2504 porro
456 2427 574 2488 ratione
601 2448 707 2491 rerum
728 2435 934 2496 substantiam
955 2438 1104 2500 vocabula
1152 2432 1317 2494 liludinem
1343 2450 1468 2505 rerum,
1499 2449 1557 2492 1¹⁰⁰
1583 2447 1692 2491 fflfflm
1715 2435 1872 2496 flaturam·
1892 2436 1923 2489 Εἴ

336 2517 520 2595 significent,
547 2522 635 2597 seire,
660 2542 695 2585 ao
717 2531 825 2586 notare
843 2528 970 2590 interest
993 2547 1031 2590 ex
1053 2531 1100 2606 iis,
1153 2526 1318 2586 essentiam
1327 2525 1477 2599 referunt,
1491 2523 1538 2583 uti
1551 2521 1704 2595 notiones,
1716 2538 1785 2600 quae
1798 2520 1922 2580 illarum

337 2627 406 2688 quae
440 2611 529 2671 initio
562 2613 632 2674 libri
663 2615 699 2676 de
732 2616 977 2699 interpretatione
1010 2623 1103 2683 tradit
1152 2618 1303 2695 imagines
1321 2618 1477 2678 dicuntur.
1494 2615 1554 2676 Sed
1573 2619 1646 2673 sunt
1659 2613 1824 2673 notionum
1838 2612 1922 2673 relut

336 2701 525 2780 Aristoteles,
541 2704 686 2783 adjuncto
700 2715 731 2769 et
743 2710 836 2789 hujus
850 2714 1102 2790 prestantissima
1153 2716 1285 2783 tessere,
1301 2730 1337 2770 ae
1348 2727 1455 2769 rorum
1466 2707 1558 2782 ade03
1570 2722 1703 2786 quarum
1717 2710 1845 2765 naturas
1858 2723 1920 2765 uon

336 2794 503 2873 interprete
521 2796 698 2860 Ammonio.
721 2802 773 2862 Est
790 2804 874 2863 enim
888 2823 953 2865 non
972 2806 1101 2885 inutilis,
1153 2806 1385 2882 repraesentant,
1406 2800 1459 2860 sed
1478 2797 1665 2877 signilioaut,
1688 2815 1809 2876 proquo
1827 2798 1865 2857 iis
1887 2799 1921 2859 in

336 2886 400 2946 imo
427 2905 500 2948 vero
525 2889 565 2949 ad
584 2890 771 2971 theologicas
795 2902 892 2957 oenus
920 2899 1103 2977 questiones
1153 2912 1246 2956 usum
1259 2894 1424 2955 hommum
1437 2890 1561 2952 redunt.
1577 2890 1667 2966 Nam,
1685 2890 1762 2950 dum
1775 2907 1877 2965 rores,
1891 2896 1922 2949 et

336 2980 506 3040 neeessaria
518 2981 576 3041 ista
589 2985 818 3065 contemplatio.
1153 2988 1283 3049 nomina
1292 3006 1348 3067 pro
1362 2984 1466 3061 rebus,
1477 2990 1508 3044 et
1517 3000 1625 3043 earum
1638 2981 1828 3059 imaginibus
1836 3001 1922 3043 usur

376 3071 414 3130 V.
436 3072 606 3134 Aristotelis
626 3076 719 3137 verba
742 3085 842 3138 sunt:
867 3080 969 3153 «011oe
983 3084 1103 3144 suntin
1153 3098 1278 3162 paruus,
1303 3080 1361 3139 hoe
1393 3082 1440 3138 est
1470 3094 1527 3157 pro
1554 3075 1658 3148 rebus,
1691 3079 1847 3152 qautenus
1873 3095 1922 3137 eas
2044 3118 2045 3133 ι

336 3179 422 3239 vooe,
431 3170 503 3224 suut
516 3171 608 3241 nota,
620 3186 655 3227 ue
665 3169 750 3229 velut
758 3176 879 3232 tessera
888 3171 1102 3251 affeetionnm3
1153 3179 1257 3233 mente
1271 3171 1419 3250 eupimru,
1436 3174 1467 3229 et
1479 3166 1699 3246 intelligim11s3
1713 3164 1784 3241 110⁰,
1800 3168 1920 3247 ⁰Pi¹1⁰rs

337 3259 450 3333 atquae
464 3257 650 3336 anihuntur,
666 3279 786 3338 eornm,
803 3281 872 3342 qnae
887 3271 959 3324 sum
972 3266 1102 3328 invooe.
1153 3265 1309 3338 vehimus,
1324 3281 1374 3323 res
1393 3262 1485 3340 ipsas,
1507 3259 1592 3320 utin
1611 3276 1642 3318 se
1660 3262 1743 3334 sunt,
1760 3263 1792 3318 et
1815 3278 1922 3320 earum

336 3345 451 3425 Atque,
490 3354 525 3409 ut
553 3350 663 3412 litterae
692 3372 757 3414 uon
786 3360 859 3415 sunt
884 3358 968 3436 apud
997 3377 1105 3421 omues
1153 3362 1280 3419 naturas
1290 3361 1360 3416 tum
1377 3351 1481 3432 eloqui
1492 3351 1561 3431 ipsi,
1576 3356 1645 3410 tum
1667 3348 1922 3430 aliisintelligen-

337 3438 470 3515 eaedem3
495 3442 539 3501 ita
559 3461 618 3504 neo
638 3462 728 3505 voees
751 3454 824 3506 sunt
841 3448 968 3509 eaedem.
986 3450 1046 3511 Sed
1059 3452 1104 3511 af·
1153 3449 1209 3509 das
1219 3447 1340 3509 afferre.
1351 3446 1451 3524 Atque
1461 3444 1521 3504 hoo
1534 3461 1627 3503 sensu
1635 3441 1764 3502 nomina
1777 3443 1924 3505 dicuntur

336 3529 484 3592 lectiones
506 3534 614 3610 animi,
635 3555 768 3615 quarum
789 3539 855 3601 haee
873 3541 1011 3621 primurn
1033 3550 1106 3603 sunt
1154 3546 1281 3601 natiuas
1290 3536 1462 3617 siguificare
1475 3552 1599 3610 rernm;
1615 3534 1923 3611 sedeateuus,uteas

336 3622 434 3701 signa,
461 3626 578 3686 eaedem
596 3634 669 3687 sunt
686 3630 770 3709 apud
786 3649 909 3709 omnes3
928 3640 959 3694 et
972 3652 1106 3713 quarum
1154 3631 1353 3711 intelligendo
1368 3628 1517 3709 capimus,
1533 3627 1617 3706 quod
1630 3625 1762 3705 periente
1776 3645 1843 3687 non
1855 3627 1923 3689 feni

336 3714 512 3778 affectiones
538 3718 603 3780 istae
636 3721 799 3783 annulaora
826 3730 909 3801 sunt,
937 3744 987 3786 res
1012 3727 1105 3788 etiam
1143 3741 1235 3785 mus.
1247 3724 1318 3784 ldeo
1331 3719 1490 3781 vocabulis
1502 3719 1588 3798 ipsis,
1603 3735 1774 3795 eorumque
1788 3719 1921 3779 notioni·

337 3812 409 3867 sunt
436 3809 619 3872 eadem»
654 3813 711 3874 llio
744 3814 919 3877 Aristoteles
942 3817 1106 3896 affectiones
1154 3815 1213 3876 bus
1225 3816 1306 3875 inest
1323 3831 1444 3893 semper
1458 3810 1575 3890 aliquid
1587 3809 1691 3870 minus
1704 3810 1877 3889 proprium,
1892 3819 1922 3872 et

337 3899 443 3968 animi,
456 3919 525 3981 quae
539 3908 760 3985 suntaatqpaza,
773 3908 903 3969 notiones
916 3909 1058 3988 appellat,
1074 3910 1106 3970 id
1154 3926 1192 3968 eo
1214 3906 1422 3981 tolerandum,
1445 3904 1529 3983 quod
1547 3902 1636 3962 aliter
1648 3901 1804 3981 appellare
1816 3903 1923 3982 nequi

337 3997 383 4052 est
395 4001 520 4073 νοήματα,
545 4001 581 4056 ut
599 3996 819 4077 interpretatur
836 3999 1036 4077 Ammonius3
1052 4003 1106 4081 qui
1155 4018 1226 4061 mus
1238 3999 1358 4079 ignotas
1375 4015 1432 4077 per
1449 4013 1514 4056 sese
1536 4012 1596 4069 res,
1612 3997 1643 4054 θῑ
1665 4011 1704 4053 ex
1722 3992 1838 4054 effi-'0²5³
1859 4001 1924 4055 ml·

337 4089 369 4144 et
385 4085 467 4146 istud
487 4087 623 4162 adnotat,
644 4090 841 4153 Aristotelem
865 4093 1033 4154 «notiones
1054 4112 1105 4154 νο
1154 4091 1316 4153 tnmmodo
1335 4088 1483 4168 cognitas,
1502 4088 1567 4147 imo
1589 4086 1662 4163 levi,
1685 4091 1717 4146 et
1735 4103 1773 4145 ea
1797 4087 1923 4165 quidem

337 4194 406 4237 aare
426 4177 643 4242 similitudines
659 4200 786 4259 rerum;
811 4189 844 4245 at
866 4202 955 4246 voees
974 4204 1038 4245 nou
1059 4187 1107 4248 iti-
1154 4185 1255 4246 aliena
1268 4182 1378 4244 notitia
1390 4179 1576 4261 perstrictas.

337 4268 410 4328 dem
440 4272 602 4334 nominare
621 4273 837 4337 similitudines
852 4276 1028 4353 notionum,
1053 4279 1106 4339 sed
1195 4277 1246 4337 VI.
1269 4273 1390 4336 Etenim
1404 4271 1580 4345 «hemma,
1598 4275 1634 4329 ut
1648 4274 1732 4329 Ρθθῒθ
1745 4269 1852 4330 mihil
1869 4269 1922 4331 Al·

338 4365 438 4437 notas,
459 4381 495 4423 ao
518 4365 604 4426 velut
624 4372 770 4443 tesseras;
792 4369 1055 4447 quemadmodum
1075 4375 1107 4431 et
1155 4367 1274 4444 elneus,
1295 4371 1446 4445 tanquam
1473 4361 1688 4423 affeofiouibns
1714 4360 1830 4441 oppleti
1856 4380 1925 4422 sen·

337 4470 461 4529 rueram,
478 4454 605 4518 litteras.
631 4459 725 4519 Porro
739 4459 961 4521 differtanota
979 4461 1104 4522 simula-
1155 4477 1258 4534 suum,
1287 4458 1330 4518 ita
1351 4462 1404 4532 ut,
1432 4472 1504 4516 oum
1538 4452 1732 4532 intelligibile
1765 4453 1923 4532 quippiam

338 4561 437 4622 orum,
447 4548 530 4625 quod
549 4550 749 4613 simulacrum
766 4558 910 4615 naturam
932 4553 1030 4633 ipsam
1048 4555 1105 4629 rei,
1155 4556 1259 4613 mente
1272 4549 1430 4631 percipere
1444 4547 1578 4620 student,
1592 4562 1714 4625 semper
1725 4544 1841 4624 aliquid
1852 4562 1923 4604 sen·

339 4639 442 4715 quoad
455 4645 564 4719 potest,
580 4648 730 4724 tanquam
748 4644 848 4725 effigie
861 4645 997 4725 qaudam
1006 4646 1108 4708 studet
1155 4643 1243 4705 sibile
1256 4643 1290 4703 in
1301 4639 1463 4725 phantasia
1474 4657 1531 4700 sua
1542 4636 1710 4701 admistum
1723 4636 1872 4712 habeaut3
1887 4653 1924 4696 ar

375 4998 397 5038 ο
415 4983 506 5038 larsr.
523 4997 583 5054 oap.
599 4980 958 5055 1.de1aeerpr.”ssmpa
976 4977 1019 5035 olo
1033 4981 1065 5036 τά
1081 4980 1106 5036 ἐν
1155 4981 1304 5054 ὁμοιώματα
1317 4984 1367 5034 τῶν
1380 4978 1522 5050 νοημάτων,
1540 4974 1605 5028 ἀλλὰ
1616 4974 1744 5047 σὺμὸολιι,
1762 4976 1803 5027 καὶ
1821 4978 1922 5046 σημεῖα

339 5072 452 5139 τῇφωνῇ
475 5071 524 5119 τῶν
540 5064 564 5119 ἓν
587 5070 618 5138 τῇ
636 5066 701 5138 ψυχῇ
715 5066 864 5138 παθημάτων
879 5065 1006 5137 σάμάολα,
1021 5064 1107 5118 καὶτὰ
1155 5065 1196 5118 καὶ
1210 5065 1241 5119 τά
1255 5065 1397 5137 γράμματα,
1420 5066 1469 5115 τῶν
1491 5064 1580 5131 μονῶν
1595 5059 1721 5123 ὡσαύτως.
1733 5057 1878 5131 &wiperti
1894 5059 1925 5112 rt

339 5150 482 5222 γραφόμενα
493 5155 543 5203 τῶν
557 5147 580 5201 ἔν
596 5152 627 5220 τῇ
640 5152 717 5221 φωνῇ·
742 5149 783 5201 καὶ
802 5149 885 5220 ὥσπερ
904 5147 960 5201 etat
974 5147 1107 5220 γράμματα
1156 5148 1274 5221 ὁμοίωμα
1290 5146 1424 5218 sarpidius,
1442 5144 1547 5197 καθόσον
1562 5140 1648 5213 τὸμὲν
1667 5141 1783 5213 ὁμοίωμα
1796 5140 1840 5208 τὴν
1854 5142 1924 5215 φάσιν

341 5233 401 5286 πᾶσι
414 5233 446 5284 τά
459 5232 538 5300 αὐτὰ,
560 5232 638 5293 οὕτως
656 5230 712 5285 otti
732 5233 811 5302 φωναὶ
825 5232 849 5284 αἱ
864 5230 945 5283 αὗταί.
962 5225 997 5282 ὧν
1011 5229 1107 5301 pirron
1156 5228 1232 5298 αὐτὴν
1246 5232 1290 5282 τοῦ
1310 5229 1452 5300 πράγματος
1474 5225 1537 5278 κατά
1559 5224 1589 5277 το
1612 5224 1714 5277 δυνατὸν
1733 5223 1925 5288 &euastanda

341 5318 420 5368 ταῦτα
430 5318 519 5385 σημεῖα
531 5317 644 5386 πρώτως,
657 5313 688 5367 τά
698 5312 825 5367 uranum
835 5315 967 5385 παθήματα
979 5312 1107 5385 τῆςψνχῆς
1157 5314 1280 5383 βούλεται,
1295 5310 1335 5364 καὶ
1349 5309 1393 5363 οὒκ
1406 5308 1471 5363 ἔστιν
1489 5306 1527 5378 ἐφ’
1539 5306 1597 5378 ἡμῖν
1617 5306 1676 5359 otro
1688 5309 1855 5377 μεταπλάσαι,
1870 5316 1924 5364 ele.

341 5399 382 5451 καὶ
396 5393 431 5451 ὧν
446 5403 524 5451 ταῦτα
537 5397 694 5469 ὁμοιώματα,
710 5398 844 5469 πράγματα
857 5397 904 5464 ἤδη
920 5395 951 5449 τά
964 5393 1036 5448 atta
1157 5395 1187 5449 τὸ
1203 5395 1230 5448 δά
1250 5413 1277 5466 γε
1303 5392 1439 5464 σάμὸολον,
1466 5392 1523 5459 ἦτοι
1550 5391 1661 5461 aquiiae·
1683 5388 1811 5461 ἀμφότερα
1832 5390 1880 5462 γάρ
1909 5390 1925 5442 ά

378 5480 395 5536 ά)
414 5480 522 5536 lernou.
542 5479 641 5534 'latirus
655 5474 698 5532 οὗν
722 5479 754 5534 τά
776 5479 819 5551 μὲν
833 5480 947 5551 νοήματα
961 5478 1108 5549 ὁμοιώματα
1157 5478 1290 5550 φιλόσοφος
1304 5473 1364 5528 αὐτο
1379 5473 1504 5546 ὀνομάζει·
1520 5471 1550 5525 το
1564 5471 1623 5524 ὅλον
1637 5469 1674 5542 ἐφ’
1686 5470 1746 5542 ἡμῖν
1757 5470 1820 5544 ἔχει,
1836 5472 1926 5527 dunel

341 5565 416 5618 καλεῖ
424 5571 474 5619 τῶν
488 5563 650 5635 πραγμάτων,
662 5562 705 5625 τάς
718 5562 744 5615 δέ
755 5581 783 5634 γε
795 5564 885 5633 μάννας,
896 5556 940 5614 οὖν
950 5559 1107 5622 άξιοῖιιαλτῖν
1159 5558 1185 5614 ἔα
1200 5562 1276 5632 μόνης
1286 5558 1448 5630 δοιοτάμενον
1462 5559 1506 5624 τῆς
1517 5553 1638 5627 ἡμετέρας
1653 5552 1768 5617 ἐπινοίας.
