4096 6190
367 300 510 389 ou'ono
532 328 674 403 narona
695 331 1044 405 PROPRIETATIBUS,
1067 312 1137 395 ιἰιι.
1160 332 1226 409 vu,
1249 333 1332 395 car.
1355 332 1435 394 uu
1633 333 1690 391 au

98 485 323 549 utvitaearuis
341 490 446 552 amma
461 499 517 569 est,
537 493 680 555 itabeata
697 497 758 557 rita
771 496 871 557 homi·
923 496 997 557 illud
1014 498 1175 576 attingere,
1192 504 1223 559 et
1236 517 1292 578 per
1305 499 1407 578 ipsum
1423 499 1553 573 intueri3
1572 516 1637 558 non
1650 497 1693 556 al·
1779 518 1782 525 ⁴

98 576 334 641 nisDeusest.»
348 583 652 648 Etmtractatuxiun
667 587 696 647 in
710 588 874 651 loannem:
923 591 1035 666 terius,
1059 591 1203 669 inquam,
1236 591 1353 652 lumine
1379 593 1529 668 contueri,
1561 592 1613 652 sed
1638 608 1693 671 per

103 669 293 741 oQuomodo
314 674 514 755 animaque
534 678 660 740 inferior
680 682 742 741 Deo
764 689 819 748 est.
842 683 874 744 id
922 682 1100 762 ipsummet,
1113 702 1169 763 per
1185 684 1267 763 quod
1281 690 1312 745 et
1324 684 1419 744 videt.
1438 686 1496 744 Per
1509 684 1593 762 quod
1607 684 1692 745 enim

100 762 187 838 quod
201 763 267 841 ipsa
286 764 416 827 inferius
428 775 485 846 est,
500 770 532 829 id
551 776 596 831 est
607 790 728 851 corpus,
744 774 814 835 facit
828 776 873 835 vi-
921 775 1095 836 illuminata
1104 783 1161 852 est,
1176 776 1310 856 idipsum
1321 787 1376 852 est,
1389 777 1472 855 quod
1481 776 1585 836 videre
1599 794 1691 855 opor·
1710 842 1715 849 ‚

100 870 185 928 vere,
210 854 253 915 sic
274 859 416 919 eamdem
445 862 581 923 animam
609 882 673 924 uon
690 866 763 926 facit
786 867 874 930 beate
921 873 977 929 tet.
996 868 1102 947 Neque
1125 868 1210 928 euim
1236 869 1334 929 solem
1354 887 1410 948 per
1428 868 1565 928 alienum
1584 867 1692 929 lumen

101 943 218 1022 uivere,
238 948 298 1009 nisi
313 952 397 1028 quod
421 953 487 1033 ipsa
506 956 611 1016 anima
631 963 677 1018 est
690 960 842 1038 superius.
855 984 869 1019 ιι
922 959 1140 1039 aspicimusl.»
1159 961 1237 1021 Hinc
1254 962 1354 1021 Deum
1365 960 1502 1042 sormam,
1518 979 1554 1020 ac
1572 960 1691 1041 epect'ccu

31 1077 73 1113 aa
142 1038 195 1097 lv.
230 1040 325 1113 Quale
353 1049 458 1106 autem
488 1048 527 1107 sit
557 1050 762 1112 necessarium
797 1053 874 1114 illud
922 1052 1080 1113 interdum
1103 1053 1277 1126 nominant,
1296 1058 1333 1112 ut
1351 1057 1458 1113 auctor
1478 1052 1549 1113 libri
1569 1050 1603 1112 de
1616 1051 1691 1133 Spe·

14 1134 38 1218 f,
101 1129 345 1207 auxiliumsive
371 1135 687 1221 imminutaque
712 1144 874 1206 adDeum
923 1145 997 1207 cult.
1029 1146 1126 1219 «Tua,
1155 1145 1266 1223 inquit,
1293 1145 1424 1205 essentia
1444 1149 1475 1205 et
1497 1144 1612 1223 species
1632 1144 1692 1204 dici

14 1246 33 1327 p
101 1220 273 1285 videndum
293 1232 406 1288 natura
420 1228 556 1305 fulcitur,
580 1252 674 1294 nemo
692 1235 809 1315 liquido
824 1239 875 1299 de·
923 1242 1033 1318 potest,
1053 1243 1083 1297 et
1105 1236 1233 1296 forma‘.
1246 1260 1261 1293 ιι
1286 1237 1433 1313 Sed‘hoc,
1452 1242 1489 1296 ut
1511 1236 1585 1310 dixi,
1601 1236 1693 1295 ratio

26 1318 32 1327 '
101 1317 303 1392 monstravit3
320 1320 448 1382 minime
460 1324 602 1385 omnium
612 1326 769 1389 efficientis
778 1331 874 1408 quod·
923 1348 996 1391 nem
1022 1329 1124 1408 potius
1145 1327 1258 1409 objecti,
1289 1347 1385 1408 quam
1406 1347 1505 1389 causae
1533 1327 1692 1388 efficientis

98 1405 175 1465 dam
200 1426 301 1486 genus
320 1428 384 1473 esse
410 1432 519 1491 causae,
551 1436 586 1478 ao
606 1420 691 1481 velut
718 1422 870 1499 habitum,
922 1423 1065 1484 ostendit.

97 1502 131 1555 ct
156 1507 271 1580 δύναμιν,
297 1502 360 1564 siva
383 1504 560 1569 facultatem
585 1516 742 1573 actuosam
761 1533 768 1572 :
789 1516 873 1593 quod
962 1516 1152 1595 Augustinus
1168 1532 1293 1595 quoque
1306 1515 1341 1573 in
1355 1513 1455 1592 primo
1473 1512 1552 1573 libro
1571 1510 1606 1571 dc
1619 1511 1691 1572 Pee-

97 1591 216 1667 passim
246 1593 281 1653 in
308 1596 418 1657 scholis
443 1602 627 1677 percrebuit.
654 1606 720 1665 lmo
743 1625 817 1667 vero
847 1608 872 1668 si
921 1616 1054 1668 catorum
1072 1608 1198 1684 meritis,
1217 1626 1284 1686 cap.
1299 1623 1327 1681 x,
1345 1606 1383 1666 de
1399 1604 1637 1666 eodemlumine
1652 1605 1693 1663 sic

97 1698 137 1739 ex
161 1682 211 1758 iis,
235 1703 305 1763 quar
327 1688 430 1766 palam
456 1696 487 1751 et
513 1701 618 1772 aperte
645 1697 870 1775 significarunt,
921 1700 1084 1760 meminit:
1102 1700 1349 1758 «Verumtamen
1372 1698 1397 1757 si
1420 1702 1564 1776 percepto
1582 1696 1694 1774 baptis-

97 1774 359 1851 eorq'ecturamde
371 1799 408 1841 eo
419 1781 518 1844 faeere
530 1787 685 1865 volumus,
699 1790 872 1868 cujusmodi
922 1798 1004 1853 mate
1022 1792 1060 1852 de
1081 1793 1138 1851 hac
1157 1791 1220 1850 vita
1241 1790 1447 1867 emigraverit,
1464 1789 1564 1849 soluto
1588 1794 1687 1863 reatu,

95 1864 207 1926 lumen
222 1867 299 1930 illud
319 1872 377 1947 sit;
398 1877 496 1954 magis
510 1878 578 1952 crit,
604 1886 640 1941 ut
661 1883 701 1942 ad
721 1883 872 1961 objectam
922 1884 972 1943 eui
987 1883 1177 1962 originaliter
1197 1887 1264 1942 erat
1283 1882 1447 1960 obnoxius,
1469 1881 1646 1960 perficietur
1659 1881 1692 1939 in

95 1956 322 2037 intelligentia,
340 1983 375 2024 ac
388 1968 499 2028 risioni
513 1989 580 2031 rem
594 1973 671 2033 illud
689 1974 869 2055 referamus,
921 1975 974 2036 illo
988 1976 1107 2036 lumino
1129 1973 1276 2047 veriatis,
1294 1975 1378 2052 quod
1397 1972 1693 2033 incommutabiliter

96 2053 872 2147 quamadefficientemvisionispoteutiam:quem-
921 2074 1028 2129 manet
1054 2069 1087 2128 in
1118 2074 1289 2143 aetemum,
1316 2066 1499 2143 justificatos
1528 2064 1692 2144 prasentia

95 2142 271 2205 admodum
299 2154 426 2211 externa
453 2153 507 2214 lux
540 2156 603 2232 illa,
628 2178 690 2237 qua
722 2161 873 2222 illustrata
922 2161 1067 2221 creatoris
1085 2160 1280 2222 illuminat.»
1309 2158 1353 2217 lbi
1367 2158 1475 2218 lumen
1489 2157 1691 2235 nescioquod

96 2252 231 2313 corpora
240 2246 411 2303 cernuntur
423 2247 518 2307 oculis
528 2251 674 2328 corporis,
688 2253 873 2332 adsthecta
920 2272 938 2313 a
951 2253 1055 2313 divina
1069 2252 1200 2313 essentia
1220 2252 1377 2312 diversum
1390 2250 1515 2324 indicat,
1536 2266 1597 2326 quo
1610 2248 1692 2308 beati

95 2327 179 2387 risui
201 2329 336 2393 colorata
359 2338 461 2413 potius
483 2358 621 2419 corpora,
651 2363 744 2423 quam
767 2347 807 2407 ad
825 2348 871 2407 vi·
921 2345 1152 2419 collustrantur,
1178 2349 1215 2404 ut
1241 2342 1326 2403 illam
1348 2342 1483 2403 videant.
1509 2340 1597 2414 Quod
1618 2358 1692 2400 sane

96 2418 193 2479 dandi
205 2439 332 2484 sensum
346 2429 490 2508 partinet,
506 2433 585 2493 etin
603 2433 718 2515 objecti,
734 2444 769 2498 ut
787 2439 872 2518 loqui
920 2438 1018 2498 instar
1030 2437 1107 2497 lucis
1118 2435 1320 2515 aspectabilis,
1335 2435 1374 2495 ad
1389 2433 1542 2513 objectam
1556 2449 1624 2492 rem
1635 2450 1691 2512 po-

96 2510 210 2589 solent,
234 2533 329 2577 cemu
350 2528 560 2603 apparatuque
584 2535 777 2605 numeratur,
802 2551 868 2592 non
920 2530 992 2606 tius,
1015 2536 1049 2590 ut
1066 2529 1141 2604 dixi,
1166 2545 1261 2608 quam
1281 2528 1320 2587 ad
1343 2527 1467 2586 u'deudi
1490 2525 1690 2605 principium,

96 2603 196 2682 ipsius
204 2607 330 2669 ridendi
342 2610 504 2676 facultatis.
517 2618 639 2680 Etenim
650 2621 773 2682 beatam
787 2624 872 2685 illam
920 2622 1157 2701 facultatemque
1171 2620 1315 2700 partinet.

97 2694 279 2759 lucemiere
296 2702 399 2780 ipsum
420 2725 484 2767 esse
500 2709 597 2772 ileum
616 2714 870 2794 interpretantur,
960 2716 997 2774 V.
1022 2716 1093 2775 Haec
1110 2714 1237 2774 luminis
1261 2711 1533 2789 illustrationisquo
1554 2715 1618 2769 tarn
1643 2728 1693 2769 ex·
1718 2729 1743 2772 tn
1755 2730 1864 2795 neretum

96 2789 214 2892 partim
228 2790 351 2869 diserte,
362 2799 476 2874 partim
485 2800 568 2863 haud
578 2804 708 2866 obscura
719 2808 871 2886 significa·
921 2825 1024 2886 pressa
1048 2812 1078 2867 ct
1104 2806 1259 2865 inculcata
1277 2803 1404 2878 mentio,
1429 2819 1501 2861 eum
1519 2801 1557 2861 dc
1576 2800 1692 2860 coelesti
1728 2795 1847 2881 ,⁸233ssss

95 2886 194 2957 ”⁰⁰02
210 2883 287 2944 dum
301 2887 392 2947 istam
408 2889 507 2968 ipsam
518 2894 616 2955 videri
629 2897 730 2959 lucem
744 2919 763 2960 a
776 2901 873 2963 beatis
922 2898 1064 2958 felicitate
1087 2898 1242 2957 disserunt
1269 2897 1382 2966 Patres,
1413 2892 1571 2973 propriam
1600 2892 1692 2969 liujus
1731 2888 1858 2987 affige

96 2980 251 3034 asserunt.
267 2976 306 3036 t‘t
324 2978 403 3039 hanc
421 2982 518 3044 instar
537 3005 602 3049 esse
618 2988 701 3049 illius
714 2999 871 3072 appareat,
922 2990 1132 3051 conditionem
1146 3008 1180 3050 ac
1199 2993 1344 3048 nanuum
1355 2985 1565 3063 intelligentiae
1579 2990 1693 3044 nostra
1731 2998 1851 3041 ιοιιιιιι.

96 3064 184 3143 quod
198 3068 264 3136 εἶδος
277 3071 419 3132 nominat
434 3074 620 3153 Aristoteles,
637 3082 737 3142 Latini
749 3085 873 3163 speciem
922 3081 1058 3159 subjicit;
1075 3081 1128 3160 qui
1139 3082 1224 3140 locus
1234 3079 1285 3139 hie
1298 3076 1496 3155 attingendus
1511 3080 1566 3135 est.
1583 3076 1691 3136 Osten-

98 3155 335 3236 t'nlssllt'ffl'bt'lem:
360 3181 456 3241 quam
473 3169 519 3227 rei
538 3169 663 3248 objecta
681 3177 873 3256 cognitaeque
922 3173 977 3249 dit,
1005 3173 1145 3252 inquam,
1170 3172 1247 3231 lucis
1269 3171 1329 3229 ista
1351 3167 1530 3245 similitudo,
1558 3183 1628 3245 quta
1652 3168 1692 3227 ad

97 3248 249 3309 vicariam
269 3269 334 3312 esse
357 3257 451 3316 tradit
471 3258 533 3320 ille.
561 3263 656 3323 «Non
675 3265 759 3326 enim
783 3267 870 3347 lapis,
922 3265 1024 3326 visum
1038 3264 1161 3345 proprie
1174 3262 1318 3343 pertinet,
1334 3261 1368 3320 in
1389 3260 1502 3320 mentis
1519 3259 1634 3319 intuitu
1657 3277 1693 3319 ae

97 3340 213 3418 inquit,
239 3342 272 3402 iu
293 3346 396 3406 anima
417 3356 473 3425 est,
489 3352 542 3412 sed
563 3353 630 3432 ejus
644 3357 791 3435 speciosa.
802 3382 817 3417 ιι
834 3361 874 3422 At
921 3358 1051 3428 visione,
1062 3375 1124 3435 qua
1136 3356 1245 3423 Deum,
1256 3359 1341 3415 utest
1352 3353 1385 3413 in
1394 3371 1438 3428 se,
1451 3351 1690 3430 contemplatur,

98 3451 175 3493 vero
190 3434 281 3510 Deus,
301 3436 360 3498 hoc
382 3446 428 3500 est
449 3442 503 3503 lux
525 3444 588 3521 illa,
607 3449 771 3527 spectatast
793 3451 871 3529 loeo,
922 3467 1087 3522 summam,
1104 3450 1136 3509 id
1149 3454 1196 3509 est
1208 3447 1360 3508 concutiam
1370 3443 1522 3505 felicitatis
1537 3443 1693 3504 illiusesse

99 3532 137 3585 ut
160 3526 286 3604 quidem
308 3530 403 3608 vulgo
425 3533 459 3593 in
485 3536 596 3598 scholis
619 3539 769 3603 dictitant.
793 3544 873 3606 Sane
922 3542 1063 3623 positam.
1080 3541 1169 3615 Quod
1182 3539 1335 3601 iisverbis
1348 3537 1538 3599 declaratum
1549 3541 1695 3614 putauta

99 3616 272 3679 claritatem
288 3621 384 3699 illam,
409 3626 497 3703 eujus
512 3631 724 3694 meminerunt
742 3641 871 3712 veteres,
923 3631 1061 3695 Christo⁸
1078 3652 1085 3691 :
1105 3631 1177 3694 Her
1198 3639 1238 3692 eat
1260 3639 1354 3691 auton
1378 3629 1439 3689 uita
1462 3638 1584 3700 otono,
1602 3635 1636 3686 ut
1649 3646 1695 3688 co·

100 3724 174 3766 cum
193 3708 231 3767 de
251 3709 368 3771 risione
391 3714 446 3774 Dei
466 3714 556 3779 beata
579 3720 745 3799 disputant,
775 3724 873 3803 ipsam
922 3734 1059 3806 pacarunt
1069 3734 1096 3784 te
1108 3723 1203 3784 solum
1217 3723 1312 3784 Deam
1328 3740 1437 3795 verum,
1450 3728 1477 3780 et
1490 3737 1575 3800 quem
1588 3719 1697 3779 munti

101 3816 167 3859 esse
188 3805 333 3861 naturam
353 3804 418 3880 Dei,
440 3825 475 3867 ac
494 3809 592 3871 lleum
607 3812 772 3892 affirmant,
793 3835 872 3896 prae-
921 3818 1021 3878 lesum
1035 3814 1217 3878 Christum&
1230 3816 1290 3876 Sed
1302 3815 1340 3875 de
1352 3830 1474 3874 summa
1489 3810 1638 3871 etultima
1652 3810 1694 3870 se-

101 3892 209 3952 sertim
228 3894 392 3973 Gregorius
411 3900 503 3978 Papa,
524 3905 681 3982 superiore
700 3908 809 3968 eitaurs
823 3928 871 3970 aa·
921 3910 1034 3970 licitate
1049 3928 1114 3970 non
1136 3908 1198 3968 illic
1215 3908 1266 3985 agi
1286 3905 1483 3966 verisimilius
1503 3908 1562 3977 cst;
1583 3919 1692 3963 verum

101 3983 196 4063 pite¹.
226 3988 289 4047 Aut
310 3989 336 4048 si
362 3991 438 4068 quid
471 3993 510 4052 ab
541 3995 593 4055 illo
617 3998 804 4059 transituum
832 4020 868 4063 ac
922 4003 960 4063 de
972 4003 1126 4075 inchoata,
1138 4006 1169 4059 et
1180 4000 1250 4058 vitae
1262 3997 1422 4077 praesentis
1433 3995 1569 4075 propria,
1585 3988 1622 4053 in'
1631 4013 1694 4072 qua

14 4116 40 4158 „3
101 4077 276 4139 derivatum
307 4098 372 4141 esse
407 4083 620 4148 demonstrant
651 4090 684 4149 in
711 4090 872 4153 beatamm
922 4092 1078 4172 perfidem
1088 4098 1118 4152 et
1129 4091 1182 4151 Dei
1192 4090 1401 4168 cognitionem
1412 4087 1451 4147 ad
1460 4086 1547 4146 illam
1556 4086 1692 4146 futuram

14 4180 71 4265 ἒξ
100 4171 257 4230 mentium
265 4173 356 4248 acies,
366 4175 499 4253 idipsum
508 4177 615 4258 objecti
620 4182 734 4259 potius,
746 4188 782 4243 ut
793 4183 867 4262 (fixi,
922 4184 1089 4245 tendimus.
1101 4185 1200 4257 Quare
1210 4200 1259 4242 res
1268 4187 1313 4242 est
1324 4182 1357 4241 in
1369 4180 1514 4259 opinione
1528 4176 1637 4257 posita.
1650 4179 1692 4239 De

14 4256 48 4371 pl
100 4261 151 4321 rel
162 4263 278 4342 speciei,
298 4284 392 4344 quam
405 4268 561 4347 facultatis
580 4290 615 4332 ac
634 4275 786 4352 potentine,
806 4276 870 4337 sive
922 4296 984 4356 qua
999 4278 1052 4349 ita,
1070 4282 1105 4335 ut
1117 4276 1191 4351 dixi,
1210 4275 1324 4335 sentire
1341 4273 1464 4333 videtur
1480 4269 1620 4343 Basilius,
1639 4271 1693 4348 qui

26 4362 32 4373 ·
100 4351 386 4417 intimationem
397 4359 500 4421 habet.
517 4363 560 4422 lte
573 4382 636 4442 quo
649 4365 814 4443 singularis
826 4374 871 4428 est
919 4369 953 4428 in
964 4369 1092 4448 epistola
1103 4386 1175 4444 cur,
1193 4367 1301 4427 «Nihil
1314 4366 1409 4441 aliud,
1424 4364 1543 4437 iratres,
1559 4379 1692 4440 regnum

101 4448 216 4507 Plotini
228 4447 325 4525 locus,
342 4450 554 4533 imprimisque
569 4460 869 4535 commemorandus,
920 4460 1245 4539 coelorum⁰putabitis,
1261 4459 1372 4537 inquit,
1397 4474 1493 4535 quam
1510 4470 1618 4514 voram
1639 4471 1691 4512 eo·

100 4541 186 4619 quod
200 4559 272 4601 ιιιιιιι
292 4560 451 4604 sacrorum
463 4549 645 4609 auctoritato
658 4550 821 4628 librorum,
841 4558 872 4612 et
920 4569 1003 4627 rum,
1015 4570 1084 4631 quae
1099 4557 1182 4626 sunt,
1195 4551 1348 4625 notitiam,
1362 4566 1457 4628 quam
1469 4554 1500 4607 et
1512 4545 1693 4607 nectutem

99 4632 205 4693 verbis
228 4634 302 4713 ipsis
323 4641 385 4712 est,
411 4642 442 4696 et
467 4642 617 4700 sententia
635 4648 869 4704 consentaneus.
920 4648 1032 4704 vocant
1044 4643 1158 4704 divinae
1170 4642 1347 4722 Scriptura.
1364 4641 1498 4721 Regnum
1513 4638 1622 4720 quippe
1634 4656 1691 4698 coe·

103 4747 120 4780 a
133 4725 209 4799 Hoc,
233 4727 343 4808 iuquit,
359 4746 451 4789 verus
475 4737 520 4792 est
543 4732 656 4792 animae
676 4732 747 4794 linis
764 4734 871 4796 lumen
922 4734 1018 4796 lorum
1033 4735 1114 4795 iutro
1135 4754 1182 4795 uos
1201 4732 1274 4795 θεῖ’.
1300 4730 1399 4812 Atqui
1412 4732 1493 4792 circa
1511 4730 1691 4791 interiorem

138 5035 159 5074 a
179 5020 267 5074 tarsi.
285 5017 331 5073 lib.
345 5017 556 5087 llldeAutma,
573 5035 598 5075 c.
615 5035 671 5075 vni.
690 5021 758 5076 Ter.
774 5022 818 5078 38.
835 5020 870 5075 ot
920 5022 987 5094 αὐτῷ
1002 5020 1062 5075 αὐτὸ
1076 5023 1215 5076 θεάσασθαι·
1231 5021 1275 5075 οὒκ
1293 5023 1370 5075 ἄλλοι
1383 5024 1456 5094 φωτὶ,
1468 5020 1524 5075 ar
1534 5022 1602 5096 αὒτῷ
1616 5021 1649 5076 δι’
1661 5019 1691 5075 oi

96 5103 150 5175 γὰρ
159 5099 282 5162 alleato
293 5102 409 5175 τῇψιγῇ,
425 5101 489 5154 ἀλλὰ
498 5101 528 5154 τὸ
538 5097 611 5164 εἶδος.
918 5107 960 5158 καὶ
972 5105 1027 5176 ὁρᾷ.
1039 5108 1072 5159 δι’
1087 5099 1116 5159 οὗ
1134 5106 1181 5177 γὰρ
1201 5104 1331 5177 ἐφωτίσθη,
1347 5111 1421 5159 τοῦτο
1436 5104 1500 5159 ἐστὶν
1515 5106 1530 5158 d
1555 5108 1595 5159 δεῖ
1605 5106 1691 5159 θεάσα-

138 5186 155 5240 b
174 5183 284 5238 Ptotrn.
297 5188 374 5239 Etru.
392 5185 424 5254 V,
439 5183 485 5239 lib.
502 5185 549 5255 ΙΙΙ,
566 5202 625 5256 cap.
648 5202 711 5241 utu.
733 5187 780 5240 lat
797 5192 871 5241 τοῦτο
919 5188 980 5241 σθαι.
995 5184 1049 5240 atat
1062 5187 1109 5260 γὰρ
1124 5186 1432 5259 ἤλιονδιὰφωτὸςᾶλλου.

96 5268 130 5322 τὸ
144 5267 216 5329 τέλος
238 5266 366 5335 τάληθινδι
377 5268 454 5340 tagii,
475 5266 609 5340 ἐφάψασθαι
620 5269 700 5341 φωτὸς
717 5268 816 5333 ἐκείνου,
828 5272 869 5323 καὶ

128 5424 209 5530 lippe
215 5423 282 5529 xxvm
290 5426 346 5529 qltere
358 5437 378 5469 c.
391 5426 524 5470 usui-it
537 5426 561 5469 lu
574 5428 630 5483 App.
644 5435 697 5472 rom.
710 5428 737 5471 lll
749 5430 807 5484 Aug.
820 5442 839 5474 c.
852 5442 910 5475 xxru
922 5439 943 5474 et
955 5434 1078 5478 xxxin-8
1088 5435 1110 5478 S.
1123 5434 1163 5477 Th.
1173 5432 1231 5477 Part.
1238 5433 1254 5477 l.
1265 5444 1304 5488 qu.
1313 5445 1352 5485 ru,
1366 5441 1422 5488 part.
1436 5446 1466 5479 vr.
1478 5436 1526 5479 -l
1537 5438 1600 5491 Jcou,
1609 5440 1692 5491 runt.

95 5504 154 5529 -o
210 5499 279 5537 ,ιἰι,
320 5520 324 5529 .
