<?xml version="1.0" encoding="UTF-8"?>
<!DOCTYPE html PUBLIC "-//W3C//DTD XHTML 1.0 Transitional//EN"
    "http://www.w3.org/TR/xhtml1/DTD/xhtml1-transitional.dtd">
<html xmlns="http://www.w3.org/1999/xhtml" xml:lang="en" lang="en">
 <head>
  <title>
</title>
<meta http-equiv="Content-Type" content="text/html;charset=utf-8" />
  <meta name='ocr-system' content='tesseract 3.04.00' />
  <meta name='ocr-capabilities' content='ocr_page ocr_carea ocr_par ocr_line ocrx_word'/>
</head>
<body>
  <div class='ocr_page' id='page_1' title='image "./dogmatatheologi01goog_0165.png"; bbox 0 0 4008 6170; ppageno 0'>
   <div class='ocr_carea' id='block_1_1' title="bbox 286 318 1371 392">
    <p class='ocr_par' dir='ltr' id='par_1_1' title="bbox 286 318 1371 392">
     <span class='ocr_line' id='line_1_1' title="bbox 286 318 1371 392; baseline -0.004 -4"><span class='ocrx_word' id='word_1_1' title='bbox 286 330 344 392; x_wconf 75' lang='lat' dir='ltr'><strong>tea</strong></span> <span class='ocrx_word' id='word_1_2' title='bbox 790 318 1121 383; x_wconf 71' lang='lat' dir='ltr'><strong>l&#39;aautoulconutl</strong></span> <span class='ocrx_word' id='word_1_3' title='bbox 1142 318 1371 386; x_wconf 78' lang='lat' dir='ltr'><strong>DOGMATUM.</strong></span> 
     </span>
    </p>
   </div>
   <div class='ocr_carea' id='block_1_2' title="bbox 110 471 1999 4597">
    <p class='ocr_par' dir='ltr' id='par_1_2' title="bbox 110 471 1999 4597">
     <span class='ocr_line' id='line_1_2' title="bbox 285 471 1872 557; baseline 0.001 -20"><span class='ocrx_word' id='word_1_4' title='bbox 285 476 345 537; x_wconf 84' lang='lat' dir='ltr'><strong>bus</strong></span> <span class='ocrx_word' id='word_1_5' title='bbox 362 472 1057 550; x_wconf 74' lang='lat' dir='ltr'><strong>naolvmtn·etavanan1nt·.»ranquam</strong></span> <span class='ocrx_word' id='word_1_6' title='bbox 1109 488 1144 529; x_wconf 85' lang='lat' dir='ltr'><strong>aa</strong></span> <span class='ocrx_word' id='word_1_7' title='bbox 1169 471 1352 548; x_wconf 88' lang='lat' dir='ltr'><strong>diffidenter,</strong></span> <span class='ocrx_word' id='word_1_8' title='bbox 1388 475 1430 534; x_wconf 91' lang='lat' dir='ltr'><strong>sic</strong></span> <span class='ocrx_word' id='word_1_9' title='bbox 1462 474 1591 536; x_wconf 78' lang='lat' dir='ltr'><strong>obscure</strong></span> <span class='ocrx_word' id='word_1_10' title='bbox 1615 476 1703 536; x_wconf 88' lang='lat' dir='ltr'><strong>illam</strong></span> <span class='ocrx_word' id='word_1_11' title='bbox 1729 480 1872 557; x_wconf 74' lang='lat' dir='ltr'><strong>exposuit,</strong></span> 
     </span>
     <span class='ocr_line' id='line_1_3' title="bbox 284 563 1877 651; baseline 0.001 -21"><span class='ocrx_word' id='word_1_12' title='bbox 284 568 363 630; x_wconf 85' lang='lat' dir='ltr'>nihil</span> <span class='ocrx_word' id='word_1_13' title='bbox 378 568 511 629; x_wconf 90' lang='lat' dir='ltr'><strong>solidum</strong></span> <span class='ocrx_word' id='word_1_14' title='bbox 530 568 624 629; x_wconf 82' lang='lat' dir='ltr'><strong>variis</strong></span> <span class='ocrx_word' id='word_1_15' title='bbox 643 567 704 628; x_wconf 89' lang='lat' dir='ltr'><strong>illis</strong></span> <span class='ocrx_word' id='word_1_16' title='bbox 718 567 855 627; x_wconf 80' lang='lat' dir='ltr'><strong>subesset</strong></span> <span class='ocrx_word' id='word_1_17' title='bbox 866 564 1054 641; x_wconf 90' lang='lat' dir='ltr'><strong>nominibus,</strong></span> <span class='ocrx_word' id='word_1_18' title='bbox 1110 563 1219 625; x_wconf 88' lang='lat' dir='ltr'><strong>deinde</strong></span> <span class='ocrx_word' id='word_1_19' title='bbox 1233 566 1403 645; x_wconf 89' lang='lat' dir='ltr'><strong>postulatus</strong></span> <span class='ocrx_word' id='word_1_20' title='bbox 1414 568 1541 646; x_wconf 85' lang='lat' dir='ltr'><strong>judicio,</strong></span> <span class='ocrx_word' id='word_1_21' title='bbox 1557 588 1593 629; x_wconf 90' lang='lat' dir='ltr'><strong>ac</strong></span> <span class='ocrx_word' id='word_1_22' title='bbox 1613 569 1652 629; x_wconf 89' lang='lat' dir='ltr'><strong>de</strong></span> <span class='ocrx_word' id='word_1_23' title='bbox 1665 588 1703 630; x_wconf 89' lang='lat' dir='ltr'><strong>ea</strong></span> <span class='ocrx_word' id='word_1_24' title='bbox 1716 571 1825 651; x_wconf 87' lang='lat' dir='ltr'><strong>saepius</strong></span> <span class='ocrx_word' id='word_1_25' title='bbox 1835 572 1877 631; x_wconf 91' lang='lat' dir='ltr'><strong>in·</strong></span> 
     </span>
     <span class='ocr_line' id='line_1_4' title="bbox 288 659 1881 743; baseline 0.001 -20"><span class='ocrx_word' id='word_1_26' title='bbox 288 664 400 742; x_wconf 87' lang='lat' dir='ltr'><strong>quibus</strong></span> <span class='ocrx_word' id='word_1_27' title='bbox 413 662 514 724; x_wconf 83' lang='lat' dir='ltr'><strong>varias</strong></span> <span class='ocrx_word' id='word_1_28' title='bbox 521 662 576 723; x_wconf 91' lang='lat' dir='ltr'><strong>Dei</strong></span> <span class='ocrx_word' id='word_1_29' title='bbox 588 661 786 742; x_wconf 77' lang='lat' dir='ltr'><strong>proprietates</strong></span> <span class='ocrx_word' id='word_1_30' title='bbox 800 659 1010 738; x_wconf 80' lang='lat' dir='ltr'><strong>intelligimus.</strong></span> <span class='ocrx_word' id='word_1_31' title='bbox 1026 665 1057 719; x_wconf 89' lang='lat' dir='ltr'><strong>et</strong></span> <span class='ocrx_word' id='word_1_32' title='bbox 1109 664 1293 739; x_wconf 69' lang='lat' dir='ltr'><strong>terrogatua</strong></span> <span class='ocrx_word' id='word_1_33' title='bbox 1325 659 1493 722; x_wconf 74' lang='lat' dir='ltr'><strong>titubanter</strong></span> <span class='ocrx_word' id='word_1_34' title='bbox 1507 682 1542 723; x_wconf 88' lang='lat' dir='ltr'><strong>ac</strong></span> <span class='ocrx_word' id='word_1_35' title='bbox 1557 662 1642 724; x_wconf 89' lang='lat' dir='ltr'><strong>varie</strong></span> <span class='ocrx_word' id='word_1_36' title='bbox 1661 664 1828 743; x_wconf 89' lang='lat' dir='ltr'><strong>respondit,</strong></span> <span class='ocrx_word' id='word_1_37' title='bbox 1851 670 1881 724; x_wconf 91' lang='lat' dir='ltr'><strong>ut</strong></span> 
     </span>
     <span class='ocr_line' id='line_1_5' title="bbox 283 753 1880 837; baseline -0.001 -17"><span class='ocrx_word' id='word_1_38' title='bbox 283 758 451 820; x_wconf 87' lang='lat' dir='ltr'><strong>intellectas</strong></span> <span class='ocrx_word' id='word_1_39' title='bbox 476 757 539 819; x_wconf 90' lang='lat' dir='ltr'><strong>suis</strong></span> <span class='ocrx_word' id='word_1_40' title='bbox 562 774 717 837; x_wconf 88' lang='lat' dir='ltr'><strong>quamque</strong></span> <span class='ocrx_word' id='word_1_41' title='bbox 741 755 898 816; x_wconf 65' lang='lat' dir='ltr'><strong>scammis</strong></span> <span class='ocrx_word' id='word_1_42' title='bbox 923 754 1057 834; x_wconf 80' lang='lat' dir='ltr'><strong>explica·</strong></span> <span class='ocrx_word' id='word_1_43' title='bbox 1110 770 1148 812; x_wconf 82' lang='lat' dir='ltr'><strong>ex</strong></span> <span class='ocrx_word' id='word_1_44' title='bbox 1167 753 1284 814; x_wconf 89' lang='lat' dir='ltr'><strong>Ottonis</strong></span> <span class='ocrx_word' id='word_1_45' title='bbox 1309 753 1509 834; x_wconf 89' lang='lat' dir='ltr'><strong>Frisingensis</strong></span> <span class='ocrx_word' id='word_1_46' title='bbox 1525 757 1700 817; x_wconf 82' lang='lat' dir='ltr'><strong>narratione</strong></span> <span class='ocrx_word' id='word_1_47' title='bbox 1717 757 1824 836; x_wconf 88' lang='lat' dir='ltr'><strong>liquet.</strong></span> <span class='ocrx_word' id='word_1_48' title='bbox 1842 758 1880 820; x_wconf 77' lang='lat' dir='ltr'><strong>Aa</strong></span> 
     </span>
     <span class='ocr_line' id='line_1_6' title="bbox 284 846 1880 930; baseline -0.001 -16"><span class='ocrx_word' id='word_1_49' title='bbox 284 872 365 914; x_wconf 87' lang='lat' dir='ltr'><strong>mus.</strong></span> <span class='ocrx_word' id='word_1_50' title='bbox 382 854 470 926; x_wconf 85' lang='lat' dir='ltr'><strong>Quod</strong></span> <span class='ocrx_word' id='word_1_51' title='bbox 480 857 510 913; x_wconf 89' lang='lat' dir='ltr'><strong>et</strong></span> <span class='ocrx_word' id='word_1_52' title='bbox 524 854 679 930; x_wconf 81' lang='lat' dir='ltr'><strong>nyssenus</strong></span> <span class='ocrx_word' id='word_1_53' title='bbox 698 849 863 929; x_wconf 72' lang='lat' dir='ltr'><strong>Gregorius</strong></span> <span class='ocrx_word' id='word_1_54' title='bbox 885 848 919 908; x_wconf 90' lang='lat' dir='ltr'><strong>in</strong></span> <span class='ocrx_word' id='word_1_55' title='bbox 939 848 1057 909; x_wconf 89' lang='lat' dir='ltr'><strong>duode-</strong></span> <span class='ocrx_word' id='word_1_56' title='bbox 1109 849 1171 905; x_wconf 80' lang='lat' dir='ltr'><strong>tres</strong></span> <span class='ocrx_word' id='word_1_57' title='bbox 1196 846 1322 905; x_wconf 86' lang='lat' dir='ltr'><strong>omnino</strong></span> <span class='ocrx_word' id='word_1_58' title='bbox 1353 853 1425 907; x_wconf 90' lang='lat' dir='ltr'><strong>sunt</strong></span> <span class='ocrx_word' id='word_1_59' title='bbox 1457 848 1591 926; x_wconf 71' lang='lat' dir='ltr'><strong>aequales</strong></span> <span class='ocrx_word' id='word_1_60' title='bbox 1620 851 1766 929; x_wconf 85' lang='lat' dir='ltr'><strong>temporis</strong></span> <span class='ocrx_word' id='word_1_61' title='bbox 1802 850 1880 912; x_wconf 87' lang='lat' dir='ltr'><strong>illius</strong></span> 
     </span>
     <span class='ocr_line' id='line_1_7' title="bbox 288 938 1882 1020; baseline -0.001 -12"><span class='ocrx_word' id='word_1_62' title='bbox 288 964 360 1008; x_wconf 88' lang='lat' dir='ltr'><strong>mus</strong></span> <span class='ocrx_word' id='word_1_63' title='bbox 382 946 476 1007; x_wconf 79' lang='lat' dir='ltr'><strong>refert</strong></span> <span class='ocrx_word' id='word_1_64' title='bbox 495 964 530 1006; x_wconf 88' lang='lat' dir='ltr'><strong>ac</strong></span> <span class='ocrx_word' id='word_1_65' title='bbox 554 944 674 1005; x_wconf 84' lang='lat' dir='ltr'><strong>refellit.</strong></span> <span class='ocrx_word' id='word_1_66' title='bbox 699 942 887 1016; x_wconf 69' lang='lat' dir='ltr'><strong>Quinetiam</strong></span> <span class='ocrx_word' id='word_1_67' title='bbox 911 941 1057 1020; x_wconf 86' lang='lat' dir='ltr'><strong>magister</strong></span> <span class='ocrx_word' id='word_1_68' title='bbox 1110 938 1339 1017; x_wconf 77' lang='lat' dir='ltr'><strong>scriptores,&#39;ex</strong></span> <span class='ocrx_word' id='word_1_69' title='bbox 1353 941 1478 1020; x_wconf 85' lang='lat' dir='ltr'><strong>&#39;quibus</strong></span> <span class='ocrx_word' id='word_1_70' title='bbox 1499 942 1538 1002; x_wconf 87' lang='lat' dir='ltr'><strong>de</strong></span> <span class='ocrx_word' id='word_1_71' title='bbox 1553 947 1618 1003; x_wconf 89' lang='lat' dir='ltr'><strong>tota</strong></span> <span class='ocrx_word' id='word_1_72' title='bbox 1638 943 1693 1003; x_wconf 92' lang='lat' dir='ltr'><strong>illa</strong></span> <span class='ocrx_word' id='word_1_73' title='bbox 1712 944 1832 1006; x_wconf 78' lang='lat' dir='ltr'><strong>acdona</strong></span> <span class='ocrx_word' id='word_1_74' title='bbox 1853 953 1882 1006; x_wconf 91' lang='lat' dir='ltr'><strong>et</strong></span> 
     </span>
     <span class='ocr_line' id='line_1_8' title="bbox 286 1032 1881 1119; baseline -0.001 -18"><span class='ocrx_word' id='word_1_75' title='bbox 286 1040 440 1116; x_wconf 62' lang='lat' dir='ltr'><strong>Eunomia</strong></span> <span class='ocrx_word' id='word_1_76' title='bbox 459 1046 490 1101; x_wconf 88' lang='lat' dir='ltr'><strong>et</strong></span> <span class='ocrx_word' id='word_1_77' title='bbox 501 1038 637 1119; x_wconf 73' lang='lat' dir='ltr'><strong>perfidiae</strong></span> <span class='ocrx_word' id='word_1_78' title='bbox 649 1037 830 1098; x_wconf 76' lang='lat' dir='ltr'><strong>architectus</strong></span> <span class='ocrx_word' id='word_1_79' title='bbox 845 1035 949 1096; x_wconf 86' lang='lat' dir='ltr'><strong>Aetius</strong></span> <span class='ocrx_word' id='word_1_80' title='bbox 961 1035 994 1095; x_wconf 93' lang='lat' dir='ltr'><strong>in</strong></span> <span class='ocrx_word' id='word_1_81' title='bbox 1004 1053 1058 1095; x_wconf 89' lang='lat' dir='ltr'><strong>ca·</strong></span> <span class='ocrx_word' id='word_1_82' title='bbox 1111 1032 1239 1093; x_wconf 74' lang='lat' dir='ltr'><strong>Gabeni</strong></span> <span class='ocrx_word' id='word_1_83' title='bbox 1252 1034 1401 1095; x_wconf 86' lang='lat' dir='ltr'><strong>sententia</strong></span> <span class='ocrx_word' id='word_1_84' title='bbox 1410 1042 1555 1113; x_wconf 59' lang='lat' dir='ltr'><strong>⁸constare</strong></span> <span class='ocrx_word' id='word_1_85' title='bbox 1569 1041 1677 1115; x_wconf 91' lang='lat' dir='ltr'><strong>potest.</strong></span> <span class='ocrx_word' id='word_1_86' title='bbox 1703 1038 1823 1099; x_wconf 83' lang='lat' dir='ltr'><strong>Primus</strong></span> <span class='ocrx_word' id='word_1_87' title='bbox 1840 1046 1881 1100; x_wconf 90' lang='lat' dir='ltr'><strong>est</strong></span> 
     </span>
     <span class='ocr_line' id='line_1_9' title="bbox 284 1129 1881 1214; baseline -0.001 -19"><span class='ocrx_word' id='word_1_88' title='bbox 284 1134 390 1214; x_wconf 78' lang='lat' dir='ltr'><strong>pinnis</strong></span> <span class='ocrx_word' id='word_1_89' title='bbox 414 1133 477 1194; x_wconf 90' lang='lat' dir='ltr'><strong>suis</strong></span> <span class='ocrx_word' id='word_1_90' title='bbox 503 1151 572 1211; x_wconf 71' lang='lat' dir='ltr'><strong>qua»</strong></span> <span class='ocrx_word' id='word_1_91' title='bbox 597 1137 703 1192; x_wconf 83' lang='lat' dir='ltr'><strong>contra</strong></span> <span class='ocrx_word' id='word_1_92' title='bbox 735 1130 921 1190; x_wconf 83' lang='lat' dir='ltr'><strong>catholicum</strong></span> <span class='ocrx_word' id='word_1_93' title='bbox 943 1129 1059 1208; x_wconf 89' lang='lat' dir='ltr'><strong>dogma</strong></span> <span class='ocrx_word' id='word_1_94' title='bbox 1111 1132 1233 1187; x_wconf 68' lang='lat' dir='ltr'><strong>unctus</strong></span> <span class='ocrx_word' id='word_1_95' title='bbox 1251 1129 1425 1189; x_wconf 73' lang='lat' dir='ltr'><strong>Bernartius</strong></span> <span class='ocrx_word' id='word_1_96' title='bbox 1445 1130 1500 1208; x_wconf 91' lang='lat' dir='ltr'><strong>qui</strong></span> <span class='ocrx_word' id='word_1_97' title='bbox 1518 1130 1590 1190; x_wconf 85' lang='lat' dir='ltr'><strong>huie</strong></span> <span class='ocrx_word' id='word_1_98' title='bbox 1614 1131 1738 1210; x_wconf 62' lang='lat' dir='ltr'><strong>uagom</strong></span> <span class='ocrx_word' id='word_1_99' title='bbox 1751 1150 1814 1193; x_wconf 89' lang='lat' dir='ltr'><strong>non</strong></span> <span class='ocrx_word' id='word_1_100' title='bbox 1836 1134 1881 1193; x_wconf 93' lang='lat' dir='ltr'><strong>in·</strong></span> 
     </span>
     <span class='ocr_line' id='line_1_10' title="bbox 286 1219 1880 1307; baseline -0.002 -18"><span class='ocrx_word' id='word_1_101' title='bbox 286 1227 381 1290; x_wconf 83' lang='lat' dir='ltr'><strong>edidit</strong></span> <span class='ocrx_word' id='word_1_102' title='bbox 396 1231 418 1304; x_wconf 93' lang='lat'><strong>¹,</strong></span> <span class='ocrx_word' id='word_1_103' title='bbox 431 1228 566 1307; x_wconf 89' lang='lat' dir='ltr'><strong>idipsum</strong></span> <span class='ocrx_word' id='word_1_104' title='bbox 582 1225 722 1301; x_wconf 83' lang='lat' dir='ltr'><strong>adstruit,</strong></span> <span class='ocrx_word' id='word_1_105' title='bbox 739 1224 857 1285; x_wconf 90' lang='lat' dir='ltr'><strong>nullam</strong></span> <span class='ocrx_word' id='word_1_106' title='bbox 875 1242 999 1303; x_wconf 89' lang='lat' dir='ltr'><strong>prorsus</strong></span> <span class='ocrx_word' id='word_1_107' title='bbox 1013 1223 1058 1282; x_wconf 91' lang='lat' dir='ltr'><strong>di·</strong></span> <span class='ocrx_word' id='word_1_108' title='bbox 1111 1219 1216 1280; x_wconf 84' lang='lat' dir='ltr'><strong>terfuit</strong></span> <span class='ocrx_word' id='word_1_109' title='bbox 1252 1223 1355 1297; x_wconf 91' lang='lat' dir='ltr'><strong>modo,</strong></span> <span class='ocrx_word' id='word_1_110' title='bbox 1385 1224 1439 1283; x_wconf 89' lang='lat' dir='ltr'><strong>sed</strong></span> <span class='ocrx_word' id='word_1_111' title='bbox 1466 1223 1560 1284; x_wconf 87' lang='lat' dir='ltr'><strong>etiam</strong></span> <span class='ocrx_word' id='word_1_112' title='bbox 1599 1225 1720 1304; x_wconf 72' lang='lat' dir='ltr'><strong>praefuit</strong></span> <span class='ocrx_word' id='word_1_113' title='bbox 1748 1242 1784 1286; x_wconf 85' lang='lat' dir='ltr'><strong>aa</strong></span> <span class='ocrx_word' id='word_1_114' title='bbox 1813 1244 1880 1306; x_wconf 77' lang='lat' dir='ltr'><strong>pars</strong></span> 
     </span>
     <span class='ocr_line' id='line_1_11' title="bbox 285 1314 1881 1397; baseline -0.001 -15"><span class='ocrx_word' id='word_1_115' title='bbox 285 1338 406 1382; x_wconf 79' lang='lat' dir='ltr'><strong>versam</strong></span> <span class='ocrx_word' id='word_1_116' title='bbox 425 1321 463 1382; x_wconf 91' lang='lat' dir='ltr'><strong>de</strong></span> <span class='ocrx_word' id='word_1_117' title='bbox 485 1322 548 1381; x_wconf 87' lang='lat' dir='ltr'><strong>Deo</strong></span> <span class='ocrx_word' id='word_1_118' title='bbox 565 1320 733 1394; x_wconf 90' lang='lat' dir='ltr'><strong>notionem,</strong></span> <span class='ocrx_word' id='word_1_119' title='bbox 749 1317 918 1397; x_wconf 89' lang='lat' dir='ltr'><strong>quamlibet</strong></span> <span class='ocrx_word' id='word_1_120' title='bbox 931 1314 1059 1377; x_wconf 80' lang='lat' dir='ltr'><strong>dirersis</strong></span> <span class='ocrx_word' id='word_1_121' title='bbox 1112 1332 1226 1392; x_wconf 80' lang='lat' dir='ltr'><strong>magna</strong></span> <span class='ocrx_word' id='word_1_122' title='bbox 1250 1316 1380 1392; x_wconf 90' lang='lat' dir='ltr'><strong>concilii,</strong></span> <span class='ocrx_word' id='word_1_123' title='bbox 1409 1319 1492 1396; x_wconf 91' lang='lat' dir='ltr'><strong>quod</strong></span> <span class='ocrx_word' id='word_1_124' title='bbox 1518 1319 1664 1380; x_wconf 81' lang='lat' dir='ltr'><strong>adversus</strong></span> <span class='ocrx_word' id='word_1_125' title='bbox 1692 1320 1781 1380; x_wconf 91' lang='lat' dir='ltr'><strong>illum</strong></span> <span class='ocrx_word' id='word_1_126' title='bbox 1804 1322 1881 1381; x_wconf 86' lang='lat' dir='ltr'><strong>celo-</strong></span> 
     </span>
     <span class='ocr_line' id='line_1_12' title="bbox 285 1409 1883 1495; baseline -0.004 -20"><span class='ocrx_word' id='word_1_127' title='bbox 285 1415 406 1495; x_wconf 85' lang='lat' dir='ltr'><strong>quaeda</strong></span> <span class='ocrx_word' id='word_1_128' title='bbox 421 1413 475 1473; x_wconf 93' lang='lat' dir='ltr'><strong>illo</strong></span> <span class='ocrx_word' id='word_1_129' title='bbox 492 1411 729 1493; x_wconf 84' lang='lat' dir='ltr'><strong>pronuntientur</strong></span> <span class='ocrx_word' id='word_1_130' title='bbox 745 1409 903 1471; x_wconf 84' lang='lat' dir='ltr'><strong>vocabulis</strong></span> <span class='ocrx_word' id='word_1_131' title='bbox 922 1410 1057 1471; x_wconf 82' lang='lat' dir='ltr'><strong>subesse.</strong></span> <span class='ocrx_word' id='word_1_132' title='bbox 1112 1416 1237 1477; x_wconf 63' lang='lat' dir='ltr'><strong>brutum</strong></span> <span class='ocrx_word' id='word_1_133' title='bbox 1254 1420 1309 1488; x_wconf 77' lang='lat' dir='ltr'><strong>est,</strong></span> <span class='ocrx_word' id='word_1_134' title='bbox 1326 1418 1356 1473; x_wconf 87' lang='lat' dir='ltr'><strong>et</strong></span> <span class='ocrx_word' id='word_1_135' title='bbox 1381 1412 1555 1472; x_wconf 76' lang='lat' dir='ltr'><strong>certaminis</strong></span> <span class='ocrx_word' id='word_1_136' title='bbox 1568 1412 1636 1472; x_wconf 77' lang='lat' dir='ltr'><strong>fuit</strong></span> <span class='ocrx_word' id='word_1_137' title='bbox 1660 1414 1817 1475; x_wconf 75' lang='lat' dir='ltr'><strong>Seermdus</strong></span> <span class='ocrx_word' id='word_1_138' title='bbox 1841 1421 1883 1476; x_wconf 79' lang='lat' dir='ltr'><strong>est</strong></span> 
     </span>
     <span class='ocr_line' id='line_1_13' title="bbox 286 1502 1999 1587; baseline -0.002 -17"><span class='ocrx_word' id='word_1_139' title='bbox 286 1511 365 1570; x_wconf 87' lang='lat' dir='ltr'><strong>Nam</strong></span> <span class='ocrx_word' id='word_1_140' title='bbox 385 1507 539 1569; x_wconf 81' lang='lat' dir='ltr'><strong>interulis</strong></span> <span class='ocrx_word' id='word_1_141' title='bbox 557 1507 599 1567; x_wconf 88' lang='lat' dir='ltr'><strong>sic</strong></span> <span class='ocrx_word' id='word_1_142' title='bbox 615 1510 897 1585; x_wconf 72' lang='lat' dir='ltr'><strong>argrrmentaurrzr</strong></span> <span class='ocrx_word' id='word_1_143' title='bbox 923 1504 956 1565; x_wconf 86' lang='lat' dir='ltr'><strong>Si</strong></span> <span class='ocrx_word' id='word_1_144' title='bbox 971 1505 1059 1583; x_wconf 84' lang='lat' dir='ltr'><strong>inge·</strong></span> <span class='ocrx_word' id='word_1_145' title='bbox 1113 1508 1283 1569; x_wconf 81' lang='lat' dir='ltr'><strong>[iauhedus</strong></span> <span class='ocrx_word' id='word_1_146' title='bbox 1327 1504 1558 1566; x_wconf 86' lang='lat' dir='ltr'><strong>Claravallensis</strong></span> <span class='ocrx_word' id='word_1_147' title='bbox 1604 1502 1785 1583; x_wconf 89' lang='lat' dir='ltr'><strong>monachus,</strong></span> <span class='ocrx_word' id='word_1_148' title='bbox 1834 1509 1883 1587; x_wconf 88' lang='lat' dir='ltr'><strong>qui</strong></span> <span class='ocrx_word' id='word_1_149' title='bbox 1997 1576 1999 1581; x_wconf 21' lang='lat'><strong><em>¹</em></strong></span> 
     </span>
     <span class='ocr_line' id='line_1_14' title="bbox 285 1597 1882 1678; baseline -0.001 -14"><span class='ocrx_word' id='word_1_150' title='bbox 285 1604 342 1664; x_wconf 90' lang='lat' dir='ltr'><strong>niti</strong></span> <span class='ocrx_word' id='word_1_151' title='bbox 361 1620 420 1663; x_wconf 84' lang='lat' dir='ltr'><strong>vox</strong></span> <span class='ocrx_word' id='word_1_152' title='bbox 440 1601 495 1662; x_wconf 87' lang='lat' dir='ltr'><strong>Dei</strong></span> <span class='ocrx_word' id='word_1_153' title='bbox 508 1600 671 1662; x_wconf 86' lang='lat' dir='ltr'><strong>essentiam</strong></span> <span class='ocrx_word' id='word_1_154' title='bbox 687 1599 814 1660; x_wconf 86' lang='lat' dir='ltr'><strong>minime</strong></span> <span class='ocrx_word' id='word_1_155' title='bbox 831 1597 991 1678; x_wconf 85' lang='lat' dir='ltr'><strong>significat,</strong></span> <span class='ocrx_word' id='word_1_156' title='bbox 1005 1597 1059 1658; x_wconf 89' lang='lat' dir='ltr'><strong>sed</strong></span> <span class='ocrx_word' id='word_1_157' title='bbox 1113 1606 1217 1663; x_wconf 85' lang='lat' dir='ltr'><strong>sancto</strong></span> <span class='ocrx_word' id='word_1_158' title='bbox 1231 1599 1386 1661; x_wconf 81' lang='lat' dir='ltr'><strong>Bemardo</strong></span> <span class='ocrx_word' id='word_1_159' title='bbox 1402 1598 1506 1659; x_wconf 89' lang='lat' dir='ltr'><strong>abbati</strong></span> <span class='ocrx_word' id='word_1_160' title='bbox 1517 1616 1573 1659; x_wconf 89' lang='lat' dir='ltr'><strong>suo</strong></span> <span class='ocrx_word' id='word_1_161' title='bbox 1592 1605 1698 1661; x_wconf 90' lang='lat' dir='ltr'><strong>contra</strong></span> <span class='ocrx_word' id='word_1_162' title='bbox 1715 1600 1882 1662; x_wconf 89' lang='lat' dir='ltr'><strong>Gilbcrtum</strong></span> 
     </span>
     <span class='ocr_line' id='line_1_15' title="bbox 284 1693 1883 1775; baseline 0 -18"><span class='ocrx_word' id='word_1_163' title='bbox 284 1694 525 1775; x_wconf 80' lang='lat' dir='ltr'><strong>incomparabile</strong></span> <span class='ocrx_word' id='word_1_164' title='bbox 546 1693 624 1754; x_wconf 91' lang='lat' dir='ltr'><strong>illud</strong></span> <span class='ocrx_word' id='word_1_165' title='bbox 647 1711 762 1755; x_wconf 91' lang='lat' dir='ltr'><strong>nomen</strong></span> <span class='ocrx_word' id='word_1_166' title='bbox 794 1694 938 1754; x_wconf 81' lang='lat' dir='ltr'><strong>humana</strong></span> <span class='ocrx_word' id='word_1_167' title='bbox 957 1693 1060 1773; x_wconf 86' lang='lat' dir='ltr'><strong>cogni·</strong></span> <span class='ocrx_word' id='word_1_168' title='bbox 1113 1696 1347 1771; x_wconf 73' lang='lat' dir='ltr'><strong>scrutantr</strong></span> <span class='ocrx_word' id='word_1_169' title='bbox 1366 1693 1470 1754; x_wconf 90' lang='lat' dir='ltr'><strong>omnia</strong></span> <span class='ocrx_word' id='word_1_170' title='bbox 1495 1694 1670 1774; x_wconf 86' lang='lat' dir='ltr'><strong>perscripsit</strong></span> <span class='ocrx_word' id='word_1_171' title='bbox 1689 1695 1729 1757; x_wconf 87' lang='lat' dir='ltr'><strong>ad</strong></span> <span class='ocrx_word' id='word_1_172' title='bbox 1749 1696 1883 1757; x_wconf 80' lang='lat' dir='ltr'><strong>cardim-</strong></span> 
     </span>
     <span class='ocr_line' id='line_1_16' title="bbox 284 1783 1883 1871; baseline -0.001 -19"><span class='ocrx_word' id='word_1_173' title='bbox 284 1792 375 1852; x_wconf 89' lang='lat' dir='ltr'><strong>tionis</strong></span> <span class='ocrx_word' id='word_1_174' title='bbox 396 1796 451 1867; x_wconf 87' lang='lat' dir='ltr'><strong>est,</strong></span> <span class='ocrx_word' id='word_1_175' title='bbox 476 1792 556 1850; x_wconf 78' lang='lat' dir='ltr'><strong>Dein</strong></span> <span class='ocrx_word' id='word_1_176' title='bbox 578 1789 619 1850; x_wconf 90' lang='lat' dir='ltr'><strong>ob</strong></span> <span class='ocrx_word' id='word_1_177' title='bbox 641 1789 723 1849; x_wconf 90' lang='lat' dir='ltr'><strong>istud</strong></span> <span class='ocrx_word' id='word_1_178' title='bbox 748 1789 876 1867; x_wconf 85' lang='lat' dir='ltr'><strong>ingeniti</strong></span> <span class='ocrx_word' id='word_1_179' title='bbox 901 1805 1059 1849; x_wconf 85' lang='lat' dir='ltr'><strong>commen-</strong></span> <span class='ocrx_word' id='word_1_180' title='bbox 1113 1790 1175 1852; x_wconf 86' lang='lat' dir='ltr'><strong>lem</strong></span> <span class='ocrx_word' id='word_1_181' title='bbox 1189 1783 1429 1851; x_wconf 71' lang='lat' dir='ltr'><strong>albanensem2.</strong></span> <span class='ocrx_word' id='word_1_182' title='bbox 1444 1787 1563 1849; x_wconf 82' lang='lat' dir='ltr'><strong>Tertius</strong></span> <span class='ocrx_word' id='word_1_183' title='bbox 1578 1792 1623 1850; x_wconf 89' lang='lat' dir='ltr'><strong>est</strong></span> <span class='ocrx_word' id='word_1_184' title='bbox 1634 1792 1702 1850; x_wconf 87' lang='lat' dir='ltr'><strong>Otto</strong></span> <span class='ocrx_word' id='word_1_185' title='bbox 1714 1788 1883 1871; x_wconf 83' lang='lat' dir='ltr'><strong>Frisingen</strong></span> 
     </span>
     <span class='ocr_line' id='line_1_17' title="bbox 284 1880 1882 1965; baseline -0.001 -19"><span class='ocrx_word' id='word_1_186' title='bbox 284 1891 351 1946; x_wconf 87' lang='lat' dir='ltr'><strong>tum</strong></span> <span class='ocrx_word' id='word_1_187' title='bbox 372 1884 410 1945; x_wconf 88' lang='lat' dir='ltr'><strong>iis</strong></span> <span class='ocrx_word' id='word_1_188' title='bbox 440 1884 494 1964; x_wconf 91' lang='lat' dir='ltr'><strong>qui</strong></span> <span class='ocrx_word' id='word_1_189' title='bbox 515 1883 694 1964; x_wconf 87' lang='lat' dir='ltr'><strong>repererint,</strong></span> <span class='ocrx_word' id='word_1_190' title='bbox 719 1882 824 1962; x_wconf 78' lang='lat' dir='ltr'><strong>gratia</strong></span> <span class='ocrx_word' id='word_1_191' title='bbox 855 1880 976 1942; x_wconf 89' lang='lat' dir='ltr'><strong>debitor</strong></span> <span class='ocrx_word' id='word_1_192' title='bbox 1001 1887 1056 1955; x_wconf 88' lang='lat' dir='ltr'><strong>est,</strong></span> <span class='ocrx_word' id='word_1_193' title='bbox 1113 1885 1164 1958; x_wconf 90' lang='lat' dir='ltr'><strong>sis,</strong></span> <span class='ocrx_word' id='word_1_194' title='bbox 1180 1884 1235 1964; x_wconf 93' lang='lat' dir='ltr'><strong>qui</strong></span> <span class='ocrx_word' id='word_1_195' title='bbox 1261 1880 1369 1945; x_wconf 88' lang='lat' dir='ltr'><strong>eadem</strong></span> <span class='ocrx_word' id='word_1_196' title='bbox 1394 1888 1480 1943; x_wconf 82' lang='lat' dir='ltr'><strong>atate</strong></span> <span class='ocrx_word' id='word_1_197' title='bbox 1504 1888 1628 1944; x_wconf 87' lang='lat' dir='ltr'><strong>mortun</strong></span> <span class='ocrx_word' id='word_1_198' title='bbox 1653 1883 1828 1965; x_wconf 87' lang='lat' dir='ltr'><strong>integritate</strong></span> <span class='ocrx_word' id='word_1_199' title='bbox 1850 1903 1882 1945; x_wconf 90' lang='lat' dir='ltr'><strong>ac</strong></span> 
     </span>
     <span class='ocr_line' id='line_1_18' title="bbox 285 1974 1881 2058; baseline -0.001 -18"><span class='ocrx_word' id='word_1_200' title='bbox 285 1998 356 2040; x_wconf 83' lang='lat' dir='ltr'><strong>curn</strong></span> <span class='ocrx_word' id='word_1_201' title='bbox 373 1984 458 2040; x_wconf 88' lang='lat' dir='ltr'><strong>tanto</strong></span> <span class='ocrx_word' id='word_1_202' title='bbox 471 1979 590 2039; x_wconf 86' lang='lat' dir='ltr'><strong>nomini</strong></span> <span class='ocrx_word' id='word_1_203' title='bbox 601 1978 837 2058; x_wconf 86' lang='lat' dir='ltr'><strong>respondentem</strong></span> <span class='ocrx_word' id='word_1_204' title='bbox 847 1977 1059 2037; x_wconf 85' lang='lat' dir='ltr'><strong>excellentiam</strong></span> <span class='ocrx_word' id='word_1_205' title='bbox 1112 1976 1270 2038; x_wconf 87' lang='lat' dir='ltr'><strong>nobilitate</strong></span> <span class='ocrx_word' id='word_1_206' title='bbox 1283 1977 1415 2057; x_wconf 81' lang='lat' dir='ltr'><strong>insignis</strong></span> <span class='ocrx_word' id='word_1_207' title='bbox 1430 1976 1537 2038; x_wconf 79' lang='lat' dir='ltr'><strong>extitit.</strong></span> <span class='ocrx_word' id='word_1_208' title='bbox 1555 1976 1625 2038; x_wconf 90' lang='lat' dir='ltr'><strong>Fuit</strong></span> <span class='ocrx_word' id='word_1_209' title='bbox 1637 1980 1719 2039; x_wconf 91' lang='lat' dir='ltr'><strong>enim</strong></span> <span class='ocrx_word' id='word_1_210' title='bbox 1739 1974 1881 2040; x_wconf 85' lang='lat' dir='ltr'><strong>Friderici</strong></span> 
     </span>
     <span class='ocr_line' id='line_1_19' title="bbox 283 2064 1883 2152; baseline -0.003 -15"><span class='ocrx_word' id='word_1_211' title='bbox 283 2075 317 2136; x_wconf 90' lang='lat' dir='ltr'><strong>in</strong></span> <span class='ocrx_word' id='word_1_212' title='bbox 331 2074 461 2137; x_wconf 87' lang='lat' dir='ltr'><strong>essentia</strong></span> <span class='ocrx_word' id='word_1_213' title='bbox 480 2093 537 2135; x_wconf 89' lang='lat' dir='ltr'><strong>sua</strong></span> <span class='ocrx_word' id='word_1_214' title='bbox 549 2093 613 2135; x_wconf 93' lang='lat' dir='ltr'><strong>non</strong></span> <span class='ocrx_word' id='word_1_215' title='bbox 633 2072 747 2135; x_wconf 90' lang='lat' dir='ltr'><strong>haheat</strong></span> <span class='ocrx_word' id='word_1_216' title='bbox 760 2064 781 2134; x_wconf 76' lang='lat'><strong>⁶.</strong></span> <span class='ocrx_word' id='word_1_217' title='bbox 797 2073 861 2134; x_wconf 80' lang='lat' dir='ltr'><strong>»Et</strong></span> <span class='ocrx_word' id='word_1_218' title='bbox 873 2073 906 2133; x_wconf 92' lang='lat' dir='ltr'><strong>in</strong></span> <span class='ocrx_word' id='word_1_219' title='bbox 919 2073 1059 2152; x_wconf 88' lang='lat' dir='ltr'><strong>sequenti</strong></span> <span class='ocrx_word' id='word_1_220' title='bbox 1114 2068 1209 2133; x_wconf 90' lang='lat' dir='ltr'><strong>Primi</strong></span> <span class='ocrx_word' id='word_1_221' title='bbox 1228 2071 1419 2150; x_wconf 85' lang='lat' dir='ltr'><strong>imperatoris</strong></span> <span class='ocrx_word' id='word_1_222' title='bbox 1433 2075 1571 2150; x_wconf 84' lang='lat' dir='ltr'><strong>patruus,</strong></span> <span class='ocrx_word' id='word_1_223' title='bbox 1591 2068 1679 2149; x_wconf 74' lang='lat' dir='ltr'><strong>cujus</strong></span> <span class='ocrx_word' id='word_1_224' title='bbox 1690 2071 1820 2132; x_wconf 83' lang='lat' dir='ltr'><strong>virentis</strong></span> <span class='ocrx_word' id='word_1_225' title='bbox 1831 2073 1883 2133; x_wconf 87' lang='lat' dir='ltr'><strong>ad·</strong></span> 
     </span>
     <span class='ocr_line' id='line_1_20' title="bbox 283 2163 1882 2250; baseline -0.003 -20"><span class='ocrx_word' id='word_1_226' title='bbox 283 2169 437 2250; x_wconf 88' lang='lat' dir='ltr'><strong>capitulo:</strong></span> <span class='ocrx_word' id='word_1_227' title='bbox 458 2190 473 2227; x_wconf 85' lang='grc' dir='ltr'><strong>ιι</strong></span> <span class='ocrx_word' id='word_1_228' title='bbox 492 2169 524 2229; x_wconf 87' lang='lat' dir='ltr'><strong>Si</strong></span> <span class='ocrx_word' id='word_1_229' title='bbox 543 2168 715 2248; x_wconf 84' lang='lat' dir='ltr'><strong>ingenitum</strong></span> <span class='ocrx_word' id='word_1_230' title='bbox 731 2170 794 2228; x_wconf 84' lang='lat' dir='ltr'><strong>ileo</strong></span> <span class='ocrx_word' id='word_1_231' title='bbox 815 2167 1059 2227; x_wconf 77' lang='lat' dir='ltr'><strong>erutnsecnsat-</strong></span> <span class='ocrx_word' id='word_1_232' title='bbox 1112 2165 1174 2225; x_wconf 90' lang='lat' dir='ltr'><strong>huc</strong></span> <span class='ocrx_word' id='word_1_233' title='bbox 1193 2170 1278 2244; x_wconf 86' lang='lat' dir='ltr'><strong>gesta</strong></span> <span class='ocrx_word' id='word_1_234' title='bbox 1302 2164 1396 2243; x_wconf 87' lang='lat' dir='ltr'><strong>(hunc</strong></span> <span class='ocrx_word' id='word_1_235' title='bbox 1415 2163 1498 2224; x_wconf 81' lang='lat' dir='ltr'><strong>emm</strong></span> <span class='ocrx_word' id='word_1_236' title='bbox 1523 2164 1658 2226; x_wconf 84' lang='lat' dir='ltr'><strong>moriens</strong></span> <span class='ocrx_word' id='word_1_237' title='bbox 1675 2182 1756 2226; x_wconf 88' lang='lat' dir='ltr'><strong>anno</strong></span> <span class='ocrx_word' id='word_1_238' title='bbox 1773 2165 1882 2226; x_wconf 87' lang='lat' dir='ltr'><strong>Christi</strong></span> 
     </span>
     <span class='ocr_line' id='line_1_21' title="bbox 283 2254 1884 2342; baseline -0.002 -19"><span class='ocrx_word' id='word_1_239' title='bbox 283 2264 410 2342; x_wconf 84' lang='lat' dir='ltr'><strong>tingitur</strong></span> <span class='ocrx_word' id='word_1_240' title='bbox 424 2263 561 2323; x_wconf 90' lang='lat' dir='ltr'><strong>humana</strong></span> <span class='ocrx_word' id='word_1_241' title='bbox 582 2261 835 2334; x_wconf 87' lang='lat' dir='ltr'><strong>consideratione,</strong></span> <span class='ocrx_word' id='word_1_242' title='bbox 860 2260 914 2339; x_wconf 92' lang='lat' dir='ltr'><strong>qui</strong></span> <span class='ocrx_word' id='word_1_243' title='bbox 929 2260 1058 2322; x_wconf 85' lang='lat' dir='ltr'><strong>affinxe-</strong></span> <span class='ocrx_word' id='word_1_244' title='bbox 1112 2268 1197 2321; x_wconf 79' lang='lat' dir='ltr'><strong>nona</strong></span> <span class='ocrx_word' id='word_1_245' title='bbox 1215 2258 1408 2338; x_wconf 89' lang='lat' dir='ltr'><strong>superstitem</strong></span> <span class='ocrx_word' id='word_1_246' title='bbox 1421 2254 1553 2338; x_wconf 85' lang='lat' dir='ltr'><strong>reliquit)</strong></span> <span class='ocrx_word' id='word_1_247' title='bbox 1571 2256 1656 2318; x_wconf 89' lang='lat' dir='ltr'><strong>libris</strong></span> <span class='ocrx_word' id='word_1_248' title='bbox 1667 2258 1788 2319; x_wconf 89' lang='lat' dir='ltr'><strong>duobus</strong></span> <span class='ocrx_word' id='word_1_249' title='bbox 1806 2276 1884 2319; x_wconf 88' lang='lat' dir='ltr'><strong>com·</strong></span> 
     </span>
     <span class='ocr_line' id='line_1_22' title="bbox 283 2350 1883 2435; baseline -0.003 -18"><span class='ocrx_word' id='word_1_250' title='bbox 283 2361 367 2435; x_wconf 91' lang='lat' dir='ltr'><strong>runt,</strong></span> <span class='ocrx_word' id='word_1_251' title='bbox 384 2356 412 2416; x_wconf 90' lang='lat' dir='ltr'><strong>ci</strong></span> <span class='ocrx_word' id='word_1_252' title='bbox 432 2355 491 2435; x_wconf 90' lang='lat' dir='ltr'><strong>ipsi</strong></span> <span class='ocrx_word' id='word_1_253' title='bbox 509 2354 559 2415; x_wconf 91' lang='lat' dir='ltr'><strong>cui</strong></span> <span class='ocrx_word' id='word_1_254' title='bbox 580 2355 748 2434; x_wconf 86' lang='lat' dir='ltr'><strong>affingitur,</strong></span> <span class='ocrx_word' id='word_1_255' title='bbox 772 2353 968 2429; x_wconf 89' lang='lat' dir='ltr'><strong>antecellunt,</strong></span> <span class='ocrx_word' id='word_1_256' title='bbox 986 2372 1058 2414; x_wconf 89' lang='lat' dir='ltr'><strong>cum</strong></span> <span class='ocrx_word' id='word_1_257' title='bbox 1112 2351 1220 2433; x_wconf 78' lang='lat' dir='ltr'><strong>plexus</strong></span> <span class='ocrx_word' id='word_1_258' title='bbox 1244 2356 1299 2429; x_wconf 87' lang='lat' dir='ltr'><strong>est,</strong></span> <span class='ocrx_word' id='word_1_259' title='bbox 1321 2368 1455 2431; x_wconf 90' lang='lat' dir='ltr'><strong>quornm</strong></span> <span class='ocrx_word' id='word_1_260' title='bbox 1476 2350 1509 2411; x_wconf 91' lang='lat' dir='ltr'><strong>in</strong></span> <span class='ocrx_word' id='word_1_261' title='bbox 1538 2351 1640 2430; x_wconf 87' lang='lat' dir='ltr'><strong>priore</strong></span> <span class='ocrx_word' id='word_1_262' title='bbox 1664 2350 1791 2413; x_wconf 85' lang='lat' dir='ltr'><strong>Gilberti</strong></span> <span class='ocrx_word' id='word_1_263' title='bbox 1812 2353 1883 2412; x_wconf 87' lang='lat' dir='ltr'><strong>Por-</strong></span> 
     </span>
     <span class='ocr_line' id='line_1_23' title="bbox 283 2436 1884 2528; baseline -0.001 -19"><span class='ocrx_word' id='word_1_264' title='bbox 283 2448 474 2527; x_wconf 81' lang='lat' dir='ltr'><strong>praestantius</strong></span> <span class='ocrx_word' id='word_1_265' title='bbox 500 2466 594 2528; x_wconf 92' lang='lat' dir='ltr'><strong>quam</strong></span> <span class='ocrx_word' id='word_1_266' title='bbox 617 2466 673 2527; x_wconf 92' lang='lat' dir='ltr'><strong>pro</strong></span> <span class='ocrx_word' id='word_1_267' title='bbox 700 2448 767 2526; x_wconf 86' lang='lat' dir='ltr'><strong>ejus</strong></span> <span class='ocrx_word' id='word_1_268' title='bbox 790 2454 911 2524; x_wconf 86' lang='lat' dir='ltr'><strong>natura,</strong></span> <span class='ocrx_word' id='word_1_269' title='bbox 935 2447 982 2508; x_wconf 92' lang='lat' dir='ltr'><strong>illi</strong></span> <span class='ocrx_word' id='word_1_270' title='bbox 1000 2466 1057 2508; x_wconf 92' lang='lat' dir='ltr'><strong>no·</strong></span> <span class='ocrx_word' id='word_1_271' title='bbox 1112 2448 1210 2509; x_wconf 91' lang='lat' dir='ltr'><strong>retani</strong></span> <span class='ocrx_word' id='word_1_272' title='bbox 1242 2436 1402 2507; x_wconf 84' lang='lat' dir='ltr'><strong>historiam</strong></span> <span class='ocrx_word' id='word_1_273' title='bbox 1426 2450 1565 2506; x_wconf 85' lang='lat' dir='ltr'><strong>accurate</strong></span> <span class='ocrx_word' id='word_1_274' title='bbox 1590 2445 1739 2525; x_wconf 87' lang='lat' dir='ltr'><strong>capitibus</strong></span> <span class='ocrx_word' id='word_1_275' title='bbox 1768 2442 1884 2527; x_wconf 88' lang='lat' dir='ltr'><strong>aliquot</strong></span> 
     </span>
     <span class='ocr_line' id='line_1_24' title="bbox 282 2538 1883 2621; baseline -0.001 -18"><span class='ocrx_word' id='word_1_276' title='bbox 282 2558 356 2603; x_wconf 91' lang='lat' dir='ltr'><strong>men</strong></span> <span class='ocrx_word' id='word_1_277' title='bbox 369 2542 546 2603; x_wconf 88' lang='lat' dir='ltr'><strong>attribuant.</strong></span> <span class='ocrx_word' id='word_1_278' title='bbox 566 2566 580 2599; x_wconf 83' lang='grc' dir='ltr'>ν</span> <span class='ocrx_word' id='word_1_279' title='bbox 602 2542 708 2603; x_wconf 90' lang='lat' dir='ltr'><strong>Simile</strong></span> <span class='ocrx_word' id='word_1_280' title='bbox 729 2543 878 2621; x_wconf 86' lang='lat' dir='ltr'><strong>quiddam</strong></span> <span class='ocrx_word' id='word_1_281' title='bbox 900 2548 931 2604; x_wconf 86' lang='lat' dir='ltr'><strong>et</strong></span> <span class='ocrx_word' id='word_1_282' title='bbox 951 2542 984 2602; x_wconf 90' lang='lat' dir='ltr'><strong>in</strong></span> <span class='ocrx_word' id='word_1_283' title='bbox 1006 2560 1058 2602; x_wconf 91' lang='lat' dir='ltr'><strong>ca·</strong></span> <span class='ocrx_word' id='word_1_284' title='bbox 1112 2541 1270 2621; x_wconf 89' lang='lat' dir='ltr'><strong>descripsit</strong></span> <span class='ocrx_word' id='word_1_285' title='bbox 1281 2538 1305 2617; x_wconf 77' lang='lat'><strong>⁸,</strong></span> <span class='ocrx_word' id='word_1_286' title='bbox 1323 2540 1451 2619; x_wconf 88' lang='lat' dir='ltr'><strong>ejusque</strong></span> <span class='ocrx_word' id='word_1_287' title='bbox 1466 2545 1533 2600; x_wconf 89' lang='lat' dir='ltr'><strong>tum</strong></span> <span class='ocrx_word' id='word_1_288' title='bbox 1553 2540 1707 2619; x_wconf 89' lang='lat' dir='ltr'><strong>dogmata,</strong></span> <span class='ocrx_word' id='word_1_289' title='bbox 1730 2546 1798 2600; x_wconf 89' lang='lat' dir='ltr'><strong>tum</strong></span> <span class='ocrx_word' id='word_1_290' title='bbox 1813 2542 1883 2601; x_wconf 88' lang='lat' dir='ltr'><strong>Ber·</strong></span> 
     </span>
     <span class='ocr_line' id='line_1_25' title="bbox 283 2634 1882 2716; baseline 0 -20"><span class='ocrx_word' id='word_1_291' title='bbox 283 2636 380 2716; x_wconf 89' lang='lat' dir='ltr'><strong>pitulo</strong></span> <span class='ocrx_word' id='word_1_292' title='bbox 389 2637 478 2696; x_wconf 86' lang='lat' dir='ltr'><strong>tertio</strong></span> <span class='ocrx_word' id='word_1_293' title='bbox 500 2641 531 2695; x_wconf 89' lang='lat' dir='ltr'><strong>et</strong></span> <span class='ocrx_word' id='word_1_294' title='bbox 544 2635 697 2695; x_wconf 87' lang='lat' dir='ltr'><strong>tricesimo</strong></span> <span class='ocrx_word' id='word_1_295' title='bbox 711 2635 816 2695; x_wconf 79' lang='lat' dir='ltr'><strong>Aetius</strong></span> <span class='ocrx_word' id='word_1_296' title='bbox 838 2634 953 2714; x_wconf 82' lang='lat' dir='ltr'><strong>objicit,</strong></span> <span class='ocrx_word' id='word_1_297' title='bbox 970 2635 1058 2713; x_wconf 86' lang='lat' dir='ltr'><strong>eujus</strong></span> <span class='ocrx_word' id='word_1_298' title='bbox 1112 2634 1201 2698; x_wconf 85' lang='lat' dir='ltr'><strong>nardi</strong></span> <span class='ocrx_word' id='word_1_299' title='bbox 1213 2636 1454 2714; x_wconf 77' lang='lat' dir='ltr'><strong>caeterorumque</strong></span> <span class='ocrx_word' id='word_1_300' title='bbox 1466 2640 1572 2695; x_wconf 77' lang='lat' dir='ltr'><strong>sonim</strong></span> <span class='ocrx_word' id='word_1_301' title='bbox 1581 2634 1671 2696; x_wconf 89' lang='lat' dir='ltr'><strong>illum</strong></span> <span class='ocrx_word' id='word_1_302' title='bbox 1684 2641 1752 2696; x_wconf 85' lang='lat' dir='ltr'><strong>acta</strong></span> <span class='ocrx_word' id='word_1_303' title='bbox 1769 2636 1882 2710; x_wconf 79' lang='lat' dir='ltr'><strong>retulit,</strong></span> 
     </span>
     <span class='ocr_line' id='line_1_26' title="bbox 283 2728 1884 2808; baseline -0.001 -18"><span class='ocrx_word' id='word_1_304' title='bbox 283 2729 447 2808; x_wconf 85' lang='lat' dir='ltr'><strong>sophistica</strong></span> <span class='ocrx_word' id='word_1_305' title='bbox 469 2728 568 2789; x_wconf 90' lang='lat' dir='ltr'><strong>omnis</strong></span> <span class='ocrx_word' id='word_1_306' title='bbox 590 2729 723 2788; x_wconf 81' lang='lat' dir='ltr'><strong>versutia</strong></span> <span class='ocrx_word' id='word_1_307' title='bbox 747 2747 784 2788; x_wconf 91' lang='lat' dir='ltr'><strong>eo</strong></span> <span class='ocrx_word' id='word_1_308' title='bbox 809 2734 942 2807; x_wconf 89' lang='lat' dir='ltr'><strong>spectat,</strong></span> <span class='ocrx_word' id='word_1_309' title='bbox 969 2734 1003 2788; x_wconf 91' lang='lat' dir='ltr'><strong>ut</strong></span> <span class='ocrx_word' id='word_1_310' title='bbox 1026 2730 1059 2789; x_wconf 90' lang='lat' dir='ltr'><strong>in</strong></span> <span class='ocrx_word' id='word_1_311' title='bbox 1112 2731 1233 2792; x_wconf 88' lang='lat' dir='ltr'><strong>tametsi</strong></span> <span class='ocrx_word' id='word_1_312' title='bbox 1255 2730 1288 2790; x_wconf 90' lang='lat' dir='ltr'><strong>ln</strong></span> <span class='ocrx_word' id='word_1_313' title='bbox 1311 2728 1482 2790; x_wconf 81' lang='lat' dir='ltr'><strong>Gilhartum</strong></span> <span class='ocrx_word' id='word_1_314' title='bbox 1506 2744 1595 2807; x_wconf 75' lang='lat' dir='ltr'><strong>aequo</strong></span> <span class='ocrx_word' id='word_1_315' title='bbox 1608 2730 1787 2808; x_wconf 86' lang='lat' dir='ltr'><strong>propensior</strong></span> <span class='ocrx_word' id='word_1_316' title='bbox 1800 2729 1884 2791; x_wconf 88' lang='lat' dir='ltr'><strong>vide·</strong></span> 
     </span>
     <span class='ocr_line' id='line_1_27' title="bbox 284 2820 1999 2904; baseline 0 -20"><span class='ocrx_word' id='word_1_317' title='bbox 284 2824 348 2884; x_wconf 81' lang='lat' dir='ltr'><strong>lieo</strong></span> <span class='ocrx_word' id='word_1_318' title='bbox 367 2822 446 2883; x_wconf 91' lang='lat' dir='ltr'><strong>nihil</strong></span> <span class='ocrx_word' id='word_1_319' title='bbox 459 2823 531 2883; x_wconf 90' lang='lat' dir='ltr'><strong>insit</strong></span> <span class='ocrx_word' id='word_1_320' title='bbox 541 2827 653 2903; x_wconf 78' lang='lat' dir='ltr'><strong>prater</strong></span> <span class='ocrx_word' id='word_1_321' title='bbox 665 2822 782 2883; x_wconf 90' lang='lat' dir='ltr'><strong>nudam</strong></span> <span class='ocrx_word' id='word_1_322' title='bbox 799 2824 971 2899; x_wconf 69' lang='lat' dir='ltr'><strong>suentium,</strong></span> <span class='ocrx_word' id='word_1_323' title='bbox 996 2840 1059 2884; x_wconf 89' lang='lat' dir='ltr'><strong>nou</strong></span> <span class='ocrx_word' id='word_1_324' title='bbox 1113 2828 1173 2899; x_wconf 90' lang='lat' dir='ltr'><strong>tur,</strong></span> <span class='ocrx_word' id='word_1_325' title='bbox 1205 2830 1235 2885; x_wconf 90' lang='lat' dir='ltr'><strong>et</strong></span> <span class='ocrx_word' id='word_1_326' title='bbox 1260 2822 1417 2884; x_wconf 75' lang='lat' dir='ltr'><strong>hemardo</strong></span> <span class='ocrx_word' id='word_1_327' title='bbox 1442 2820 1635 2901; x_wconf 82' lang='lat' dir='ltr'><strong>subiniquus,</strong></span> <span class='ocrx_word' id='word_1_328' title='bbox 1662 2823 1745 2903; x_wconf 91' lang='lat' dir='ltr'><strong>quod</strong></span> <span class='ocrx_word' id='word_1_329' title='bbox 1771 2830 1802 2884; x_wconf 92' lang='lat' dir='ltr'><strong>et</strong></span> <span class='ocrx_word' id='word_1_330' title='bbox 1821 2823 1884 2904; x_wconf 89' lang='lat' dir='ltr'><strong>ipsc</strong></span> <span class='ocrx_word' id='word_1_331' title='bbox 1998 2832 1999 2895; x_wconf 48' lang='lat' dir='ltr'><strong>Q</strong></span> 
     </span>
     <span class='ocr_line' id='line_1_28' title="bbox 282 2906 1999 3000; baseline 0.001 -23"><span class='ocrx_word' id='word_1_332' title='bbox 282 2918 375 2977; x_wconf 92' lang='lat' dir='ltr'><strong>modo</strong></span> <span class='ocrx_word' id='word_1_333' title='bbox 401 2916 512 2997; x_wconf 87' lang='lat' dir='ltr'><strong>reipsa,</strong></span> <span class='ocrx_word' id='word_1_334' title='bbox 541 2916 595 2977; x_wconf 89' lang='lat' dir='ltr'><strong>sed</strong></span> <span class='ocrx_word' id='word_1_335' title='bbox 624 2915 717 2976; x_wconf 87' lang='lat' dir='ltr'><strong>etiam</strong></span> <span class='ocrx_word' id='word_1_336' title='bbox 741 2916 923 2995; x_wconf 69' lang='lat' dir='ltr'><strong>cogitmme</strong></span> <span class='ocrx_word' id='word_1_337' title='bbox 943 2922 1057 2993; x_wconf 88' lang='lat' dir='ltr'><strong>nostra,</strong></span> <span class='ocrx_word' id='word_1_338' title='bbox 1114 2920 1310 3000; x_wconf 87' lang='lat' dir='ltr'><strong>poshnodum</strong></span> <span class='ocrx_word' id='word_1_339' title='bbox 1338 2919 1472 2998; x_wconf 83' lang='lat' dir='ltr'><strong>agnovit,</strong></span> <span class='ocrx_word' id='word_1_340' title='bbox 1496 2916 1526 2978; x_wconf 89' lang='lat' dir='ltr'><strong>et</strong></span> <span class='ocrx_word' id='word_1_341' title='bbox 1549 2918 1683 2979; x_wconf 88' lang='lat' dir='ltr'><strong>moriens</strong></span> <span class='ocrx_word' id='word_1_342' title='bbox 1705 2919 1785 2979; x_wconf 68' lang='lat' dir='ltr'><strong>cauit</strong></span> <span class='ocrx_word' id='word_1_343' title='bbox 1812 2942 1828 2975; x_wconf 75' lang='grc' dir='ltr'>ι</span> <span class='ocrx_word' id='word_1_344' title='bbox 1853 2924 1884 2979; x_wconf 89' lang='lat' dir='ltr'><strong>at</strong></span> <span class='ocrx_word' id='word_1_345' title='bbox 1998 2906 1999 2919; x_wconf 46' lang='lat'>¹</span> 
     </span>
     <span class='ocr_line' id='line_1_29' title="bbox 285 3008 1884 3094; baseline 0.001 -22"><span class='ocrx_word' id='word_1_346' title='bbox 285 3011 423 3090; x_wconf 82' lang='lat' dir='ltr'><strong>adeoque</strong></span> <span class='ocrx_word' id='word_1_347' title='bbox 450 3010 589 3070; x_wconf 76' lang='lat' dir='ltr'><strong>nonanes</strong></span> <span class='ocrx_word' id='word_1_348' title='bbox 608 3026 715 3069; x_wconf 90' lang='lat' dir='ltr'><strong>omnes</strong></span> <span class='ocrx_word' id='word_1_349' title='bbox 742 3009 855 3089; x_wconf 89' lang='lat' dir='ltr'><strong>quibus</strong></span> <span class='ocrx_word' id='word_1_350' title='bbox 878 3016 988 3090; x_wconf 80' lang='lat' dir='ltr'><strong>prater</strong></span> <span class='ocrx_word' id='word_1_351' title='bbox 1011 3026 1060 3071; x_wconf 86' lang='lat' dir='ltr'><strong>es·</strong></span> <span class='ocrx_word' id='word_1_352' title='bbox 1112 3015 1138 3075; x_wconf 87' lang='lat' dir='ltr'><strong>si</strong></span> <span class='ocrx_word' id='word_1_353' title='bbox 1152 3012 1227 3094; x_wconf 90' lang='lat' dir='ltr'><strong>quid</strong></span> <span class='ocrx_word' id='word_1_354' title='bbox 1240 3030 1296 3094; x_wconf 91' lang='lat' dir='ltr'><strong>pro</strong></span> <span class='ocrx_word' id='word_1_355' title='bbox 1318 3013 1467 3074; x_wconf 89' lang='lat' dir='ltr'><strong>sententia</strong></span> <span class='ocrx_word' id='word_1_356' title='bbox 1481 3011 1619 3092; x_wconf 77' lang='lat' dir='ltr'><strong>magistri</strong></span> <span class='ocrx_word' id='word_1_357' title='bbox 1633 3008 1760 3073; x_wconf 87' lang='lat' dir='ltr'><strong>Gilberti</strong></span> <span class='ocrx_word' id='word_1_358' title='bbox 1774 3012 1884 3073; x_wconf 79' lang='lat' dir='ltr'><strong>dixisse</strong></span> 
     </span>
     <span class='ocr_line' id='line_1_30' title="bbox 282 3102 1883 3189; baseline 0.002 -25"><span class='ocrx_word' id='word_1_359' title='bbox 282 3104 412 3165; x_wconf 72' lang='lat' dir='ltr'><strong>mutiam</strong></span> <span class='ocrx_word' id='word_1_360' title='bbox 438 3102 638 3183; x_wconf 87' lang='lat' dir='ltr'><strong>proprietates</strong></span> <span class='ocrx_word' id='word_1_361' title='bbox 663 3102 782 3182; x_wconf 89' lang='lat' dir='ltr'><strong>aliquas</strong></span> <span class='ocrx_word' id='word_1_362' title='bbox 800 3103 833 3163; x_wconf 93' lang='lat' dir='ltr'><strong>in</strong></span> <span class='ocrx_word' id='word_1_363' title='bbox 857 3121 893 3164; x_wconf 92' lang='lat' dir='ltr'><strong>eo</strong></span> <span class='ocrx_word' id='word_1_364' title='bbox 911 3104 1060 3165; x_wconf 85' lang='lat' dir='ltr'><strong>discerni·</strong></span> <span class='ocrx_word' id='word_1_365' title='bbox 1112 3108 1195 3169; x_wconf 82' lang='lat' dir='ltr'><strong>visus</strong></span> <span class='ocrx_word' id='word_1_366' title='bbox 1209 3113 1296 3181; x_wconf 84' lang='lat' dir='ltr'><strong>esset,</strong></span> <span class='ocrx_word' id='word_1_367' title='bbox 1310 3105 1394 3186; x_wconf 90' lang='lat' dir='ltr'><strong>quod</strong></span> <span class='ocrx_word' id='word_1_368' title='bbox 1415 3105 1591 3185; x_wconf 87' lang='lat' dir='ltr'><strong>quempiam</strong></span> <span class='ocrx_word' id='word_1_369' title='bbox 1605 3112 1706 3189; x_wconf 87' lang='lat' dir='ltr'><strong>posset</strong></span> <span class='ocrx_word' id='word_1_370' title='bbox 1720 3106 1883 3182; x_wconf 75' lang='lat' dir='ltr'><strong>attendere,</strong></span> 
     </span>
     <span class='ocr_line' id='line_1_31' title="bbox 280 3195 1998 3282; baseline -0.001 -23"><span class='ocrx_word' id='word_1_371' title='bbox 280 3216 362 3273; x_wconf 89' lang='lat' dir='ltr'><strong>mus,</strong></span> <span class='ocrx_word' id='word_1_372' title='bbox 380 3203 415 3257; x_wconf 94' lang='lat' dir='ltr'><strong>ut</strong></span> <span class='ocrx_word' id='word_1_373' title='bbox 435 3202 507 3257; x_wconf 89' lang='lat' dir='ltr'><strong>sunt</strong></span> <span class='ocrx_word' id='word_1_374' title='bbox 533 3195 678 3270; x_wconf 85' lang='lat' dir='ltr'><strong>relativae,</strong></span> <span class='ocrx_word' id='word_1_375' title='bbox 700 3196 876 3274; x_wconf 88' lang='lat' dir='ltr'><strong>paternitas,</strong></span> <span class='ocrx_word' id='word_1_376' title='bbox 898 3196 1005 3257; x_wconf 81' lang='lat' dir='ltr'><strong>libatio</strong></span> <span class='ocrx_word' id='word_1_377' title='bbox 1029 3203 1061 3257; x_wconf 86' lang='lat' dir='ltr'><strong>et</strong></span> <span class='ocrx_word' id='word_1_378' title='bbox 1113 3202 1153 3262; x_wconf 91' lang='lat' dir='ltr'><strong>ad</strong></span> <span class='ocrx_word' id='word_1_379' title='bbox 1165 3202 1288 3282; x_wconf 86' lang='lat' dir='ltr'><strong>piorum</strong></span> <span class='ocrx_word' id='word_1_380' title='bbox 1302 3204 1332 3260; x_wconf 89' lang='lat' dir='ltr'><strong>et</strong></span> <span class='ocrx_word' id='word_1_381' title='bbox 1355 3200 1516 3260; x_wconf 86' lang='lat' dir='ltr'><strong>doctorum</strong></span> <span class='ocrx_word' id='word_1_382' title='bbox 1539 3200 1701 3261; x_wconf 84' lang='lat' dir='ltr'><strong>arbitrium</strong></span> <span class='ocrx_word' id='word_1_383' title='bbox 1714 3201 1882 3280; x_wconf 90' lang='lat' dir='ltr'><strong>corrigere-</strong></span> <span class='ocrx_word' id='word_1_384' title='bbox 1997 3254 1998 3257; x_wconf 74' lang='grc'>,</span> 
     </span>
     <span class='ocr_line' id='line_1_32' title="bbox 282 3289 1883 3375; baseline 0 -21"><span class='ocrx_word' id='word_1_385' title='bbox 282 3299 409 3367; x_wconf 77' lang='lat' dir='ltr'><strong>caterae,</strong></span> <span class='ocrx_word' id='word_1_386' title='bbox 423 3296 478 3351; x_wconf 90' lang='lat' dir='ltr'><strong>aut</strong></span> <span class='ocrx_word' id='word_1_387' title='bbox 492 3289 883 3367; x_wconf 79' lang='lat' dir='ltr'><strong>absolutae‚velutbonitas,</strong></span> <span class='ocrx_word' id='word_1_388' title='bbox 900 3293 1057 3371; x_wconf 90' lang='lat' dir='ltr'><strong>sapientia,</strong></span> <span class='ocrx_word' id='word_1_389' title='bbox 1111 3298 1172 3369; x_wconf 88' lang='lat' dir='ltr'><strong>tur,</strong></span> <span class='ocrx_word' id='word_1_390' title='bbox 1188 3298 1222 3356; x_wconf 85' lang='lat' dir='ltr'><strong>dt</strong></span> <span class='ocrx_word' id='word_1_391' title='bbox 1236 3292 1341 3356; x_wconf 91' lang='lat' dir='ltr'><strong>scribit</strong></span> <span class='ocrx_word' id='word_1_392' title='bbox 1366 3292 1564 3370; x_wconf 67' lang='lat' dir='ltr'><strong>Radericust,</strong></span> <span class='ocrx_word' id='word_1_393' title='bbox 1586 3294 1639 3375; x_wconf 93' lang='lat' dir='ltr'><strong>qui</strong></span> <span class='ocrx_word' id='word_1_394' title='bbox 1651 3292 1734 3355; x_wconf 89' lang='lat' dir='ltr'><strong>illius</strong></span> <span class='ocrx_word' id='word_1_395' title='bbox 1750 3292 1883 3355; x_wconf 69' lang='grc'><strong>1115101111</strong></span> 
     </span>
     <span class='ocr_line' id='line_1_33' title="bbox 282 3383 1448 3472; baseline -0.002 -23"><span class='ocrx_word' id='word_1_396' title='bbox 282 3386 446 3460; x_wconf 86' lang='lat' dir='ltr'><strong>aeternitas,</strong></span> <span class='ocrx_word' id='word_1_397' title='bbox 461 3385 522 3459; x_wconf 78' lang='lat' dir='ltr'><strong>he,</strong></span> <span class='ocrx_word' id='word_1_398' title='bbox 540 3383 679 3462; x_wconf 89' lang='lat' dir='ltr'><strong>inquam,</strong></span> <span class='ocrx_word' id='word_1_399' title='bbox 697 3400 804 3443; x_wconf 90' lang='lat' dir='ltr'><strong>omnes</strong></span> <span class='ocrx_word' id='word_1_400' title='bbox 818 3386 982 3462; x_wconf 86' lang='lat' dir='ltr'><strong>merasint,</strong></span> <span class='ocrx_word' id='word_1_401' title='bbox 995 3387 1059 3447; x_wconf 90' lang='lat' dir='ltr'><strong>sine</strong></span> <span class='ocrx_word' id='word_1_402' title='bbox 1112 3392 1194 3472; x_wconf 88' lang='lat' dir='ltr'><strong>quod</strong></span> <span class='ocrx_word' id='word_1_403' title='bbox 1210 3391 1315 3450; x_wconf 87' lang='lat' dir='ltr'><strong>deerat</strong></span> <span class='ocrx_word' id='word_1_404' title='bbox 1327 3388 1448 3467; x_wconf 86' lang='lat' dir='ltr'><strong>adjecit.</strong></span> 
     </span>
     <span class='ocr_line' id='line_1_34' title="bbox 282 3475 1997 3580; baseline 0.001 -37"><span class='ocrx_word' id='word_1_405' title='bbox 282 3500 316 3543; x_wconf 86' lang='lat' dir='ltr'><strong>re</strong></span> <span class='ocrx_word' id='word_1_406' title='bbox 331 3500 367 3541; x_wconf 91' lang='lat' dir='ltr'><strong>ac</strong></span> <span class='ocrx_word' id='word_1_407' title='bbox 389 3497 481 3540; x_wconf 89' lang='lat' dir='ltr'><strong>sensu</strong></span> <span class='ocrx_word' id='word_1_408' title='bbox 501 3475 663 3552; x_wconf 88' lang='lat' dir='ltr'><strong>vocabula,</strong></span> <span class='ocrx_word' id='word_1_409' title='bbox 689 3477 748 3537; x_wconf 88' lang='lat' dir='ltr'><strong>nisi</strong></span> <span class='ocrx_word' id='word_1_410' title='bbox 771 3483 921 3557; x_wconf 89' lang='lat' dir='ltr'><strong>quatenus</strong></span> <span class='ocrx_word' id='word_1_411' title='bbox 944 3480 1060 3559; x_wconf 88' lang='lat' dir='ltr'><strong>ipsam·</strong></span> <span class='ocrx_word' id='word_1_412' title='bbox 1154 3481 1512 3564; x_wconf 85' lang='lat' dir='ltr'><strong>lV.lgiturGilbc1tus,</strong></span> <span class='ocrx_word' id='word_1_413' title='bbox 1539 3482 1573 3541; x_wconf 92' lang='lat' dir='ltr'><strong>ut</strong></span> <span class='ocrx_word' id='word_1_414' title='bbox 1592 3478 1631 3541; x_wconf 84' lang='lat' dir='ltr'><strong>ab</strong></span> <span class='ocrx_word' id='word_1_415' title='bbox 1651 3478 1759 3543; x_wconf 74' lang='lat' dir='ltr'><strong>bunna</strong></span> <span class='ocrx_word' id='word_1_416' title='bbox 1779 3482 1884 3563; x_wconf 89' lang='lat' dir='ltr'><strong>prodi·</strong></span> <span class='ocrx_word' id='word_1_417' title='bbox 1924 3486 1997 3580; x_wconf 50' lang='lat' dir='ltr'><strong>Em</strong></span> 
     </span>
     <span class='ocr_line' id='line_1_35' title="bbox 281 3542 1997 3654; baseline 0 -18"><span class='ocrx_word' id='word_1_418' title='bbox 281 3581 345 3635; x_wconf 88' lang='lat' dir='ltr'><strong>met</strong></span> <span class='ocrx_word' id='word_1_419' title='bbox 367 3571 530 3634; x_wconf 74' lang='lat' dir='ltr'><strong>assandam</strong></span> <span class='ocrx_word' id='word_1_420' title='bbox 553 3568 678 3649; x_wconf 79' lang='lat' dir='ltr'><strong>precise</strong></span> <span class='ocrx_word' id='word_1_421' title='bbox 700 3586 736 3630; x_wconf 87' lang='lat' dir='ltr'><strong>ac</strong></span> <span class='ocrx_word' id='word_1_422' title='bbox 764 3569 942 3650; x_wconf 85' lang='lat' dir='ltr'><strong>simpliciter</strong></span> <span class='ocrx_word' id='word_1_423' title='bbox 961 3574 1060 3634; x_wconf 88' lang='lat' dir='ltr'><strong>decla·</strong></span> <span class='ocrx_word' id='word_1_424' title='bbox 1111 3584 1178 3642; x_wconf 84' lang='lat' dir='ltr'><strong>tum</strong></span> <span class='ocrx_word' id='word_1_425' title='bbox 1200 3582 1244 3639; x_wconf 81' lang='lat' dir='ltr'><strong>ast</strong></span> <span class='ocrx_word' id='word_1_426' title='bbox 1264 3582 1288 3654; x_wconf 82' lang='lat'><strong>⁵,</strong></span> <span class='ocrx_word' id='word_1_427' title='bbox 1317 3576 1509 3637; x_wconf 84' lang='lat' dir='ltr'><strong>Pictavorum</strong></span> <span class='ocrx_word' id='word_1_428' title='bbox 1538 3575 1621 3637; x_wconf 91' lang='lat' dir='ltr'><strong>unde</strong></span> <span class='ocrx_word' id='word_1_429' title='bbox 1645 3575 1793 3636; x_wconf 90' lang='lat' dir='ltr'><strong>oriundus</strong></span> <span class='ocrx_word' id='word_1_430' title='bbox 1820 3582 1884 3637; x_wconf 87' lang='lat' dir='ltr'><strong>erat</strong></span> <span class='ocrx_word' id='word_1_431' title='bbox 1907 3542 1930 3583; x_wconf 47' lang='grc' dir='ltr'><strong>ὼ</strong></span> <span class='ocrx_word' id='word_1_432' title='bbox 1960 3552 1966 3578; x_wconf 73' lang='lat'><strong>¹</strong></span> <span class='ocrx_word' id='word_1_433' title='bbox 1996 3588 1997 3597; x_wconf 58' lang='lat'>¹</span> 
     </span>
     <span class='ocr_line' id='line_1_36' title="bbox 280 3648 1994 3754; baseline 0.001 -25"><span class='ocrx_word' id='word_1_434' title='bbox 280 3686 360 3731; x_wconf 83' lang='lat' dir='ltr'><strong>rant.</strong></span> <span class='ocrx_word' id='word_1_435' title='bbox 1112 3673 1283 3754; x_wconf 82' lang='lat' dir='ltr'><strong>episcopus,</strong></span> <span class='ocrx_word' id='word_1_436' title='bbox 1301 3676 1372 3732; x_wconf 75' lang='lat' dir='ltr'><strong>carm</strong></span> <span class='ocrx_word' id='word_1_437' title='bbox 1387 3668 1426 3730; x_wconf 89' lang='lat' dir='ltr'><strong>ab</strong></span> <span class='ocrx_word' id='word_1_438' title='bbox 1447 3667 1652 3729; x_wconf 88' lang='lat' dir='ltr'><strong>adolescentia</strong></span> <span class='ocrx_word' id='word_1_439' title='bbox 1665 3686 1763 3748; x_wconf 89' lang='lat' dir='ltr'><strong>usquc</strong></span> <span class='ocrx_word' id='word_1_440' title='bbox 1779 3662 1819 3730; x_wconf 88' lang='lat' dir='ltr'><strong>ad</strong></span> <span class='ocrx_word' id='word_1_441' title='bbox 1836 3668 1885 3729; x_wconf 88' lang='lat' dir='ltr'><strong>ul-</strong></span> <span class='ocrx_word' id='word_1_442' title='bbox 1916 3648 1994 3754; x_wconf 60' lang='lat' dir='ltr'><strong>“in</strong></span> 
     </span>
     <span class='ocr_line' id='line_1_37' title="bbox 138 3757 1885 3845; baseline 0.002 -23"><span class='ocrx_word' id='word_1_443' title='bbox 138 3778 183 3822; x_wconf 80' lang='lat' dir='ltr'><strong>aru</strong></span> <span class='ocrx_word' id='word_1_444' title='bbox 196 3790 224 3821; x_wconf 70' lang='lat' dir='ltr'><strong>a</strong></span> <span class='ocrx_word' id='word_1_445' title='bbox 324 3761 377 3822; x_wconf 89' lang='lat' dir='ltr'><strong>lll.</strong></span> <span class='ocrx_word' id='word_1_446' title='bbox 395 3759 606 3839; x_wconf 76' lang='lat' dir='ltr'><strong>iliricpenitus</strong></span> <span class='ocrx_word' id='word_1_447' title='bbox 615 3757 953 3841; x_wconf 86' lang='lat' dir='ltr'><strong>estaliorumopposita</strong></span> <span class='ocrx_word' id='word_1_448' title='bbox 967 3763 1057 3840; x_wconf 89' lang='lat' dir='ltr'><strong>ratio,</strong></span> <span class='ocrx_word' id='word_1_449' title='bbox 1111 3769 1220 3829; x_wconf 75' lang='lat' dir='ltr'><strong>timum</strong></span> <span class='ocrx_word' id='word_1_450' title='bbox 1256 3768 1442 3826; x_wconf 74' lang='lat' dir='ltr'><strong>sehertutem</strong></span> <span class='ocrx_word' id='word_1_451' title='bbox 1462 3762 1597 3824; x_wconf 87' lang='lat' dir='ltr'><strong>multum</strong></span> <span class='ocrx_word' id='word_1_452' title='bbox 1622 3762 1655 3823; x_wconf 89' lang='lat' dir='ltr'><strong>in</strong></span> <span class='ocrx_word' id='word_1_453' title='bbox 1691 3760 1885 3845; x_wconf 90' lang='lat' dir='ltr'><strong>philosophia</strong></span> 
     </span>
     <span class='ocr_line' id='line_1_38' title="bbox 110 3832 1884 3943; baseline 0.001 -28"><span class='ocrx_word' id='word_1_454' title='bbox 110 3832 253 3940; x_wconf 54' lang='lat' dir='ltr'><strong>&#39;diffidi&#39;</strong></span> <span class='ocrx_word' id='word_1_455' title='bbox 283 3855 337 3934; x_wconf 88' lang='lat' dir='ltr'><strong>qui</strong></span> <span class='ocrx_word' id='word_1_456' title='bbox 350 3868 423 3915; x_wconf 89' lang='lat' dir='ltr'><strong>curn</strong></span> <span class='ocrx_word' id='word_1_457' title='bbox 436 3852 476 3912; x_wconf 91' lang='lat' dir='ltr'><strong>ab</strong></span> <span class='ocrx_word' id='word_1_458' title='bbox 490 3850 630 3927; x_wconf 87' lang='lat' dir='ltr'><strong>essentia,</strong></span> <span class='ocrx_word' id='word_1_459' title='bbox 649 3858 717 3913; x_wconf 88' lang='lat' dir='ltr'><strong>tum</strong></span> <span class='ocrx_word' id='word_1_460' title='bbox 730 3870 750 3913; x_wconf 92' lang='lat' dir='ltr'><strong>a</strong></span> <span class='ocrx_word' id='word_1_461' title='bbox 761 3869 793 3914; x_wconf 90' lang='lat' dir='ltr'><strong>se</strong></span> <span class='ocrx_word' id='word_1_462' title='bbox 802 3853 945 3932; x_wconf 85' lang='lat' dir='ltr'><strong>invicem,</strong></span> <span class='ocrx_word' id='word_1_463' title='bbox 959 3856 1060 3937; x_wconf 85' lang='lat' dir='ltr'><strong>reipsa</strong></span> <span class='ocrx_word' id='word_1_464' title='bbox 1112 3880 1213 3943; x_wconf 80' lang='lat' dir='ltr'><strong>opera</strong></span> <span class='ocrx_word' id='word_1_465' title='bbox 1225 3859 1424 3933; x_wconf 82' lang='lat' dir='ltr'><strong>contrivisset,</strong></span> <span class='ocrx_word' id='word_1_466' title='bbox 1437 3862 1624 3918; x_wconf 77' lang='lat' dir='ltr'><strong>«consuebas</strong></span> <span class='ocrx_word' id='word_1_467' title='bbox 1636 3875 1673 3918; x_wconf 82' lang='lat' dir='ltr'><strong>ex</strong></span> <span class='ocrx_word' id='word_1_468' title='bbox 1684 3856 1802 3937; x_wconf 87' lang='lat' dir='ltr'><strong>ingenii</strong></span> <span class='ocrx_word' id='word_1_469' title='bbox 1815 3856 1884 3918; x_wconf 84' lang='lat' dir='ltr'><strong>sub</strong></span> 
     </span>
     <span class='ocr_line' id='line_1_39' title="bbox 121 3941 1888 4039; baseline 0.001 -29"><span class='ocrx_word' id='word_1_470' title='bbox 121 3941 245 4039; x_wconf 42' lang='lat' dir='ltr'><strong>sigga?</strong></span> <span class='ocrx_word' id='word_1_471' title='bbox 283 3948 406 4010; x_wconf 79' lang='lat' dir='ltr'><strong>differre</strong></span> <span class='ocrx_word' id='word_1_472' title='bbox 417 3946 616 4028; x_wconf 83' lang='lat' dir='ltr'><strong>proprietates</strong></span> <span class='ocrx_word' id='word_1_473' title='bbox 630 3952 661 4007; x_wconf 89' lang='lat' dir='ltr'><strong>et</strong></span> <span class='ocrx_word' id='word_1_474' title='bbox 672 3945 819 4008; x_wconf 88' lang='lat' dir='ltr'><strong>attributa</strong></span> <span class='ocrx_word' id='word_1_475' title='bbox 840 3949 983 4025; x_wconf 85' lang='lat' dir='ltr'><strong>sentiunt,</strong></span> <span class='ocrx_word' id='word_1_476' title='bbox 1001 3951 1059 4011; x_wconf 89' lang='lat' dir='ltr'><strong>hoc</strong></span> <span class='ocrx_word' id='word_1_477' title='bbox 1111 3954 1173 4018; x_wconf 80' lang='lat' dir='ltr'><strong>tilis</strong></span> <span class='ocrx_word' id='word_1_478' title='bbox 1185 3952 1396 4035; x_wconf 80' lang='lat' dir='ltr'><strong>magnitudine</strong></span> <span class='ocrx_word' id='word_1_479' title='bbox 1408 3972 1443 4013; x_wconf 88' lang='lat' dir='ltr'><strong>ac</strong></span> <span class='ocrx_word' id='word_1_480' title='bbox 1457 3950 1611 4012; x_wconf 85' lang='lat' dir='ltr'><strong>rationum</strong></span> <span class='ocrx_word' id='word_1_481' title='bbox 1626 3950 1767 4012; x_wconf 86' lang='lat' dir='ltr'><strong>acumine</strong></span> <span class='ocrx_word' id='word_1_482' title='bbox 1789 3950 1888 4012; x_wconf 88' lang='lat' dir='ltr'><strong>multa</strong></span> 
     </span>
     <span class='ocr_line' id='line_1_40' title="bbox 229 4040 1996 4131; baseline -0.003 -26"><span class='ocrx_word' id='word_1_483' title='bbox 229 4067 230 4071; x_wconf 46' lang='lat'>¹</span> <span class='ocrx_word' id='word_1_484' title='bbox 283 4052 329 4106; x_wconf 91' lang='lat' dir='ltr'><strong>est</strong></span> <span class='ocrx_word' id='word_1_485' title='bbox 347 4062 411 4104; x_wconf 90' lang='lat' dir='ltr'><strong>non</strong></span> <span class='ocrx_word' id='word_1_486' title='bbox 431 4041 496 4102; x_wconf 89' lang='lat' dir='ltr'><strong>sola</strong></span> <span class='ocrx_word' id='word_1_487' title='bbox 513 4040 696 4121; x_wconf 80' lang='lat' dir='ltr'><strong>cogitatione</strong></span> <span class='ocrx_word' id='word_1_488' title='bbox 717 4046 747 4101; x_wconf 90' lang='lat' dir='ltr'><strong>et</strong></span> <span class='ocrx_word' id='word_1_489' title='bbox 761 4040 871 4123; x_wconf 71' lang='grc' dir='ltr'><strong>ὄπινοίᾳ,</strong></span> <span class='ocrx_word' id='word_1_490' title='bbox 889 4044 942 4104; x_wconf 85' lang='lat' dir='ltr'><strong>sed</strong></span> <span class='ocrx_word' id='word_1_491' title='bbox 958 4054 995 4104; x_wconf 81' lang='lat' dir='ltr'><strong>ex</strong></span> <span class='ocrx_word' id='word_1_492' title='bbox 1015 4043 1060 4105; x_wconf 88' lang='lat' dir='ltr'><strong>rei</strong></span> <span class='ocrx_word' id='word_1_493' title='bbox 1111 4055 1223 4131; x_wconf 87' lang='lat' dir='ltr'><strong>praeter</strong></span> <span class='ocrx_word' id='word_1_494' title='bbox 1236 4047 1726 4110; x_wconf 79' lang='lat' dir='ltr'><strong>commtmemhominummorem</strong></span> <span class='ocrx_word' id='word_1_495' title='bbox 1741 4042 1884 4121; x_wconf 61' lang='lat' dir='ltr'><strong>heere»</strong></span> <span class='ocrx_word' id='word_1_496' title='bbox 1995 4052 1996 4071; x_wconf 74' lang='lat'>³</span> 
     </span>
     <span class='ocr_line' id='line_1_41' title="bbox 284 4135 1887 4224; baseline -0.001 -24"><span class='ocrx_word' id='word_1_497' title='bbox 284 4145 393 4200; x_wconf 74' lang='lat' dir='ltr'><strong>namra</strong></span> <span class='ocrx_word' id='word_1_498' title='bbox 433 4143 463 4198; x_wconf 88' lang='lat' dir='ltr'><strong>et</strong></span> <span class='ocrx_word' id='word_1_499' title='bbox 498 4137 574 4197; x_wconf 88' lang='lat' dir='ltr'><strong>citra</strong></span> <span class='ocrx_word' id='word_1_500' title='bbox 603 4136 714 4197; x_wconf 88' lang='lat' dir='ltr'><strong>mentis</strong></span> <span class='ocrx_word' id='word_1_501' title='bbox 746 4135 991 4216; x_wconf 78' lang='lat' dir='ltr'><strong>intelligentiam.</strong></span> <span class='ocrx_word' id='word_1_502' title='bbox 1024 4140 1060 4200; x_wconf 93' lang='lat' dir='ltr'><strong>ln</strong></span> <span class='ocrx_word' id='word_1_503' title='bbox 1113 4151 1205 4224; x_wconf 90' lang='lat' dir='ltr'><strong>atque</strong></span> <span class='ocrx_word' id='word_1_504' title='bbox 1218 4143 1376 4221; x_wconf 86' lang='lat' dir='ltr'><strong>inmagno</strong></span> <span class='ocrx_word' id='word_1_505' title='bbox 1390 4146 1543 4202; x_wconf 86' lang='lat' dir='ltr'><strong>conventu</strong></span> <span class='ocrx_word' id='word_1_506' title='bbox 1557 4136 1740 4200; x_wconf 89' lang='lat' dir='ltr'><strong>clericorum</strong></span> <span class='ocrx_word' id='word_1_507' title='bbox 1760 4156 1887 4199; x_wconf 91' lang='lat' dir='ltr'><strong>suorum</strong></span> 
     </span>
     <span class='ocr_line' id='line_1_42' title="bbox 285 4231 1890 4317; baseline 0.001 -26"><span class='ocrx_word' id='word_1_508' title='bbox 285 4250 347 4313; x_wconf 91' lang='lat' dir='ltr'><strong>quo</strong></span> <span class='ocrx_word' id='word_1_509' title='bbox 368 4232 440 4293; x_wconf 89' lang='lat' dir='ltr'><strong>trita</strong></span> <span class='ocrx_word' id='word_1_510' title='bbox 457 4236 487 4292; x_wconf 90' lang='lat' dir='ltr'><strong>et</strong></span> <span class='ocrx_word' id='word_1_511' title='bbox 507 4238 673 4311; x_wconf 76' lang='lat' dir='ltr'><strong>pervagata</strong></span> <span class='ocrx_word' id='word_1_512' title='bbox 692 4235 737 4291; x_wconf 89' lang='lat' dir='ltr'><strong>est</strong></span> <span class='ocrx_word' id='word_1_513' title='bbox 759 4231 842 4310; x_wconf 88' lang='lat' dir='ltr'><strong>apud</strong></span> <span class='ocrx_word' id='word_1_514' title='bbox 865 4231 1060 4292; x_wconf 86' lang='lat' dir='ltr'><strong>scholasticos</strong></span> <span class='ocrx_word' id='word_1_515' title='bbox 1114 4236 1256 4317; x_wconf 80' lang='lat' dir='ltr'><strong>quadarn</strong></span> <span class='ocrx_word' id='word_1_516' title='bbox 1263 4236 1301 4297; x_wconf 87' lang='lat' dir='ltr'><strong>de</strong></span> <span class='ocrx_word' id='word_1_517' title='bbox 1309 4234 1369 4295; x_wconf 86' lang='lat' dir='ltr'><strong>fide</strong></span> <span class='ocrx_word' id='word_1_518' title='bbox 1378 4240 1490 4295; x_wconf 84' lang='lat' dir='ltr'><strong>sanctae</strong></span> <span class='ocrx_word' id='word_1_519' title='bbox 1498 4233 1653 4294; x_wconf 74' lang='lat' dir='ltr'><strong>lhinitatis</strong></span> <span class='ocrx_word' id='word_1_520' title='bbox 1663 4232 1809 4294; x_wconf 90' lang='lat' dir='ltr'><strong>inusitata</strong></span> <span class='ocrx_word' id='word_1_521' title='bbox 1823 4251 1890 4313; x_wconf 91' lang='lat' dir='ltr'><strong>pro·</strong></span> 
     </span>
     <span class='ocr_line' id='line_1_43' title="bbox 137 4323 1995 4405; baseline 0 -19"><span class='ocrx_word' id='word_1_522' title='bbox 137 4343 230 4386; x_wconf 71' lang='lat' dir='ltr'><strong>alienu</strong></span> <span class='ocrx_word' id='word_1_523' title='bbox 284 4326 411 4391; x_wconf 86' lang='lat' dir='ltr'><strong>Gilherti</strong></span> <span class='ocrx_word' id='word_1_524' title='bbox 425 4324 581 4386; x_wconf 86' lang='lat' dir='ltr'><strong>Porretani</strong></span> <span class='ocrx_word' id='word_1_525' title='bbox 596 4323 729 4405; x_wconf 88' lang='lat' dir='ltr'><strong>episcopi</strong></span> <span class='ocrx_word' id='word_1_526' title='bbox 740 4324 933 4384; x_wconf 81' lang='lat' dir='ltr'><strong>Pistoriensis</strong></span> <span class='ocrx_word' id='word_1_527' title='bbox 944 4326 1058 4405; x_wconf 87' lang='lat' dir='ltr'><strong>opinio,</strong></span> <span class='ocrx_word' id='word_1_528' title='bbox 1113 4332 1241 4405; x_wconf 81' lang='lat' dir='ltr'><strong>tulisset,</strong></span> <span class='ocrx_word' id='word_1_529' title='bbox 1258 4330 1297 4390; x_wconf 89' lang='lat' dir='ltr'><strong>ab</strong></span> <span class='ocrx_word' id='word_1_530' title='bbox 1316 4325 1537 4389; x_wconf 83' lang='lat' dir='ltr'><strong>archidiaconis</strong></span> <span class='ocrx_word' id='word_1_531' title='bbox 1555 4327 1688 4403; x_wconf 87' lang='lat' dir='ltr'><strong>duobus,</strong></span> <span class='ocrx_word' id='word_1_532' title='bbox 1707 4326 1844 4388; x_wconf 69' lang='lat' dir='ltr'><strong>arnaldo</strong></span> <span class='ocrx_word' id='word_1_533' title='bbox 1859 4330 1889 4386; x_wconf 92' lang='lat' dir='ltr'><strong>et</strong></span> <span class='ocrx_word' id='word_1_534' title='bbox 1994 4390 1995 4395; x_wconf 55' lang='grc'>,</span> 
     </span>
     <span class='ocr_line' id='line_1_44' title="bbox 127 4397 1888 4504; baseline -0.007 -12"><span class='ocrx_word' id='word_1_535' title='bbox 127 4397 241 4496; x_wconf 43' lang='grc' dir='ltr'><strong>1111ῗέ111</strong></span> <span class='ocrx_word' id='word_1_536' title='bbox 286 4422 325 4483; x_wconf 69' lang='lat' dir='ltr'><strong>de</strong></span> <span class='ocrx_word' id='word_1_537' title='bbox 339 4438 401 4501; x_wconf 68' lang='lat'><strong>(11¹⁸</strong></span> <span class='ocrx_word' id='word_1_538' title='bbox 420 4425 524 4480; x_wconf 62' lang='lat' dir='ltr'><strong>lamen</strong></span> <span class='ocrx_word' id='word_1_539' title='bbox 549 4417 677 4478; x_wconf 64' lang='lat' dir='ltr'><strong>minime</strong></span> <span class='ocrx_word' id='word_1_540' title='bbox 699 4418 779 4477; x_wconf 66' lang='grc'><strong>10191·</strong></span> <span class='ocrx_word' id='word_1_541' title='bbox 802 4432 835 4477; x_wconf 75' lang='lat'><strong>⁵0</strong></span> <span class='ocrx_word' id='word_1_542' title='bbox 855 4419 1058 4479; x_wconf 88' lang='lat' dir='ltr'><strong>consentiunt.</strong></span> <span class='ocrx_word' id='word_1_543' title='bbox 1115 4428 1225 4488; x_wconf 84' lang='lat' dir='ltr'><strong>Calone</strong></span> <span class='ocrx_word' id='word_1_544' title='bbox 1248 4426 1288 4486; x_wconf 90' lang='lat' dir='ltr'><strong>ad</strong></span> <span class='ocrx_word' id='word_1_545' title='bbox 1311 4423 1485 4504; x_wconf 80' lang='lat' dir='ltr'><strong>Eugenium</strong></span> <span class='ocrx_word' id='word_1_546' title='bbox 1512 4418 1685 4484; x_wconf 85' lang='lat' dir='ltr'><strong>Romanum</strong></span> <span class='ocrx_word' id='word_1_547' title='bbox 1715 4422 1888 4502; x_wconf 85' lang='lat' dir='ltr'><strong>pontificem</strong></span> 
     </span>
     <span class='ocr_line' id='line_1_45' title="bbox 286 4510 1891 4597; baseline -0.016 1"><span class='ocrx_word' id='word_1_548' title='bbox 286 4515 382 4578; x_wconf 73' lang='grc'><strong>00000</strong></span> <span class='ocrx_word' id='word_1_549' title='bbox 404 4514 488 4594; x_wconf 72' lang='grc'><strong>01000</strong></span> <span class='ocrx_word' id='word_1_550' title='bbox 508 4510 591 4573; x_wconf 66' lang='lat' dir='ltr'><strong>illius</strong></span> <span class='ocrx_word' id='word_1_551' title='bbox 611 4516 718 4572; x_wconf 73' lang='grc'><strong>000000</strong></span> <span class='ocrx_word' id='word_1_552' title='bbox 749 4510 884 4591; x_wconf 68' lang='grc'><strong>10000010</strong></span> <span class='ocrx_word' id='word_1_553' title='bbox 921 4512 1062 4573; x_wconf 64' lang='grc' dir='ltr'><strong>0001ῒᾶ115</strong></span> <span class='ocrx_word' id='word_1_554' title='bbox 1115 4523 1234 4584; x_wconf 90' lang='lat' dir='ltr'><strong>delatus</strong></span> <span class='ocrx_word' id='word_1_555' title='bbox 1255 4526 1310 4595; x_wconf 88' lang='lat' dir='ltr'><strong>est,</strong></span> <span class='ocrx_word' id='word_1_556' title='bbox 1333 4536 1466 4597; x_wconf 92' lang='lat' dir='ltr'><strong>quorum</strong></span> <span class='ocrx_word' id='word_1_557' title='bbox 1485 4517 1525 4577; x_wconf 91' lang='lat' dir='ltr'><strong>ad</strong></span> <span class='ocrx_word' id='word_1_558' title='bbox 1545 4522 1648 4597; x_wconf 89' lang='lat' dir='ltr'><strong>partes</strong></span> <span class='ocrx_word' id='word_1_559' title='bbox 1661 4515 1770 4595; x_wconf 87' lang='lat' dir='ltr'><strong>ingens</strong></span> <span class='ocrx_word' id='word_1_560' title='bbox 1792 4532 1891 4575; x_wconf 75' lang='lat' dir='ltr'><strong>causas</strong></span> 
     </span>
    </p>
   </div>
   <div class='ocr_carea' id='block_1_3' title="bbox 286 4604 1994 4689">
    <p class='ocr_par' dir='ltr' id='par_1_3' title="bbox 286 4604 1994 4689">
     <span class='ocr_line' id='line_1_46' title="bbox 286 4604 1994 4689; baseline -0.011 -18"><span class='ocrx_word' id='word_1_561' title='bbox 286 4608 432 4672; x_wconf 77' lang='lat' dir='ltr'><strong>inaudita</strong></span> <span class='ocrx_word' id='word_1_562' title='bbox 443 4627 479 4668; x_wconf 91' lang='lat' dir='ltr'><strong>ac</strong></span> <span class='ocrx_word' id='word_1_563' title='bbox 489 4605 668 4687; x_wconf 79' lang='lat' dir='ltr'><strong>panculosae</strong></span> <span class='ocrx_word' id='word_1_564' title='bbox 678 4604 736 4665; x_wconf 91' lang='lat' dir='ltr'><strong>sihi</strong></span> <span class='ocrx_word' id='word_1_565' title='bbox 748 4604 897 4680; x_wconf 66' lang='lat' dir='ltr'><strong>cennius,</strong></span> <span class='ocrx_word' id='word_1_566' title='bbox 914 4611 948 4666; x_wconf 92' lang='lat' dir='ltr'><strong>ut</strong></span> <span class='ocrx_word' id='word_1_567' title='bbox 956 4606 1062 4667; x_wconf 89' lang='lat' dir='ltr'><strong>timide</strong></span> <span class='ocrx_word' id='word_1_568' title='bbox 1114 4616 1306 4679; x_wconf 65' lang='lat' dir='ltr'><strong>momentum</strong></span> <span class='ocrx_word' id='word_1_569' title='bbox 1329 4611 1501 4672; x_wconf 68' lang='lat' dir='ltr'><strong>{tamardus</strong></span> <span class='ocrx_word' id='word_1_570' title='bbox 1518 4610 1653 4671; x_wconf 60' lang='lat' dir='ltr'><strong>necessit,</strong></span> <span class='ocrx_word' id='word_1_571' title='bbox 1680 4607 1754 4688; x_wconf 67' lang='lat' dir='ltr'><strong>Ejus</strong></span> <span class='ocrx_word' id='word_1_572' title='bbox 1767 4608 1888 4689; x_wconf 65' lang='lat' dir='ltr'><strong>pofigsi.</strong></span> <span class='ocrx_word' id='word_1_573' title='bbox 1993 4678 1994 4687; x_wconf 9' lang='grc' dir='ltr'>ἵ</span> 
     </span>
    </p>
   </div>
   <div class='ocr_carea' id='block_1_4' title="bbox 286 4775 1895 5295">
    <p class='ocr_par' dir='ltr' id='par_1_4' title="bbox 288 4775 1895 5042">
     <span class='ocr_line' id='line_1_47' title="bbox 323 4775 1892 4873; baseline -0.002 -19"><span class='ocrx_word' id='word_1_574' title='bbox 323 4815 341 4854; x_wconf 81' lang='grc' dir='ltr'><em>α</em></span> <span class='ocrx_word' id='word_1_575' title='bbox 359 4797 446 4854; x_wconf 68' lang='lat' dir='ltr'><strong>Basra.</strong></span> <span class='ocrx_word' id='word_1_576' title='bbox 459 4795 494 4849; x_wconf 78' lang='grc' dir='ltr'><strong>Τὰ</strong></span> <span class='ocrx_word' id='word_1_577' title='bbox 505 4794 553 4867; x_wconf 76' lang='grc' dir='ltr'><strong>γὰρ</strong></span> <span class='ocrx_word' id='word_1_578' title='bbox 572 4812 610 4847; x_wconf 83' lang='grc' dir='ltr'><strong>τοι</strong></span> <span class='ocrx_word' id='word_1_579' title='bbox 626 4797 680 4848; x_wconf 79' lang='grc' dir='ltr'><strong>κατ’</strong></span> <span class='ocrx_word' id='word_1_580' title='bbox 692 4775 798 4848; x_wconf 67' lang='lat' dir='ltr'><strong>latroni</strong></span> <span class='ocrx_word' id='word_1_581' title='bbox 812 4795 942 4867; x_wconf 73' lang='grc' dir='ltr'>λεγόμενοι,</span> <span class='ocrx_word' id='word_1_582' title='bbox 958 4793 982 4848; x_wconf 77' lang='grc' dir='ltr'><strong>ἐν</strong></span> <span class='ocrx_word' id='word_1_583' title='bbox 1001 4795 1064 4851; x_wconf 78' lang='lat' dir='ltr'><strong>dud-</strong></span> <span class='ocrx_word' id='word_1_584' title='bbox 1115 4802 1158 4871; x_wconf 73' lang='grc' dir='ltr'><strong>τὴν</strong></span> <span class='ocrx_word' id='word_1_585' title='bbox 1177 4800 1306 4873; x_wconf 78' lang='grc' dir='ltr'>ἀγέννητον</span> <span class='ocrx_word' id='word_1_586' title='bbox 1325 4796 1432 4853; x_wconf 73' lang='grc' dir='ltr'>ἐπίνοιαν</span> <span class='ocrx_word' id='word_1_587' title='bbox 1446 4799 1489 4866; x_wconf 72' lang='grc' dir='ltr'><strong>τὴν</strong></span> <span class='ocrx_word' id='word_1_588' title='bbox 1511 4797 1633 4871; x_wconf 67' lang='grc' dir='ltr'>ὑπεροχὴν</span> <span class='ocrx_word' id='word_1_589' title='bbox 1654 4800 1698 4852; x_wconf 74' lang='grc' dir='ltr'><strong>τοῦ</strong></span> <span class='ocrx_word' id='word_1_590' title='bbox 1720 4797 1839 4870; x_wconf 65' lang='grc' dir='ltr'>ὀνόματος</span> <span class='ocrx_word' id='word_1_591' title='bbox 1863 4795 1892 4851; x_wconf 74' lang='grc' dir='ltr'><strong>οὐ</strong></span> 
     </span>
     <span class='ocr_line' id='line_1_48' title="bbox 288 4874 1893 4959; baseline -0.002 -23"><span class='ocrx_word' id='word_1_592' title='bbox 288 4903 346 4956; x_wconf 72' lang='grc' dir='ltr'>μασι</span> <span class='ocrx_word' id='word_1_593' title='bbox 367 4883 453 4955; x_wconf 75' lang='grc' dir='ltr'>μόνον,</span> <span class='ocrx_word' id='word_1_594' title='bbox 476 4879 516 4933; x_wconf 73' lang='grc' dir='ltr'><strong>καὶ</strong></span> <span class='ocrx_word' id='word_1_595' title='bbox 541 4883 653 4951; x_wconf 76' lang='grc' dir='ltr'>προφορᾷ</span> <span class='ocrx_word' id='word_1_596' title='bbox 664 4880 693 4933; x_wconf 72' lang='grc' dir='ltr'><strong>τὸ</strong></span> <span class='ocrx_word' id='word_1_597' title='bbox 707 4874 767 4933; x_wconf 74' lang='grc' dir='ltr'>εἶναι</span> <span class='ocrx_word' id='word_1_598' title='bbox 783 4879 883 4952; x_wconf 77' lang='grc' dir='ltr'>ἔχοντα,</span> <span class='ocrx_word' id='word_1_599' title='bbox 898 4883 950 4943; x_wconf 74' lang='grc' dir='ltr'>ταῖς</span> <span class='ocrx_word' id='word_1_600' title='bbox 972 4885 1063 4952; x_wconf 73' lang='grc' dir='ltr'>φωναῖς</span> <span class='ocrx_word' id='word_1_601' title='bbox 1115 4887 1193 4959; x_wconf 79' lang='grc' dir='ltr'>φέρων</span> <span class='ocrx_word' id='word_1_602' title='bbox 1210 4883 1234 4938; x_wconf 79' lang='grc' dir='ltr'><strong>ἐν</strong></span> <span class='ocrx_word' id='word_1_603' title='bbox 1248 4884 1326 4955; x_wconf 66' lang='lat' dir='ltr'><strong>utriq.</strong></span> <span class='ocrx_word' id='word_1_604' title='bbox 1342 4882 1432 4939; x_wconf 81' lang='lat' dir='ltr'><strong>idem.</strong></span> <span class='ocrx_word' id='word_1_605' title='bbox 1449 4881 1479 4935; x_wconf 86' lang='lat' dir='ltr'><strong>Ei</strong></span> <span class='ocrx_word' id='word_1_606' title='bbox 1500 4880 1586 4945; x_wconf 74' lang='grc' dir='ltr'>ἔξωθεν</span> <span class='ocrx_word' id='word_1_607' title='bbox 1599 4880 1764 4953; x_wconf 74' lang='grc' dir='ltr'>ἔπιθιωρεῖτσι</span> <span class='ocrx_word' id='word_1_608' title='bbox 1786 4881 1893 4954; x_wconf 56' lang='lat' dir='ltr'><strong>tisuidum</strong></span> 
     </span>
     <span class='ocr_line' id='line_1_49' title="bbox 290 4962 1895 5042; baseline -0.002 -20"><span class='ocrx_word' id='word_1_609' title='bbox 290 4967 469 5022; x_wconf 74' lang='grc' dir='ltr'>σονδισλύισθαι</span> <span class='ocrx_word' id='word_1_610' title='bbox 482 4965 581 5036; x_wconf 72' lang='grc' dir='ltr'>πέφυκε.</span> <span class='ocrx_word' id='word_1_611' title='bbox 1115 4971 1144 5025; x_wconf 77' lang='lat' dir='ltr'><strong>rb</strong></span> <span class='ocrx_word' id='word_1_612' title='bbox 1169 4970 1314 5042; x_wconf 72' lang='grc' dir='ltr'>ἀγέννητον,</span> <span class='ocrx_word' id='word_1_613' title='bbox 1345 4962 1369 5020; x_wconf 83' lang='lat' dir='ltr'><strong>oi</strong></span> <span class='ocrx_word' id='word_1_614' title='bbox 1395 4964 1597 5039; x_wconf 73' lang='grc' dir='ltr'>ἐπιθεωρήσοιντες</span> <span class='ocrx_word' id='word_1_615' title='bbox 1620 4970 1664 5019; x_wconf 76' lang='grc' dir='ltr'><strong>τοῦ</strong></span> <span class='ocrx_word' id='word_1_616' title='bbox 1692 4964 1895 5039; x_wconf 78' lang='grc' dir='ltr'>ἔπιθεωρηθέντος</span> 
     </span>
    </p>

    <p class='ocr_par' dir='ltr' id='par_1_5' title="bbox 286 5050 1894 5295">
     <span class='ocr_line' id='line_1_50' title="bbox 325 5050 1894 5127; baseline -0.004 -18"><span class='ocrx_word' id='word_1_617' title='bbox 325 5053 460 5110; x_wconf 67' lang='lat' dir='ltr'><strong>diarius.</strong></span> <span class='ocrx_word' id='word_1_618' title='bbox 472 5050 584 5124; x_wconf 72' lang='grc' dir='ltr'>Εἰμὴτδ</span> <span class='ocrx_word' id='word_1_619' title='bbox 598 5051 728 5124; x_wconf 68' lang='grc' dir='ltr'>ἂγίννητον</span> <span class='ocrx_word' id='word_1_620' title='bbox 742 5052 786 5120; x_wconf 71' lang='grc' dir='ltr'><strong>τὴν</strong></span> <span class='ocrx_word' id='word_1_621' title='bbox 800 5051 932 5107; x_wconf 74' lang='grc' dir='ltr'>ὑπόστασιν</span> <span class='ocrx_word' id='word_1_622' title='bbox 944 5058 988 5107; x_wconf 71' lang='grc' dir='ltr'><strong>τοῦ</strong></span> <span class='ocrx_word' id='word_1_623' title='bbox 1002 5054 1064 5109; x_wconf 70' lang='lat' dir='ltr'><strong>Orod</strong></span> <span class='ocrx_word' id='word_1_624' title='bbox 1116 5053 1175 5108; x_wconf 79' lang='lat' dir='ltr'><strong>ainis</strong></span> <span class='ocrx_word' id='word_1_625' title='bbox 1186 5053 1309 5127; x_wconf 74' lang='grc' dir='ltr'>ἀμείνους,</span> <span class='ocrx_word' id='word_1_626' title='bbox 1323 5054 1433 5125; x_wconf 71' lang='grc' dir='ltr'>κρεῖττον</span> <span class='ocrx_word' id='word_1_627' title='bbox 1443 5052 1521 5124; x_wconf 73' lang='grc' dir='ltr'>ὄνομα</span> <span class='ocrx_word' id='word_1_628' title='bbox 1538 5056 1582 5121; x_wconf 79' lang='grc' dir='ltr'><strong>τῆς</strong></span> <span class='ocrx_word' id='word_1_629' title='bbox 1593 5051 1686 5123; x_wconf 71' lang='grc' dir='ltr'>φύσεως</span> <span class='ocrx_word' id='word_1_630' title='bbox 1705 5050 1772 5123; x_wconf 62' lang='lat' dir='ltr'><strong>airh</strong></span> <span class='ocrx_word' id='word_1_631' title='bbox 1791 5050 1894 5120; x_wconf 77' lang='grc' dir='ltr'>πσρισᾶ·</span> 
     </span>
     <span class='ocr_line' id='line_1_51' title="bbox 288 5135 1195 5213; baseline 0 -21"><span class='ocrx_word' id='word_1_632' title='bbox 288 5149 443 5211; x_wconf 66' lang='grc' dir='ltr'>παριστησιν·</span> <span class='ocrx_word' id='word_1_633' title='bbox 458 5136 515 5190; x_wconf 78' lang='grc' dir='ltr'>ἀλλ’</span> <span class='ocrx_word' id='word_1_634' title='bbox 529 5136 636 5200; x_wconf 75' lang='grc' dir='ltr'>ἐπινοίας</span> <span class='ocrx_word' id='word_1_635' title='bbox 654 5135 719 5192; x_wconf 73' lang='grc' dir='ltr'>ἐστὶν</span> <span class='ocrx_word' id='word_1_636' title='bbox 735 5136 885 5210; x_wconf 72' lang='grc' dir='ltr'>ἀνθρωπίνης</span> <span class='ocrx_word' id='word_1_637' title='bbox 905 5138 934 5193; x_wconf 76' lang='lat' dir='ltr'><strong>rb</strong></span> <span class='ocrx_word' id='word_1_638' title='bbox 954 5139 1064 5212; x_wconf 72' lang='grc' dir='ltr'>ἂσῦγνιρι·</span> <span class='ocrx_word' id='word_1_639' title='bbox 1117 5158 1195 5213; x_wconf 75' lang='grc' dir='ltr'>μενοι.</span> 
     </span>
     <span class='ocr_line' id='line_1_52' title="bbox 286 5220 1066 5295; baseline 0 -18"><span class='ocrx_word' id='word_1_640' title='bbox 286 5240 329 5277; x_wconf 81' lang='grc' dir='ltr'><strong>ἰον</strong></span> <span class='ocrx_word' id='word_1_641' title='bbox 340 5223 435 5294; x_wconf 72' lang='lat' dir='ltr'><strong>tropa,</strong></span> <span class='ocrx_word' id='word_1_642' title='bbox 453 5224 525 5295; x_wconf 79' lang='grc' dir='ltr'>χάριν</span> <span class='ocrx_word' id='word_1_643' title='bbox 542 5224 595 5285; x_wconf 73' lang='grc' dir='ltr'>τοῖς</span> <span class='ocrx_word' id='word_1_644' title='bbox 615 5220 755 5291; x_wconf 61' lang='lat' dir='ltr'><strong>introirent</strong></span> <span class='ocrx_word' id='word_1_645' title='bbox 772 5222 887 5293; x_wconf 75' lang='grc' dir='ltr'>γινώσκει</span> <span class='ocrx_word' id='word_1_646' title='bbox 904 5221 919 5275; x_wconf 81' lang='grc' dir='ltr'>ὁ</span> <span class='ocrx_word' id='word_1_647' title='bbox 936 5222 1007 5290; x_wconf 59' lang='lat' dir='ltr'><strong>Oete,</strong></span> <span class='ocrx_word' id='word_1_648' title='bbox 1025 5223 1066 5277; x_wconf 71' lang='grc' dir='ltr'><strong>διὰ</strong></span> 
     </span>
    </p>
   </div>
   <div class='ocr_carea' id='block_1_5' title="bbox 1984 6080 1989 6151">
    <p class='ocr_par' dir='ltr' id='par_1_6' title="bbox 1984 6080 1989 6151">
     <span class='ocr_line' id='line_1_53' title="bbox 1984 6080 1989 6151; baseline 0 0"><span class='ocrx_word' id='word_1_649' title='bbox 1984 6080 1989 6151; x_wconf 82' lang='grc'><strong>1</strong></span> 
     </span>
    </p>
   </div>
   <div class='ocr_carea' id='block_1_6' title="bbox 278 5398 1893 5527">
    <p class='ocr_par' dir='ltr' id='par_1_7' title="bbox 278 5398 1893 5527">
     <span class='ocr_line' id='line_1_54' title="bbox 310 5398 1893 5463; baseline -0.003 -14"><span class='ocrx_word' id='word_1_650' title='bbox 310 5424 317 5459; x_wconf 80' lang='grc' dir='ltr'>ς</span> <span class='ocrx_word' id='word_1_651' title='bbox 331 5407 409 5463; x_wconf 78' lang='lat' dir='ltr'><strong>Epiph.</strong></span> <span class='ocrx_word' id='word_1_652' title='bbox 425 5410 482 5453; x_wconf 80' lang='lat' dir='ltr'><strong>iioer.</strong></span> <span class='ocrx_word' id='word_1_653' title='bbox 492 5400 555 5450; x_wconf 71' lang='lat' dir='ltr'><strong>lii·</strong></span> <span class='ocrx_word' id='word_1_654' title='bbox 567 5403 671 5450; x_wconf 76' lang='lat' dir='ltr'><strong>2Extani</strong></span> <span class='ocrx_word' id='word_1_655' title='bbox 681 5410 735 5451; x_wconf 85' lang='lat' dir='ltr'><strong>tom.</strong></span> <span class='ocrx_word' id='word_1_656' title='bbox 743 5403 790 5459; x_wconf 87' lang='lat' dir='ltr'><strong>Vll,</strong></span> <span class='ocrx_word' id='word_1_657' title='bbox 800 5418 846 5460; x_wconf 84' lang='lat' dir='ltr'><strong>par,</strong></span> <span class='ocrx_word' id='word_1_658' title='bbox 857 5404 881 5448; x_wconf 86' lang='lat' dir='ltr'><strong>lt.</strong></span> <span class='ocrx_word' id='word_1_659' title='bbox 892 5413 956 5455; x_wconf 78' lang='lat' dir='ltr'><strong>conc,</strong></span> <span class='ocrx_word' id='word_1_660' title='bbox 967 5406 1069 5450; x_wconf 73' lang='lat' dir='ltr'><strong>editionis</strong></span> <span class='ocrx_word' id='word_1_661' title='bbox 1076 5406 1201 5461; x_wconf 74' lang='lat' dir='ltr'><strong>Morelll,p,</strong></span> <span class='ocrx_word' id='word_1_662' title='bbox 1209 5403 1258 5451; x_wconf 66' lang='lat'><strong>621.</strong></span> <span class='ocrx_word' id='word_1_663' title='bbox 1268 5424 1293 5435; x_wconf 89' lang='lat'><strong>·-</strong></span> <span class='ocrx_word' id='word_1_664' title='bbox 1302 5401 1316 5449; x_wconf 74' lang='lat'>8</span> <span class='ocrx_word' id='word_1_665' title='bbox 1326 5401 1380 5454; x_wconf 85' lang='lat' dir='ltr'><strong>Cap.</strong></span> <span class='ocrx_word' id='word_1_666' title='bbox 1392 5408 1447 5443; x_wconf 71' lang='lat' dir='ltr'><strong>Xtt‘t</strong></span> <span class='ocrx_word' id='word_1_667' title='bbox 1457 5406 1480 5444; x_wconf 77' lang='lat' dir='ltr'><strong>ei</strong></span> <span class='ocrx_word' id='word_1_668' title='bbox 1493 5398 1581 5453; x_wconf 60' lang='lat' dir='ltr'><strong>susp-4</strong></span> <span class='ocrx_word' id='word_1_669' title='bbox 1592 5400 1640 5447; x_wconf 80' lang='lat' dir='ltr'><strong>Lib.</strong></span> <span class='ocrx_word' id='word_1_670' title='bbox 1651 5401 1676 5454; x_wconf 89' lang='lat' dir='ltr'><strong>ll,</strong></span> <span class='ocrx_word' id='word_1_671' title='bbox 1690 5414 1710 5448; x_wconf 85' lang='lat' dir='ltr'><strong>e.</strong></span> <span class='ocrx_word' id='word_1_672' title='bbox 1722 5400 1864 5449; x_wconf 61' lang='grc'><strong>11,-111111.</strong></span> <span class='ocrx_word' id='word_1_673' title='bbox 1875 5404 1893 5449; x_wconf 90' lang='lat'><strong>1,</strong></span> 
     </span>
     <span class='ocr_line' id='line_1_55' title="bbox 278 5490 359 5527; baseline -0.049 0"><span class='ocrx_word' id='word_1_674' title='bbox 278 5490 359 5527; x_wconf 67' lang='lat' dir='ltr'><strong>cxiii.</strong></span> 
     </span>
    </p>
   </div>
   <div class='ocr_carea' id='block_1_7' title="bbox 0 0 2008 6166">
    <p class='ocr_par' dir='ltr' id='par_1_8' title="bbox 0 0 2008 6166">
     <span class='ocr_line' id='line_1_56' title="bbox 0 0 2008 6166; baseline 0 0"><span class='ocrx_word' id='word_1_675' title='bbox 0 0 2008 6166; x_wconf 95' lang='lat' dir='ltr'><strong> </strong></span> 
     </span>
    </p>
   </div>
  </div>
 </body>
</html>
