<?xml version="1.0" encoding="UTF-8"?>
<!DOCTYPE html PUBLIC "-//W3C//DTD XHTML 1.0 Transitional//EN"
    "http://www.w3.org/TR/xhtml1/DTD/xhtml1-transitional.dtd">
<html xmlns="http://www.w3.org/1999/xhtml" xml:lang="en" lang="en">
 <head>
  <title>
</title>
<meta http-equiv="Content-Type" content="text/html;charset=utf-8" />
  <meta name='ocr-system' content='tesseract 3.04.00' />
  <meta name='ocr-capabilities' content='ocr_page ocr_carea ocr_par ocr_line ocrx_word'/>
</head>
<body>
  <div class='ocr_page' id='page_1' title='image "./dogmatatheologi01goog_0176.png"; bbox 0 0 4008 6170; ppageno 0'>
   <div class='ocr_carea' id='block_1_1' title="bbox 376 278 1663 355">
    <p class='ocr_par' dir='ltr' id='par_1_1' title="bbox 376 278 1663 355">
     <span class='ocr_line' id='line_1_1' title="bbox 376 278 1663 355; baseline -0.005 -7"><span class='ocrx_word' id='word_1_1' title='bbox 376 289 427 348; x_wconf 85' lang='lat' dir='ltr'><strong>DE</strong></span> <span class='ocrx_word' id='word_1_2' title='bbox 448 288 522 347; x_wconf 78' lang='lat' dir='ltr'><strong>buo</strong></span> <span class='ocrx_word' id='word_1_3' title='bbox 544 283 690 355; x_wconf 78' lang='lat' dir='ltr'>DEIQUE</span> <span class='ocrx_word' id='word_1_4' title='bbox 711 280 1051 355; x_wconf 80' lang='lat' dir='ltr'><strong>PROPRIETATIBUS,</strong></span> <span class='ocrx_word' id='word_1_5' title='bbox 1075 281 1148 341; x_wconf 73' lang='grc' dir='ltr'><strong>ΜΒ.</strong></span> <span class='ocrx_word' id='word_1_6' title='bbox 1172 281 1195 353; x_wconf 90' lang='lat'><strong>1,</strong></span> <span class='ocrx_word' id='word_1_7' title='bbox 1219 278 1302 339; x_wconf 80' lang='lat' dir='ltr'><strong>GAP.</strong></span> <span class='ocrx_word' id='word_1_8' title='bbox 1327 280 1378 340; x_wconf 75' lang='lat' dir='ltr'><strong>lx.</strong></span> <span class='ocrx_word' id='word_1_9' title='bbox 1610 280 1663 341; x_wconf 88' lang='grc'><strong>137</strong></span> 
     </span>
    </p>
   </div>
   <div class='ocr_carea' id='block_1_2' title="bbox 77 429 1667 3977">
    <p class='ocr_par' dir='ltr' id='par_1_2' title="bbox 78 429 1667 3034">
     <span class='ocr_line' id='line_1_2' title="bbox 81 429 1657 521; baseline -0.008 -19"><span class='ocrx_word' id='word_1_10' title='bbox 81 442 221 521; x_wconf 78' lang='lat' dir='ltr'><strong>bigerritus</strong></span> <span class='ocrx_word' id='word_1_11' title='bbox 238 444 285 500; x_wconf 73' lang='lat' dir='ltr'><strong>est</strong></span> <span class='ocrx_word' id='word_1_12' title='bbox 302 440 395 513; x_wconf 88' lang='lat' dir='ltr'><strong>Deus,</strong></span> <span class='ocrx_word' id='word_1_13' title='bbox 413 435 548 498; x_wconf 85' lang='lat' dir='ltr'><strong>nouerit</strong></span> <span class='ocrx_word' id='word_1_14' title='bbox 568 432 840 507; x_wconf 80' lang='lat' dir='ltr'><strong>immortalis3e1it</strong></span> <span class='ocrx_word' id='word_1_15' title='bbox 893 432 1010 492; x_wconf 89' lang='lat' dir='ltr'><strong>tionem</strong></span> <span class='ocrx_word' id='word_1_16' title='bbox 1032 432 1065 491; x_wconf 91' lang='lat' dir='ltr'><strong>in</strong></span> <span class='ocrx_word' id='word_1_17' title='bbox 1096 431 1180 491; x_wconf 90' lang='lat' dir='ltr'><strong>hunc</strong></span> <span class='ocrx_word' id='word_1_18' title='bbox 1210 432 1340 491; x_wconf 91' lang='lat' dir='ltr'><strong>modum</strong></span> <span class='ocrx_word' id='word_1_19' title='bbox 1371 429 1503 510; x_wconf 76' lang='lat' dir='ltr'>concipit</span> <span class='ocrx_word' id='word_1_20' title='bbox 1535 429 1657 508; x_wconf 84' lang='lat' dir='ltr'>sibique</span> 
     </span>
     <span class='ocr_line' id='line_1_3' title="bbox 81 524 1654 615; baseline -0.008 -20"><span class='ocrx_word' id='word_1_21' title='bbox 81 554 144 615; x_wconf 81' lang='lat' dir='ltr'><strong>ergo</strong></span> <span class='ocrx_word' id='word_1_22' title='bbox 162 533 311 608; x_wconf 84' lang='lat' dir='ltr'><strong>mortalis,</strong></span> <span class='ocrx_word' id='word_1_23' title='bbox 330 538 423 611; x_wconf 90' lang='lat' dir='ltr'><strong>atque</strong></span> <span class='ocrx_word' id='word_1_24' title='bbox 443 531 486 591; x_wconf 88' lang='lat' dir='ltr'><strong>ita</strong></span> <span class='ocrx_word' id='word_1_25' title='bbox 506 527 598 589; x_wconf 90' lang='lat' dir='ltr'><strong>simul</strong></span> <span class='ocrx_word' id='word_1_26' title='bbox 624 527 682 588; x_wconf 88' lang='lat' dir='ltr'><strong>erit</strong></span> <span class='ocrx_word' id='word_1_27' title='bbox 708 526 838 586; x_wconf 89' lang='lat' dir='ltr'><strong>immor-</strong></span> <span class='ocrx_word' id='word_1_28' title='bbox 892 525 1014 603; x_wconf 82' lang='lat' dir='ltr'><strong>objicit:</strong></span> <span class='ocrx_word' id='word_1_29' title='bbox 1028 525 1239 604; x_wconf 81' lang='lat' dir='ltr'><strong>ulngcnitum,</strong></span> <span class='ocrx_word' id='word_1_30' title='bbox 1254 524 1654 603; x_wconf 70' lang='lat' dir='ltr'><strong>inquinntnomenautes-</strong></span> 
     </span>
     <span class='ocr_line' id='line_1_4' title="bbox 80 615 1663 708; baseline -0.007 -20"><span class='ocrx_word' id='word_1_31' title='bbox 80 628 175 688; x_wconf 84' lang='lat' dir='ltr'><strong>talisct</strong></span> <span class='ocrx_word' id='word_1_32' title='bbox 187 625 338 687; x_wconf 74' lang='lat' dir='ltr'><strong>mortalia.</strong></span> <span class='ocrx_word' id='word_1_33' title='bbox 354 624 409 684; x_wconf 85' lang='lat' dir='ltr'><strong>Cui</strong></span> <span class='ocrx_word' id='word_1_34' title='bbox 428 623 553 703; x_wconf 91' lang='lat' dir='ltr'><strong>quidem</strong></span> <span class='ocrx_word' id='word_1_35' title='bbox 573 619 739 682; x_wconf 72' lang='lat' dir='ltr'><strong>calumnias</strong></span> <span class='ocrx_word' id='word_1_36' title='bbox 762 619 838 708; x_wconf 89' lang='lat' dir='ltr'><strong>dum</strong></span> <span class='ocrx_word' id='word_1_37' title='bbox 892 618 1022 679; x_wconf 87' lang='lat' dir='ltr'><strong>sentiam</strong></span> <span class='ocrx_word' id='word_1_38' title='bbox 1036 618 1091 678; x_wconf 91' lang='lat' dir='ltr'><strong>Dei</strong></span> <span class='ocrx_word' id='word_1_39' title='bbox 1106 618 1249 689; x_wconf 90' lang='lat' dir='ltr'><strong>ostendit,</strong></span> <span class='ocrx_word' id='word_1_40' title='bbox 1268 624 1322 677; x_wconf 89' lang='lat' dir='ltr'><strong>aut</strong></span> <span class='ocrx_word' id='word_1_41' title='bbox 1339 618 1479 679; x_wconf 88' lang='lat' dir='ltr'><strong>accidens</strong></span> <span class='ocrx_word' id='word_1_42' title='bbox 1494 618 1522 678; x_wconf 91' lang='lat' dir='ltr'><strong>ei</strong></span> <span class='ocrx_word' id='word_1_43' title='bbox 1542 615 1663 696; x_wconf 90' lang='lat' dir='ltr'><strong>aliquid</strong></span> 
     </span>
     <span class='ocr_line' id='line_1_5' title="bbox 80 709 1665 799; baseline -0.008 -18"><span class='ocrx_word' id='word_1_44' title='bbox 80 722 115 782; x_wconf 88' lang='lat' dir='ltr'><strong>sic</strong></span> <span class='ocrx_word' id='word_1_45' title='bbox 137 719 298 799; x_wconf 75' lang='lat' dir='ltr'>Gregorius</span> <span class='ocrx_word' id='word_1_46' title='bbox 323 718 466 792; x_wconf 81' lang='lat' dir='ltr'><strong>occrurit,</strong></span> <span class='ocrx_word' id='word_1_47' title='bbox 491 723 527 776; x_wconf 89' lang='lat' dir='ltr'><strong>ut</strong></span> <span class='ocrx_word' id='word_1_48' title='bbox 551 716 635 794; x_wconf 91' lang='lat' dir='ltr'><strong>quod</strong></span> <span class='ocrx_word' id='word_1_49' title='bbox 660 711 839 774; x_wconf 87' lang='lat' dir='ltr'><strong>notionibus</strong></span> <span class='ocrx_word' id='word_1_50' title='bbox 892 711 1054 791; x_wconf 88' lang='lat' dir='ltr'><strong>significat.</strong></span> <span class='ocrx_word' id='word_1_51' title='bbox 1070 712 1218 772; x_wconf 82' lang='lat' dir='ltr'><strong>Accidens</strong></span> <span class='ocrx_word' id='word_1_52' title='bbox 1233 717 1337 771; x_wconf 88' lang='lat' dir='ltr'><strong>autem</strong></span> <span class='ocrx_word' id='word_1_53' title='bbox 1348 709 1665 773; x_wconf 83' lang='lat' dir='ltr'><strong>[leisubstantiaenul-</strong></span> 
     </span>
     <span class='ocr_line' id='line_1_6' title="bbox 80 805 1662 890; baseline -0.006 -15"><span class='ocrx_word' id='word_1_54' title='bbox 80 816 156 889; x_wconf 79' lang='lat' dir='ltr'><strong>inest,</strong></span> <span class='ocrx_word' id='word_1_55' title='bbox 171 813 299 874; x_wconf 87' lang='lat' dir='ltr'><strong>subdole</strong></span> <span class='ocrx_word' id='word_1_56' title='bbox 312 813 353 872; x_wconf 85' lang='lat' dir='ltr'><strong>nd</strong></span> <span class='ocrx_word' id='word_1_57' title='bbox 370 829 419 872; x_wconf 82' lang='lat' dir='ltr'><strong>res</strong></span> <span class='ocrx_word' id='word_1_58' title='bbox 432 811 513 890; x_wconf 84' lang='lat' dir='ltr'><strong>ipsus</strong></span> <span class='ocrx_word' id='word_1_59' title='bbox 528 815 563 869; x_wconf 88' lang='lat' dir='ltr'><strong>ut</strong></span> <span class='ocrx_word' id='word_1_60' title='bbox 579 808 713 869; x_wconf 80' lang='lat' dir='ltr'><strong>existrmt</strong></span> <span class='ocrx_word' id='word_1_61' title='bbox 730 807 763 865; x_wconf 89' lang='lat' dir='ltr'><strong>in</strong></span> <span class='ocrx_word' id='word_1_62' title='bbox 773 822 838 865; x_wconf 83' lang='lat' dir='ltr'><strong>sese</strong></span> <span class='ocrx_word' id='word_1_63' title='bbox 892 805 959 865; x_wconf 93' lang='lat' dir='ltr'><strong>lum</strong></span> <span class='ocrx_word' id='word_1_64' title='bbox 972 806 1071 866; x_wconf 88' lang='lat' dir='ltr'><strong>inesse</strong></span> <span class='ocrx_word' id='word_1_65' title='bbox 1085 811 1195 885; x_wconf 89' lang='lat' dir='ltr'><strong>potest.</strong></span> <span class='ocrx_word' id='word_1_66' title='bbox 1213 806 1347 866; x_wconf 82' lang='lat' dir='ltr'><strong>Perfecta</strong></span> <span class='ocrx_word' id='word_1_67' title='bbox 1356 806 1438 866; x_wconf 90' lang='lat' dir='ltr'><strong>enim</strong></span> <span class='ocrx_word' id='word_1_68' title='bbox 1447 811 1541 867; x_wconf 83' lang='lat' dir='ltr'><strong>estex</strong></span> <span class='ocrx_word' id='word_1_69' title='bbox 1552 805 1662 884; x_wconf 89' lang='lat' dir='ltr'><strong>seipsa.</strong></span> 
     </span>
     <span class='ocr_line' id='line_1_7' title="bbox 80 897 1665 979; baseline -0.008 -10"><span class='ocrx_word' id='word_1_70' title='bbox 80 907 290 970; x_wconf 82' lang='lat' dir='ltr'><strong>accommodari</strong></span> <span class='ocrx_word' id='word_1_71' title='bbox 302 905 343 966; x_wconf 85' lang='lat' dir='ltr'><strong>ab</strong></span> <span class='ocrx_word' id='word_1_72' title='bbox 358 904 509 966; x_wconf 83' lang='lat' dir='ltr'><strong>Eunomio</strong></span> <span class='ocrx_word' id='word_1_73' title='bbox 522 902 614 978; x_wconf 90' lang='lat' dir='ltr'><strong>dieat,</strong></span> <span class='ocrx_word' id='word_1_74' title='bbox 630 919 694 961; x_wconf 89' lang='lat' dir='ltr'><strong>non</strong></span> <span class='ocrx_word' id='word_1_75' title='bbox 710 898 839 959; x_wconf 89' lang='lat' dir='ltr'><strong>obscure</strong></span> <span class='ocrx_word' id='word_1_76' title='bbox 894 900 964 979; x_wconf 93' lang='lat' dir='ltr'><strong>Ipsa</strong></span> <span class='ocrx_word' id='word_1_77' title='bbox 977 918 1051 978; x_wconf 89' lang='lat' dir='ltr'><strong>ergo</strong></span> <span class='ocrx_word' id='word_1_78' title='bbox 1065 898 1237 961; x_wconf 85' lang='lat' dir='ltr'><strong>substantia</strong></span> <span class='ocrx_word' id='word_1_79' title='bbox 1260 900 1314 959; x_wconf 86' lang='lat' dir='ltr'><strong>Dei</strong></span> <span class='ocrx_word' id='word_1_80' title='bbox 1332 899 1520 978; x_wconf 87' lang='lat' dir='ltr'><strong>significatur</strong></span> <span class='ocrx_word' id='word_1_81' title='bbox 1537 897 1665 977; x_wconf 88' lang='lat' dir='ltr'><strong>ingeniti</strong></span> 
     </span>
     <span class='ocr_line' id='line_1_8' title="bbox 79 992 1664 1074; baseline -0.006 -13"><span class='ocrx_word' id='word_1_82' title='bbox 79 1002 154 1063; x_wconf 83' lang='lat' dir='ltr'><strong>docet</strong></span> <span class='ocrx_word' id='word_1_83' title='bbox 166 1001 305 1060; x_wconf 90' lang='lat' dir='ltr'><strong>notiones</strong></span> <span class='ocrx_word' id='word_1_84' title='bbox 320 999 362 1059; x_wconf 87' lang='lat' dir='ltr'><strong>sic</strong></span> <span class='ocrx_word' id='word_1_85' title='bbox 378 1018 397 1058; x_wconf 90' lang='lat' dir='ltr'><strong>a</strong></span> <span class='ocrx_word' id='word_1_86' title='bbox 412 1017 443 1059; x_wconf 91' lang='lat' dir='ltr'><strong>se</strong></span> <span class='ocrx_word' id='word_1_87' title='bbox 460 1003 569 1058; x_wconf 90' lang='lat' dir='ltr'><strong>mutuo</strong></span> <span class='ocrx_word' id='word_1_88' title='bbox 588 998 744 1074; x_wconf 87' lang='lat' dir='ltr'><strong>separatas</strong></span> <span class='ocrx_word' id='word_1_89' title='bbox 758 1008 836 1066; x_wconf 88' lang='lat' dir='ltr'><strong>esse,</strong></span> <span class='ocrx_word' id='word_1_90' title='bbox 892 994 1028 1054; x_wconf 88' lang='lat' dir='ltr'><strong>nomine.</strong></span> <span class='ocrx_word' id='word_1_91' title='bbox 1043 993 1114 1053; x_wconf 90' lang='lat' dir='ltr'><strong>Etsi</strong></span> <span class='ocrx_word' id='word_1_92' title='bbox 1124 994 1193 1072; x_wconf 87' lang='lat' dir='ltr'><strong>quis</strong></span> <span class='ocrx_word' id='word_1_93' title='bbox 1206 992 1352 1055; x_wconf 87' lang='lat' dir='ltr'><strong>aliusboe</strong></span> <span class='ocrx_word' id='word_1_94' title='bbox 1363 994 1458 1069; x_wconf 89' lang='lat' dir='ltr'><strong>novit,</strong></span> <span class='ocrx_word' id='word_1_95' title='bbox 1470 993 1590 1053; x_wconf 89' lang='lat' dir='ltr'><strong>noverit</strong></span> <span class='ocrx_word' id='word_1_96' title='bbox 1600 1010 1664 1051; x_wconf 92' lang='lat' dir='ltr'><strong>om·</strong></span> 
     </span>
     <span class='ocr_line' id='line_1_9' title="bbox 80 1084 1665 1168; baseline -0.008 -12"><span class='ocrx_word' id='word_1_97' title='bbox 80 1100 108 1156; x_wconf 83' lang='lat' dir='ltr'><strong>ut</strong></span> <span class='ocrx_word' id='word_1_98' title='bbox 126 1095 157 1155; x_wconf 93' lang='lat' dir='ltr'><strong>in</strong></span> <span class='ocrx_word' id='word_1_99' title='bbox 176 1112 238 1155; x_wconf 89' lang='lat' dir='ltr'><strong>una</strong></span> <span class='ocrx_word' id='word_1_100' title='bbox 259 1094 359 1154; x_wconf 82' lang='lat' dir='ltr'><strong>altera</strong></span> <span class='ocrx_word' id='word_1_101' title='bbox 391 1092 520 1152; x_wconf 69' lang='lat' dir='ltr'><strong>minim</strong></span> <span class='ocrx_word' id='word_1_102' title='bbox 547 1086 836 1168; x_wconf 78' lang='lat' dir='ltr'><strong>comprehendatur.</strong></span> <span class='ocrx_word' id='word_1_103' title='bbox 892 1088 965 1147; x_wconf 89' lang='lat' dir='ltr'><strong>nino</strong></span> <span class='ocrx_word' id='word_1_104' title='bbox 980 1088 1093 1161; x_wconf 86' lang='lat' dir='ltr'><strong>Deum,</strong></span> <span class='ocrx_word' id='word_1_105' title='bbox 1118 1093 1151 1145; x_wconf 87' lang='lat' dir='ltr'><strong>ut</strong></span> <span class='ocrx_word' id='word_1_106' title='bbox 1163 1086 1216 1147; x_wconf 92' lang='lat' dir='ltr'><strong>ille</strong></span> <span class='ocrx_word' id='word_1_107' title='bbox 1230 1087 1421 1166; x_wconf 58' lang='lat' dir='ltr'><strong>seipsumt»</strong></span> <span class='ocrx_word' id='word_1_108' title='bbox 1445 1087 1523 1147; x_wconf 91' lang='lat' dir='ltr'><strong>Huic</strong></span> <span class='ocrx_word' id='word_1_109' title='bbox 1534 1084 1665 1163; x_wconf 84' lang='lat' dir='ltr'><strong>Cyrillus</strong></span> 
     </span>
     <span class='ocr_line' id='line_1_10' title="bbox 79 1179 1665 1268; baseline -0.007 -18"><span class='ocrx_word' id='word_1_110' title='bbox 79 1181 744 1268; x_wconf 76' lang='lat' dir='ltr'><strong>Alioquisiinvolutas,utquidamvolunt,et</strong></span> <span class='ocrx_word' id='word_1_111' title='bbox 757 1196 840 1239; x_wconf 86' lang='lat' dir='ltr'><strong>com·</strong></span> <span class='ocrx_word' id='word_1_112' title='bbox 893 1179 935 1240; x_wconf 92' lang='lat' dir='ltr'><strong>sic</strong></span> <span class='ocrx_word' id='word_1_113' title='bbox 957 1179 1129 1260; x_wconf 82' lang='lat' dir='ltr'><strong>respondet,</strong></span> <span class='ocrx_word' id='word_1_114' title='bbox 1158 1185 1192 1239; x_wconf 91' lang='lat' dir='ltr'><strong>ut</strong></span> <span class='ocrx_word' id='word_1_115' title='bbox 1218 1180 1367 1240; x_wconf 88' lang='lat' dir='ltr'><strong>concedat</strong></span> <span class='ocrx_word' id='word_1_116' title='bbox 1384 1201 1399 1237; x_wconf 85' lang='grc' dir='ltr'><strong>ιι</strong></span> <span class='ocrx_word' id='word_1_117' title='bbox 1424 1179 1503 1239; x_wconf 84' lang='lat' dir='ltr'>nihil</span> <span class='ocrx_word' id='word_1_118' title='bbox 1527 1179 1665 1241; x_wconf 85' lang='lat' dir='ltr'><strong>accidere</strong></span> 
     </span>
     <span class='ocr_line' id='line_1_11' title="bbox 79 1271 1666 1362; baseline -0.006 -20"><span class='ocrx_word' id='word_1_119' title='bbox 79 1282 170 1362; x_wconf 83' lang='lat' dir='ltr'><strong>plexas</strong></span> <span class='ocrx_word' id='word_1_120' title='bbox 187 1281 321 1341; x_wconf 81' lang='lat' dir='ltr'><strong>invicem</strong></span> <span class='ocrx_word' id='word_1_121' title='bbox 344 1279 469 1340; x_wconf 84' lang='lat' dir='ltr'><strong>notitias</strong></span> <span class='ocrx_word' id='word_1_122' title='bbox 491 1277 573 1351; x_wconf 86' lang='lat' dir='ltr'><strong>illas,</strong></span> <span class='ocrx_word' id='word_1_123' title='bbox 595 1274 701 1335; x_wconf 90' lang='lat' dir='ltr'><strong>velut</strong></span> <span class='ocrx_word' id='word_1_124' title='bbox 724 1271 840 1333; x_wconf 86' lang='lat' dir='ltr'><strong>notitiis</strong></span> <span class='ocrx_word' id='word_1_125' title='bbox 892 1272 1068 1334; x_wconf 75' lang='lat' dir='ltr'><strong>substantiae</strong></span> <span class='ocrx_word' id='word_1_126' title='bbox 1088 1272 1153 1348; x_wconf 83' lang='lat' dir='ltr'><strong>bei,</strong></span> <span class='ocrx_word' id='word_1_127' title='bbox 1182 1273 1331 1352; x_wconf 89' lang='lat' dir='ltr'><strong>quoniam</strong></span> <span class='ocrx_word' id='word_1_128' title='bbox 1354 1274 1388 1333; x_wconf 91' lang='lat' dir='ltr'><strong>in</strong></span> <span class='ocrx_word' id='word_1_129' title='bbox 1406 1274 1506 1354; x_wconf 90' lang='lat' dir='ltr'><strong>seipsa</strong></span> <span class='ocrx_word' id='word_1_130' title='bbox 1530 1273 1666 1353; x_wconf 88' lang='lat' dir='ltr'><strong>perfecta</strong></span> 
     </span>
     <span class='ocr_line' id='line_1_12' title="bbox 80 1366 1660 1453; baseline -0.006 -19"><span class='ocrx_word' id='word_1_131' title='bbox 80 1374 201 1448; x_wconf 82' lang='lat' dir='ltr'><strong>subsunt,</strong></span> <span class='ocrx_word' id='word_1_132' title='bbox 228 1372 433 1453; x_wconf 78' lang='lat' dir='ltr'><strong>proprietates</strong></span> <span class='ocrx_word' id='word_1_133' title='bbox 459 1388 524 1432; x_wconf 83' lang='lat' dir='ltr'><strong>esse</strong></span> <span class='ocrx_word' id='word_1_134' title='bbox 553 1369 700 1441; x_wconf 87' lang='lat' dir='ltr'><strong>crederet,</strong></span> <span class='ocrx_word' id='word_1_135' title='bbox 732 1370 839 1426; x_wconf 85' lang='lat' dir='ltr'><strong>contra</strong></span> <span class='ocrx_word' id='word_1_136' title='bbox 893 1373 948 1428; x_wconf 90' lang='lat' dir='ltr'><strong>est.</strong></span> <span class='ocrx_word' id='word_1_137' title='bbox 965 1366 1025 1428; x_wconf 89' lang='lat' dir='ltr'><strong>Sed</strong></span> <span class='ocrx_word' id='word_1_138' title='bbox 1038 1366 1300 1445; x_wconf 84' lang='lat' dir='ltr'><strong>tameneogimnr,</strong></span> <span class='ocrx_word' id='word_1_139' title='bbox 1316 1368 1660 1447; x_wconf 75' lang='lat' dir='ltr'><strong>inqiutnonnunquam</strong></span> 
     </span>
     <span class='ocr_line' id='line_1_13' title="bbox 81 1458 1666 1545; baseline -0.004 -18"><span class='ocrx_word' id='word_1_140' title='bbox 81 1467 247 1527; x_wconf 73' lang='lat' dir='ltr'><strong>bonomium</strong></span> <span class='ocrx_word' id='word_1_141' title='bbox 261 1466 405 1545; x_wconf 80' lang='lat' dir='ltr'><strong>excipere</strong></span> <span class='ocrx_word' id='word_1_142' title='bbox 422 1463 569 1544; x_wconf 88' lang='lat' dir='ltr'><strong>potuisset</strong></span> <span class='ocrx_word' id='word_1_143' title='bbox 584 1467 615 1522; x_wconf 91' lang='lat' dir='ltr'><strong>et</strong></span> <span class='ocrx_word' id='word_1_144' title='bbox 633 1478 707 1521; x_wconf 86' lang='lat' dir='ltr'><strong>vero</strong></span> <span class='ocrx_word' id='word_1_145' title='bbox 718 1458 840 1520; x_wconf 82' lang='lat' dir='ltr'><strong>debuis—</strong></span> <span class='ocrx_word' id='word_1_146' title='bbox 893 1461 982 1539; x_wconf 86' lang='lat' dir='ltr'><strong>quasi</strong></span> <span class='ocrx_word' id='word_1_147' title='bbox 995 1460 1175 1535; x_wconf 85' lang='lat' dir='ltr'><strong>accidentia,</strong></span> <span class='ocrx_word' id='word_1_148' title='bbox 1188 1461 1307 1521; x_wconf 89' lang='lat' dir='ltr'><strong>etiamsi</strong></span> <span class='ocrx_word' id='word_1_149' title='bbox 1319 1480 1382 1521; x_wconf 92' lang='lat' dir='ltr'><strong>non</strong></span> <span class='ocrx_word' id='word_1_150' title='bbox 1391 1461 1518 1521; x_wconf 91' lang='lat' dir='ltr'><strong>omnino</strong></span> <span class='ocrx_word' id='word_1_151' title='bbox 1527 1461 1666 1521; x_wconf 86' lang='lat' dir='ltr'><strong>accidant</strong></span> 
     </span>
     <span class='ocr_line' id='line_1_14' title="bbox 80 1550 1664 1637; baseline -0.003 -19"><span class='ocrx_word' id='word_1_152' title='bbox 80 1558 242 1633; x_wconf 86' lang='lat' dir='ltr'><strong>set,nousic</strong></span> <span class='ocrx_word' id='word_1_153' title='bbox 252 1556 428 1637; x_wconf 89' lang='lat' dir='ltr'><strong>ingenitum</strong></span> <span class='ocrx_word' id='word_1_154' title='bbox 438 1550 836 1629; x_wconf 80' lang='lat' dir='ltr'><strong>abimmortalisejrmetum</strong></span> <span class='ocrx_word' id='word_1_155' title='bbox 893 1554 966 1629; x_wconf 83' lang='lat' dir='ltr'><strong>Deo,</strong></span> <span class='ocrx_word' id='word_1_156' title='bbox 983 1553 1049 1614; x_wconf 75' lang='lat' dir='ltr'><strong>hac</strong></span> <span class='ocrx_word' id='word_1_157' title='bbox 1063 1553 1175 1628; x_wconf 88' lang='lat' dir='ltr'><strong>dicere,</strong></span> <span class='ocrx_word' id='word_1_158' title='bbox 1191 1559 1221 1613; x_wconf 92' lang='lat' dir='ltr'><strong>et</strong></span> <span class='ocrx_word' id='word_1_159' title='bbox 1236 1560 1337 1614; x_wconf 89' lang='lat' dir='ltr'><strong>mente</strong></span> <span class='ocrx_word' id='word_1_160' title='bbox 1357 1554 1561 1615; x_wconf 88' lang='lat' dir='ltr'><strong>accidentium</strong></span> <span class='ocrx_word' id='word_1_161' title='bbox 1572 1554 1664 1613; x_wconf 91' lang='lat' dir='ltr'><strong>modo</strong></span> 
     </span>
     <span class='ocr_line' id='line_1_15' title="bbox 79 1645 1667 1729; baseline -0.004 -17"><span class='ocrx_word' id='word_1_162' title='bbox 79 1670 144 1727; x_wconf 83' lang='lat' dir='ltr'><strong>esse,</strong></span> <span class='ocrx_word' id='word_1_163' title='bbox 160 1657 193 1711; x_wconf 91' lang='lat' dir='ltr'><strong>ut</strong></span> <span class='ocrx_word' id='word_1_164' title='bbox 207 1651 339 1711; x_wconf 86' lang='lat' dir='ltr'><strong>diversis</strong></span> <span class='ocrx_word' id='word_1_165' title='bbox 358 1667 483 1729; x_wconf 86' lang='lat' dir='ltr'><strong>prorsus</strong></span> <span class='ocrx_word' id='word_1_166' title='bbox 502 1645 678 1709; x_wconf 86' lang='lat' dir='ltr'><strong>notionibus</strong></span> <span class='ocrx_word' id='word_1_167' title='bbox 697 1661 839 1722; x_wconf 87' lang='lat' dir='ltr'><strong>compre-</strong></span> <span class='ocrx_word' id='word_1_168' title='bbox 892 1647 1051 1726; x_wconf 86' lang='lat' dir='ltr'><strong>concipere</strong></span> <span class='ocrx_word' id='word_1_169' title='bbox 1062 1654 1108 1706; x_wconf 76' lang='lat' dir='ltr'><strong>t.»</strong></span> <span class='ocrx_word' id='word_1_170' title='bbox 1123 1649 1203 1707; x_wconf 85' lang='lat' dir='ltr'><strong>Tum</strong></span> <span class='ocrx_word' id='word_1_171' title='bbox 1216 1648 1272 1707; x_wconf 73' lang='lat' dir='ltr'><strong>«si</strong></span> <span class='ocrx_word' id='word_1_172' title='bbox 1283 1648 1378 1727; x_wconf 73' lang='lat' dir='ltr'><strong>igitau</strong></span> <span class='ocrx_word' id='word_1_173' title='bbox 1385 1649 1484 1709; x_wconf 88' lang='lat' dir='ltr'><strong>multa</strong></span> <span class='ocrx_word' id='word_1_174' title='bbox 1490 1647 1667 1726; x_wconf 86' lang='lat' dir='ltr'><strong>hujusmodi</strong></span> 
     </span>
     <span class='ocr_line' id='line_1_16' title="bbox 80 1736 1666 1819; baseline -0.003 -14"><span class='ocrx_word' id='word_1_175' title='bbox 80 1738 694 1819; x_wconf 77' lang='lat' dir='ltr'><strong>bmdannu,sedinvolutasetimplicatas</strong></span> <span class='ocrx_word' id='word_1_176' title='bbox 705 1736 838 1796; x_wconf 80' lang='lat' dir='ltr'><strong>invicem</strong></span> <span class='ocrx_word' id='word_1_177' title='bbox 893 1746 964 1801; x_wconf 90' lang='lat' dir='ltr'><strong>sunt</strong></span> <span class='ocrx_word' id='word_1_178' title='bbox 978 1759 1048 1819; x_wconf 85' lang='lat' dir='ltr'><strong>quse</strong></span> <span class='ocrx_word' id='word_1_179' title='bbox 1071 1740 1159 1818; x_wconf 90' lang='lat' dir='ltr'><strong>quasi</strong></span> <span class='ocrx_word' id='word_1_180' title='bbox 1180 1738 1325 1801; x_wconf 87' lang='lat' dir='ltr'><strong>accidisse</strong></span> <span class='ocrx_word' id='word_1_181' title='bbox 1347 1743 1409 1801; x_wconf 90' lang='lat' dir='ltr'><strong>Deo</strong></span> <span class='ocrx_word' id='word_1_182' title='bbox 1431 1743 1584 1817; x_wconf 78' lang='lat' dir='ltr'><strong>videnum,</strong></span> <span class='ocrx_word' id='word_1_183' title='bbox 1611 1760 1666 1801; x_wconf 89' lang='lat' dir='ltr'><strong>cur</strong></span> 
     </span>
     <span class='ocr_line' id='line_1_17' title="bbox 81 1830 1666 1914; baseline -0.003 -14"><span class='ocrx_word' id='word_1_184' title='bbox 81 1837 225 1899; x_wconf 85' lang='lat' dir='ltr'><strong>unborum</strong></span> <span class='ocrx_word' id='word_1_185' title='bbox 238 1855 309 1898; x_wconf 89' lang='lat' dir='ltr'><strong>esse</strong></span> <span class='ocrx_word' id='word_1_186' title='bbox 324 1836 460 1910; x_wconf 87' lang='lat' dir='ltr'><strong>notitias,</strong></span> <span class='ocrx_word' id='word_1_187' title='bbox 473 1834 517 1894; x_wconf 82' lang='lat' dir='ltr'><strong>ita</strong></span> <span class='ocrx_word' id='word_1_188' title='bbox 529 1838 565 1892; x_wconf 92' lang='lat' dir='ltr'><strong>ut</strong></span> <span class='ocrx_word' id='word_1_189' title='bbox 579 1831 634 1911; x_wconf 93' lang='lat' dir='ltr'><strong>qui</strong></span> <span class='ocrx_word' id='word_1_190' title='bbox 647 1831 686 1891; x_wconf 88' lang='lat' dir='ltr'><strong>de</strong></span> <span class='ocrx_word' id='word_1_191' title='bbox 701 1830 838 1909; x_wconf 90' lang='lat' dir='ltr'><strong>ingenito</strong></span> <span class='ocrx_word' id='word_1_192' title='bbox 891 1835 1005 1895; x_wconf 87' lang='lat' dir='ltr'><strong>frustra</strong></span> <span class='ocrx_word' id='word_1_193' title='bbox 1017 1833 1199 1893; x_wconf 78' lang='lat' dir='ltr'><strong>contenditis</strong></span> <span class='ocrx_word' id='word_1_194' title='bbox 1212 1833 1300 1894; x_wconf 91' lang='lat' dir='ltr'><strong>nullo</strong></span> <span class='ocrx_word' id='word_1_195' title='bbox 1315 1835 1408 1895; x_wconf 92' lang='lat' dir='ltr'><strong>modo</strong></span> <span class='ocrx_word' id='word_1_196' title='bbox 1428 1836 1602 1914; x_wconf 88' lang='lat' dir='ltr'><strong>ingenitum</strong></span> <span class='ocrx_word' id='word_1_197' title='bbox 1618 1853 1666 1895; x_wconf 91' lang='lat' dir='ltr'><strong>ac·</strong></span> 
     </span>
     <span class='ocr_line' id='line_1_18' title="bbox 79 1925 1666 2011; baseline -0.002 -19"><span class='ocrx_word' id='word_1_198' title='bbox 79 1934 183 2011; x_wconf 74' lang='lat' dir='ltr'><strong>cogitet</strong></span> <span class='ocrx_word' id='word_1_199' title='bbox 197 1931 291 1992; x_wconf 87' lang='lat' dir='ltr'><strong>simul</strong></span> <span class='ocrx_word' id='word_1_200' title='bbox 308 1936 340 1991; x_wconf 92' lang='lat' dir='ltr'><strong>et</strong></span> <span class='ocrx_word' id='word_1_201' title='bbox 352 1927 561 1990; x_wconf 79' lang='lat' dir='ltr'><strong>immortalem</strong></span> <span class='ocrx_word' id='word_1_202' title='bbox 573 1944 639 1987; x_wconf 90' lang='lat' dir='ltr'><strong>esse</strong></span> <span class='ocrx_word' id='word_1_203' title='bbox 654 1925 759 1985; x_wconf 90' lang='lat' dir='ltr'><strong>animo</strong></span> <span class='ocrx_word' id='word_1_204' title='bbox 771 1942 839 2003; x_wconf 84' lang='lat' dir='ltr'><strong>per·</strong></span> <span class='ocrx_word' id='word_1_205' title='bbox 892 1928 993 1988; x_wconf 91' lang='lat' dir='ltr'><strong>cidere</strong></span> <span class='ocrx_word' id='word_1_206' title='bbox 1008 1929 1070 1987; x_wconf 89' lang='lat' dir='ltr'><strong>Deo</strong></span> <span class='ocrx_word' id='word_1_207' title='bbox 1091 1927 1153 1987; x_wconf 92' lang='lat' dir='ltr'><strong>dici</strong></span> <span class='ocrx_word' id='word_1_208' title='bbox 1170 1946 1269 2006; x_wconf 87' lang='lat' dir='ltr'><strong>posse,</strong></span> <span class='ocrx_word' id='word_1_209' title='bbox 1285 1927 1361 2006; x_wconf 90' lang='lat' dir='ltr'><strong>quin</strong></span> <span class='ocrx_word' id='word_1_210' title='bbox 1375 1928 1474 1988; x_wconf 90' lang='lat' dir='ltr'><strong>multa</strong></span> <span class='ocrx_word' id='word_1_211' title='bbox 1487 1929 1520 1989; x_wconf 91' lang='lat' dir='ltr'><strong>in</strong></span> <span class='ocrx_word' id='word_1_212' title='bbox 1535 1929 1666 1989; x_wconf 88' lang='lat' dir='ltr'><strong>essentia</strong></span> 
     </span>
     <span class='ocr_line' id='line_1_19' title="bbox 79 2016 1660 2101; baseline -0.005 -15"><span class='ocrx_word' id='word_1_213' title='bbox 79 2031 179 2087; x_wconf 84' lang='lat' dir='ltr'><strong>tractet</strong></span> <span class='ocrx_word' id='word_1_214' title='bbox 194 2026 259 2099; x_wconf 86' lang='lat' dir='ltr'><strong>Quo</strong></span> <span class='ocrx_word' id='word_1_215' title='bbox 273 2023 452 2098; x_wconf 76' lang='lat' dir='ltr'><strong>constituo,</strong></span> <span class='ocrx_word' id='word_1_216' title='bbox 467 2020 612 2081; x_wconf 88' lang='lat' dir='ltr'><strong>Eunomii</strong></span> <span class='ocrx_word' id='word_1_217' title='bbox 623 2018 775 2079; x_wconf 85' lang='lat' dir='ltr'><strong>cavillatio</strong></span> <span class='ocrx_word' id='word_1_218' title='bbox 795 2016 839 2076; x_wconf 93' lang='lat' dir='ltr'><strong>lo-</strong></span> <span class='ocrx_word' id='word_1_219' title='bbox 892 2020 959 2098; x_wconf 86' lang='lat' dir='ltr'><strong>ejus</strong></span> <span class='ocrx_word' id='word_1_220' title='bbox 978 2020 1067 2099; x_wconf 86' lang='lat' dir='ltr'><strong>quasi</strong></span> <span class='ocrx_word' id='word_1_221' title='bbox 1087 2020 1256 2080; x_wconf 91' lang='lat' dir='ltr'><strong>accidentia</strong></span> <span class='ocrx_word' id='word_1_222' title='bbox 1272 2038 1337 2081; x_wconf 87' lang='lat' dir='ltr'><strong>esse</strong></span> <span class='ocrx_word' id='word_1_223' title='bbox 1352 2021 1578 2101; x_wconf 89' lang='lat' dir='ltr'><strong>conspiciantur</strong></span> <span class='ocrx_word' id='word_1_224' title='bbox 1592 2060 1605 2087; x_wconf 67' lang='grc' dir='ltr'>ι</span> <span class='ocrx_word' id='word_1_225' title='bbox 1616 2024 1633 2084; x_wconf 79' lang='lat' dir='ltr'><strong>l</strong></span> <span class='ocrx_word' id='word_1_226' title='bbox 1645 2043 1660 2079; x_wconf 84' lang='grc' dir='ltr'>ο</span> 
     </span>
     <span class='ocr_line' id='line_1_20' title="bbox 80 2111 1665 2195; baseline -0.002 -16"><span class='ocrx_word' id='word_1_227' title='bbox 80 2138 138 2179; x_wconf 85' lang='lat' dir='ltr'><strong>cum</strong></span> <span class='ocrx_word' id='word_1_228' title='bbox 153 2137 211 2183; x_wconf 91' lang='lat' dir='ltr'><strong>non</strong></span> <span class='ocrx_word' id='word_1_229' title='bbox 228 2117 373 2191; x_wconf 88' lang='lat' dir='ltr'><strong>haberet,</strong></span> <span class='ocrx_word' id='word_1_230' title='bbox 396 2115 543 2195; x_wconf 87' lang='lat' dir='ltr'><strong>quoniam</strong></span> <span class='ocrx_word' id='word_1_231' title='bbox 561 2113 600 2174; x_wconf 90' lang='lat' dir='ltr'><strong>ab</strong></span> <span class='ocrx_word' id='word_1_232' title='bbox 619 2111 749 2192; x_wconf 89' lang='lat' dir='ltr'><strong>ingeniti</strong></span> <span class='ocrx_word' id='word_1_233' title='bbox 765 2128 839 2191; x_wconf 90' lang='lat' dir='ltr'><strong>pro·</strong></span> <span class='ocrx_word' id='word_1_234' title='bbox 892 2116 963 2176; x_wconf 83' lang='lat' dir='ltr'><strong>Mox</strong></span> <span class='ocrx_word' id='word_1_235' title='bbox 978 2132 1052 2174; x_wconf 84' lang='lat' dir='ltr'><strong>vero</strong></span> <span class='ocrx_word' id='word_1_236' title='bbox 1065 2113 1194 2173; x_wconf 91' lang='lat' dir='ltr'><strong>nomina</strong></span> <span class='ocrx_word' id='word_1_237' title='bbox 1206 2113 1341 2193; x_wconf 80' lang='lat' dir='ltr'><strong>illaquee</strong></span> <span class='ocrx_word' id='word_1_238' title='bbox 1362 2115 1563 2195; x_wconf 87' lang='lat' dir='ltr'><strong>proprietates</strong></span> <span class='ocrx_word' id='word_1_239' title='bbox 1577 2123 1608 2177; x_wconf 91' lang='lat' dir='ltr'><strong>ct</strong></span> <span class='ocrx_word' id='word_1_240' title='bbox 1622 2122 1665 2176; x_wconf 90' lang='lat' dir='ltr'><strong>at·</strong></span> 
     </span>
     <span class='ocr_line' id='line_1_21' title="bbox 80 2204 1665 2293; baseline -0.002 -20"><span class='ocrx_word' id='word_1_241' title='bbox 80 2213 186 2293; x_wconf 84' lang='lat' dir='ltr'><strong>prietalc</strong></span> <span class='ocrx_word' id='word_1_242' title='bbox 200 2230 264 2272; x_wconf 90' lang='lat' dir='ltr'><strong>non</strong></span> <span class='ocrx_word' id='word_1_243' title='bbox 274 2210 397 2270; x_wconf 87' lang='lat' dir='ltr'><strong>abesset</strong></span> <span class='ocrx_word' id='word_1_244' title='bbox 407 2206 633 2281; x_wconf 83' lang='lat' dir='ltr'><strong>immortalitas,</strong></span> <span class='ocrx_word' id='word_1_245' title='bbox 649 2211 686 2265; x_wconf 92' lang='lat' dir='ltr'><strong>ut</strong></span> <span class='ocrx_word' id='word_1_246' title='bbox 699 2223 771 2265; x_wconf 92' lang='lat' dir='ltr'><strong>cum</strong></span> <span class='ocrx_word' id='word_1_247' title='bbox 783 2204 838 2264; x_wconf 89' lang='lat' dir='ltr'><strong>illo</strong></span> <span class='ocrx_word' id='word_1_248' title='bbox 891 2207 1006 2268; x_wconf 87' lang='lat' dir='ltr'><strong>tributa</strong></span> <span class='ocrx_word' id='word_1_249' title='bbox 1020 2206 1202 2286; x_wconf 84' lang='lat' dir='ltr'><strong>significant,</strong></span> <span class='ocrx_word' id='word_1_250' title='bbox 1219 2225 1282 2267; x_wconf 89' lang='lat' dir='ltr'><strong>uon</strong></span> <span class='ocrx_word' id='word_1_251' title='bbox 1294 2207 1394 2287; x_wconf 91' lang='lat' dir='ltr'><strong>ipsam</strong></span> <span class='ocrx_word' id='word_1_252' title='bbox 1408 2209 1580 2288; x_wconf 85' lang='lat' dir='ltr'><strong>significare</strong></span> <span class='ocrx_word' id='word_1_253' title='bbox 1589 2210 1665 2270; x_wconf 90' lang='lat' dir='ltr'><strong>sub-</strong></span> 
     </span>
     <span class='ocr_line' id='line_1_22' title="bbox 80 2299 1664 2383; baseline 0 -19"><span class='ocrx_word' id='word_1_254' title='bbox 80 2305 205 2383; x_wconf 84' lang='lat' dir='ltr'><strong>coujungi</strong></span> <span class='ocrx_word' id='word_1_255' title='bbox 217 2303 393 2364; x_wconf 87' lang='lat' dir='ltr'><strong>mortalitas</strong></span> <span class='ocrx_word' id='word_1_256' title='bbox 408 2307 520 2381; x_wconf 86' lang='lat' dir='ltr'><strong>posset.</strong></span> <span class='ocrx_word' id='word_1_257' title='bbox 542 2299 635 2378; x_wconf 82' lang='lat' dir='ltr'><strong>Atqui</strong></span> <span class='ocrx_word' id='word_1_258' title='bbox 645 2299 760 2359; x_wconf 83' lang='lat' dir='ltr'><strong>nonita</strong></span> <span class='ocrx_word' id='word_1_259' title='bbox 773 2316 839 2358; x_wconf 88' lang='lat' dir='ltr'><strong>res-</strong></span> <span class='ocrx_word' id='word_1_260' title='bbox 891 2301 1036 2361; x_wconf 89' lang='lat' dir='ltr'><strong>stantiam</strong></span> <span class='ocrx_word' id='word_1_261' title='bbox 1049 2300 1092 2359; x_wconf 90' lang='lat' dir='ltr'><strong>ait</strong></span> <span class='ocrx_word' id='word_1_262' title='bbox 1109 2317 1170 2359; x_wconf 82' lang='lat' dir='ltr'><strong>oue</strong></span> <span class='ocrx_word' id='word_1_263' title='bbox 1184 2317 1222 2359; x_wconf 85' lang='lat' dir='ltr'><strong>ex</strong></span> <span class='ocrx_word' id='word_1_264' title='bbox 1236 2306 1281 2359; x_wconf 88' lang='lat' dir='ltr'><strong>tot</strong></span> <span class='ocrx_word' id='word_1_265' title='bbox 1293 2301 1471 2362; x_wconf 86' lang='lat' dir='ltr'><strong>substantiis</strong></span> <span class='ocrx_word' id='word_1_266' title='bbox 1479 2305 1664 2383; x_wconf 85' lang='lat' dir='ltr'><strong>compositus</strong></span> 
     </span>
     <span class='ocr_line' id='line_1_23' title="bbox 80 2392 1664 2478; baseline -0.002 -18"><span class='ocrx_word' id='word_1_267' title='bbox 80 2399 175 2478; x_wconf 88' lang='lat' dir='ltr'><strong>pondet</strong></span> <span class='ocrx_word' id='word_1_268' title='bbox 186 2397 363 2477; x_wconf 81' lang='lat' dir='ltr'><strong>Gregorius,</strong></span> <span class='ocrx_word' id='word_1_269' title='bbox 376 2396 430 2456; x_wconf 88' lang='lat' dir='ltr'><strong>sed</strong></span> <span class='ocrx_word' id='word_1_270' title='bbox 440 2396 483 2455; x_wconf 88' lang='lat' dir='ltr'><strong>sic</strong></span> <span class='ocrx_word' id='word_1_271' title='bbox 499 2394 610 2474; x_wconf 88' lang='lat' dir='ltr'><strong>potius,</strong></span> <span class='ocrx_word' id='word_1_272' title='bbox 626 2399 661 2453; x_wconf 90' lang='lat' dir='ltr'><strong>ut</strong></span> <span class='ocrx_word' id='word_1_273' title='bbox 672 2392 839 2473; x_wconf 87' lang='lat' dir='ltr'><strong>proprieta—</strong></span> <span class='ocrx_word' id='word_1_274' title='bbox 891 2394 940 2468; x_wconf 86' lang='lat' dir='ltr'><strong>sit,</strong></span> <span class='ocrx_word' id='word_1_275' title='bbox 957 2399 1108 2473; x_wconf 88' lang='lat' dir='ltr'><strong>quotquot</strong></span> <span class='ocrx_word' id='word_1_276' title='bbox 1120 2398 1211 2454; x_wconf 82' lang='lat' dir='ltr'><strong>eumt</strong></span> <span class='ocrx_word' id='word_1_277' title='bbox 1218 2412 1288 2473; x_wconf 80' lang='lat' dir='ltr'><strong>quae</strong></span> <span class='ocrx_word' id='word_1_278' title='bbox 1296 2395 1477 2456; x_wconf 88' lang='lat' dir='ltr'><strong>naturaliter</strong></span> <span class='ocrx_word' id='word_1_279' title='bbox 1483 2396 1542 2456; x_wconf 89' lang='lat' dir='ltr'><strong>sibi</strong></span> <span class='ocrx_word' id='word_1_280' title='bbox 1559 2397 1664 2458; x_wconf 88' lang='lat' dir='ltr'><strong>adesse</strong></span> 
     </span>
     <span class='ocr_line' id='line_1_24' title="bbox 79 2480 1664 2567; baseline -0.001 -15"><span class='ocrx_word' id='word_1_281' title='bbox 79 2497 265 2552; x_wconf 70' lang='lat' dir='ltr'><strong>lactearum</strong></span> <span class='ocrx_word' id='word_1_282' title='bbox 284 2488 505 2567; x_wconf 78' lang='lat' dir='ltr'><strong>intelligentias</strong></span> <span class='ocrx_word' id='word_1_283' title='bbox 516 2486 673 2548; x_wconf 82' lang='lat' dir='ltr'><strong>distinctas</strong></span> <span class='ocrx_word' id='word_1_284' title='bbox 689 2504 752 2547; x_wconf 87' lang='lat' dir='ltr'><strong>ase</strong></span> <span class='ocrx_word' id='word_1_285' title='bbox 767 2504 839 2545; x_wconf 90' lang='lat' dir='ltr'><strong>mu·</strong></span> <span class='ocrx_word' id='word_1_286' title='bbox 891 2480 1088 2547; x_wconf 52' lang='lat' dir='ltr'><strong>videntum.»</strong></span> <span class='ocrx_word' id='word_1_287' title='bbox 1099 2488 1144 2546; x_wconf 81' lang='lat' dir='ltr'><strong>Ex</strong></span> <span class='ocrx_word' id='word_1_288' title='bbox 1157 2487 1443 2565; x_wconf 89' lang='lat' dir='ltr'><strong>quoitaeoneludit,</strong></span> <span class='ocrx_word' id='word_1_289' title='bbox 1459 2512 1474 2547; x_wconf 84' lang='grc' dir='ltr'><strong>ιι</strong></span> <span class='ocrx_word' id='word_1_290' title='bbox 1484 2508 1548 2549; x_wconf 90' lang='lat' dir='ltr'><strong>nou</strong></span> <span class='ocrx_word' id='word_1_291' title='bbox 1558 2491 1664 2551; x_wconf 89' lang='lat' dir='ltr'><strong>omnia</strong></span> 
     </span>
     <span class='ocr_line' id='line_1_25' title="bbox 78 2579 1662 2664; baseline -0.003 -16"><span class='ocrx_word' id='word_1_292' title='bbox 78 2591 162 2647; x_wconf 80' lang='lat' dir='ltr'><strong>broac</strong></span> <span class='ocrx_word' id='word_1_293' title='bbox 175 2584 567 2664; x_wconf 83' lang='lat' dir='ltr'><strong>disjunotasessefateatur,</strong></span> <span class='ocrx_word' id='word_1_294' title='bbox 580 2581 722 2661; x_wconf 87' lang='lat' dir='ltr'><strong>quamvis</strong></span> <span class='ocrx_word' id='word_1_295' title='bbox 738 2581 839 2660; x_wconf 86' lang='lat' dir='ltr'><strong>reipsa</strong></span> <span class='ocrx_word' id='word_1_296' title='bbox 891 2598 965 2659; x_wconf 90' lang='lat' dir='ltr'><strong>ergo</strong></span> <span class='ocrx_word' id='word_1_297' title='bbox 980 2598 1050 2659; x_wconf 79' lang='lat' dir='ltr'><strong>qnae</strong></span> <span class='ocrx_word' id='word_1_298' title='bbox 1063 2579 1096 2638; x_wconf 93' lang='lat' dir='ltr'><strong>in</strong></span> <span class='ocrx_word' id='word_1_299' title='bbox 1118 2581 1180 2639; x_wconf 85' lang='lat' dir='ltr'><strong>Deo</strong></span> <span class='ocrx_word' id='word_1_300' title='bbox 1203 2586 1275 2640; x_wconf 88' lang='lat' dir='ltr'><strong>sunt</strong></span> <span class='ocrx_word' id='word_1_301' title='bbox 1297 2587 1328 2642; x_wconf 90' lang='lat' dir='ltr'><strong>et</strong></span> <span class='ocrx_word' id='word_1_302' title='bbox 1350 2583 1388 2644; x_wconf 93' lang='lat' dir='ltr'><strong>de</strong></span> <span class='ocrx_word' id='word_1_303' title='bbox 1417 2585 1480 2644; x_wconf 88' lang='lat' dir='ltr'><strong>Deo</strong></span> <span class='ocrx_word' id='word_1_304' title='bbox 1507 2584 1662 2661; x_wconf 81' lang='lat' dir='ltr'><strong>dicrmtur,</strong></span> 
     </span>
     <span class='ocr_line' id='line_1_26' title="bbox 78 2672 1665 2758; baseline -0.001 -19"><span class='ocrx_word' id='word_1_305' title='bbox 78 2697 159 2739; x_wconf 88' lang='lat' dir='ltr'><strong>uuum</strong></span> <span class='ocrx_word' id='word_1_306' title='bbox 177 2679 295 2758; x_wconf 83' lang='lat' dir='ltr'><strong>aliquid</strong></span> <span class='ocrx_word' id='word_1_307' title='bbox 314 2678 387 2738; x_wconf 90' lang='lat' dir='ltr'><strong>sint.</strong></span> <span class='ocrx_word' id='word_1_308' title='bbox 406 2677 494 2750; x_wconf 84' lang='lat' dir='ltr'><strong>Quod</strong></span> <span class='ocrx_word' id='word_1_309' title='bbox 513 2682 558 2736; x_wconf 88' lang='lat' dir='ltr'><strong>est</strong></span> <span class='ocrx_word' id='word_1_310' title='bbox 578 2675 763 2754; x_wconf 83' lang='lat' dir='ltr'><strong>cogitatione</strong></span> <span class='ocrx_word' id='word_1_311' title='bbox 788 2674 838 2734; x_wconf 92' lang='lat' dir='ltr'><strong>vcl</strong></span> <span class='ocrx_word' id='word_1_312' title='bbox 891 2672 1093 2734; x_wconf 83' lang='lat' dir='ltr'><strong>substantiam</strong></span> <span class='ocrx_word' id='word_1_313' title='bbox 1107 2672 1290 2751; x_wconf 88' lang='lat' dir='ltr'><strong>significant.</strong></span> <span class='ocrx_word' id='word_1_314' title='bbox 1315 2675 1546 2755; x_wconf 70' lang='lat' dir='ltr'><strong>Reliqunm⁷est</strong></span> <span class='ocrx_word' id='word_1_315' title='bbox 1569 2678 1665 2757; x_wconf 90' lang='lat' dir='ltr'><strong>igitur</strong></span> 
     </span>
     <span class='ocr_line' id='line_1_27' title="bbox 79 2767 1662 2857; baseline 0.001 -26"><span class='ocrx_word' id='word_1_316' title='bbox 79 2772 162 2857; x_wconf 65' lang='grc' dir='ltr'>ἐπινοίη</span> <span class='ocrx_word' id='word_1_317' title='bbox 178 2773 312 2847; x_wconf 81' lang='lat' dir='ltr'><strong>differre,</strong></span> <span class='ocrx_word' id='word_1_318' title='bbox 326 2770 376 2831; x_wconf 86' lang='lat' dir='ltr'><strong>vel</strong></span> <span class='ocrx_word' id='word_1_319' title='bbox 389 2774 490 2851; x_wconf 79' lang='grc' dir='ltr'>ἰσχνοῖς</span> <span class='ocrx_word' id='word_1_320' title='bbox 504 2767 626 2836; x_wconf 81' lang='grc' dir='ltr'>ἐπινοίαις</span> <span class='ocrx_word' id='word_1_321' title='bbox 649 2773 704 2827; x_wconf 92' lang='lat' dir='ltr'><strong>aut</strong></span> <span class='ocrx_word' id='word_1_322' title='bbox 714 2769 835 2840; x_wconf 76' lang='grc' dir='ltr'>λεπταῖς,</span> <span class='ocrx_word' id='word_1_323' title='bbox 892 2773 926 2827; x_wconf 90' lang='lat' dir='ltr'><strong>ut</strong></span> <span class='ocrx_word' id='word_1_324' title='bbox 938 2784 1013 2827; x_wconf 85' lang='lat' dir='ltr'><strong>voce</strong></span> <span class='ocrx_word' id='word_1_325' title='bbox 1033 2767 1188 2845; x_wconf 91' lang='lat' dir='ltr'><strong>modoque</strong></span> <span class='ocrx_word' id='word_1_326' title='bbox 1202 2768 1325 2829; x_wconf 89' lang='lat' dir='ltr'><strong>dicendi</strong></span> <span class='ocrx_word' id='word_1_327' title='bbox 1339 2771 1508 2832; x_wconf 88' lang='lat' dir='ltr'><strong>accidentia</strong></span> <span class='ocrx_word' id='word_1_328' title='bbox 1535 2789 1601 2832; x_wconf 89' lang='lat' dir='ltr'><strong>esse</strong></span> <span class='ocrx_word' id='word_1_329' title='bbox 1615 2772 1662 2833; x_wconf 91' lang='lat' dir='ltr'><strong>di·</strong></span> 
     </span>
     <span class='ocr_line' id='line_1_28' title="bbox 80 2859 1663 2944; baseline 0.001 -19"><span class='ocrx_word' id='word_1_330' title='bbox 80 2872 107 2925; x_wconf 89' lang='lat' dir='ltr'><strong>ot</strong></span> <span class='ocrx_word' id='word_1_331' title='bbox 133 2870 335 2929; x_wconf 86' lang='lat' dir='ltr'><strong>[lamasccnus</strong></span> <span class='ocrx_word' id='word_1_332' title='bbox 370 2864 508 2944; x_wconf 89' lang='lat' dir='ltr'><strong>loquitur</strong></span> <span class='ocrx_word' id='word_1_333' title='bbox 526 2864 549 2935; x_wconf 84' lang='lat'><strong>¹,</strong></span> <span class='ocrx_word' id='word_1_334' title='bbox 578 2864 638 2923; x_wconf 89' lang='lat' dir='ltr'><strong>boc</strong></span> <span class='ocrx_word' id='word_1_335' title='bbox 661 2868 706 2923; x_wconf 91' lang='lat' dir='ltr'><strong>est</strong></span> <span class='ocrx_word' id='word_1_336' title='bbox 731 2859 838 2921; x_wconf 69' lang='lat' dir='ltr'><strong>sutrio·</strong></span> <span class='ocrx_word' id='word_1_337' title='bbox 892 2880 1009 2936; x_wconf 86' lang='lat' dir='ltr'><strong>camus,</strong></span> <span class='ocrx_word' id='word_1_338' title='bbox 1029 2860 1177 2939; x_wconf 91' lang='lat' dir='ltr'><strong>quoniam</strong></span> <span class='ocrx_word' id='word_1_339' title='bbox 1191 2862 1284 2923; x_wconf 93' lang='lat' dir='ltr'><strong>modo</strong></span> <span class='ocrx_word' id='word_1_340' title='bbox 1298 2864 1502 2925; x_wconf 89' lang='lat' dir='ltr'><strong>accidentium</strong></span> <span class='ocrx_word' id='word_1_341' title='bbox 1519 2884 1555 2925; x_wconf 85' lang='lat' dir='ltr'><strong>ea</strong></span> <span class='ocrx_word' id='word_1_342' title='bbox 1572 2866 1663 2926; x_wconf 71' lang='lat' dir='ltr'><strong>intel·</strong></span> 
     </span>
     <span class='ocr_line' id='line_1_29' title="bbox 78 2954 1664 3034; baseline 0.001 -16"><span class='ocrx_word' id='word_1_343' title='bbox 78 2959 292 3022; x_wconf 70' lang='lat' dir='ltr'><strong>desideratione</strong></span> <span class='ocrx_word' id='word_1_344' title='bbox 311 2980 347 3021; x_wconf 88' lang='lat' dir='ltr'><strong>oc</strong></span> <span class='ocrx_word' id='word_1_345' title='bbox 365 2960 488 3019; x_wconf 83' lang='lat' dir='ltr'><strong>ratione.</strong></span> <span class='ocrx_word' id='word_1_346' title='bbox 891 2955 1027 3034; x_wconf 88' lang='lat' dir='ltr'><strong>ligimus.</strong></span> <span class='ocrx_word' id='word_1_347' title='bbox 1058 2956 1127 3014; x_wconf 88' lang='lat' dir='ltr'><strong>Non</strong></span> <span class='ocrx_word' id='word_1_348' title='bbox 1154 2954 1238 3013; x_wconf 89' lang='lat' dir='ltr'><strong>enim</strong></span> <span class='ocrx_word' id='word_1_349' title='bbox 1265 2961 1364 3034; x_wconf 89' lang='lat' dir='ltr'><strong>potest</strong></span> <span class='ocrx_word' id='word_1_350' title='bbox 1390 2957 1529 3019; x_wconf 88' lang='lat' dir='ltr'><strong>bumana</strong></span> <span class='ocrx_word' id='word_1_351' title='bbox 1553 2966 1664 3021; x_wconf 84' lang='lat' dir='ltr'><strong>natura</strong></span> 
     </span>
    </p>

    <p class='ocr_par' dir='ltr' id='par_1_3' title="bbox 77 3047 1665 3977">
     <span class='ocr_line' id='line_1_30' title="bbox 111 3047 1661 3130; baseline 0.001 -17"><span class='ocrx_word' id='word_1_352' title='bbox 111 3054 196 3115; x_wconf 64' lang='lat' dir='ltr'><strong>xlta</strong></span> <span class='ocrx_word' id='word_1_353' title='bbox 205 3055 293 3114; x_wconf 80' lang='lat' dir='ltr'><strong>litus</strong></span> <span class='ocrx_word' id='word_1_354' title='bbox 315 3051 485 3113; x_wconf 82' lang='lat' dir='ltr'><strong>Bostlensis</strong></span> <span class='ocrx_word' id='word_1_355' title='bbox 497 3049 639 3130; x_wconf 87' lang='lat' dir='ltr'><strong>inprimo</strong></span> <span class='ocrx_word' id='word_1_356' title='bbox 657 3054 763 3109; x_wconf 87' lang='lat' dir='ltr'><strong>eontra</strong></span> <span class='ocrx_word' id='word_1_357' title='bbox 777 3049 837 3108; x_wconf 88' lang='lat' dir='ltr'><strong>lla·</strong></span> <span class='ocrx_word' id='word_1_358' title='bbox 891 3049 993 3127; x_wconf 90' lang='lat' dir='ltr'><strong>majus</strong></span> <span class='ocrx_word' id='word_1_359' title='bbox 1008 3047 1125 3127; x_wconf 87' lang='lat' dir='ltr'><strong>aliquid</strong></span> <span class='ocrx_word' id='word_1_360' title='bbox 1141 3065 1237 3125; x_wconf 91' lang='lat' dir='ltr'><strong>quam</strong></span> <span class='ocrx_word' id='word_1_361' title='bbox 1251 3048 1317 3128; x_wconf 89' lang='lat' dir='ltr'><strong>ipsa</strong></span> <span class='ocrx_word' id='word_1_362' title='bbox 1337 3051 1376 3110; x_wconf 93' lang='lat' dir='ltr'><strong>sit</strong></span> <span class='ocrx_word' id='word_1_363' title='bbox 1398 3051 1437 3112; x_wconf 93' lang='lat' dir='ltr'><strong>de</strong></span> <span class='ocrx_word' id='word_1_364' title='bbox 1462 3054 1525 3112; x_wconf 87' lang='lat' dir='ltr'><strong>Deo</strong></span> <span class='ocrx_word' id='word_1_365' title='bbox 1549 3053 1661 3114; x_wconf 86' lang='lat' dir='ltr'><strong>dicere.</strong></span> 
     </span>
     <span class='ocr_line' id='line_1_31' title="bbox 77 3140 1664 3225; baseline 0.002 -21"><span class='ocrx_word' id='word_1_366' title='bbox 77 3144 230 3206; x_wconf 64' lang='lat' dir='ltr'><strong>meumst:</strong></span> <span class='ocrx_word' id='word_1_367' title='bbox 252 3168 268 3203; x_wconf 82' lang='grc' dir='ltr'>ο</span> <span class='ocrx_word' id='word_1_368' title='bbox 284 3146 363 3221; x_wconf 89' lang='lat' dir='ltr'><strong>Etsi,</strong></span> <span class='ocrx_word' id='word_1_369' title='bbox 377 3144 488 3223; x_wconf 91' lang='lat' dir='ltr'><strong>inquit,</strong></span> <span class='ocrx_word' id='word_1_370' title='bbox 508 3161 570 3203; x_wconf 89' lang='lat' dir='ltr'><strong>non</strong></span> <span class='ocrx_word' id='word_1_371' title='bbox 579 3142 666 3202; x_wconf 87' lang='lat' dir='ltr'><strong>decet</strong></span> <span class='ocrx_word' id='word_1_372' title='bbox 676 3140 837 3201; x_wconf 87' lang='lat' dir='ltr'><strong>nominare</strong></span> <span class='ocrx_word' id='word_1_373' title='bbox 891 3144 1000 3203; x_wconf 89' lang='lat' dir='ltr'><strong>Nostro</strong></span> <span class='ocrx_word' id='word_1_374' title='bbox 1015 3141 1232 3220; x_wconf 90' lang='lat' dir='ltr'><strong>enimproprio</strong></span> <span class='ocrx_word' id='word_1_375' title='bbox 1246 3143 1340 3204; x_wconf 91' lang='lat' dir='ltr'><strong>modo</strong></span> <span class='ocrx_word' id='word_1_376' title='bbox 1356 3143 1556 3225; x_wconf 90' lang='lat' dir='ltr'><strong>intelligimus</strong></span> <span class='ocrx_word' id='word_1_377' title='bbox 1571 3152 1602 3207; x_wconf 89' lang='lat' dir='ltr'><strong>et</strong></span> <span class='ocrx_word' id='word_1_378' title='bbox 1620 3147 1664 3207; x_wconf 91' lang='lat' dir='ltr'><strong>lo·</strong></span> 
     </span>
     <span class='ocr_line' id='line_1_32' title="bbox 77 3234 1663 3320; baseline 0.001 -21"><span class='ocrx_word' id='word_1_379' title='bbox 77 3238 356 3320; x_wconf 83' lang='lat' dir='ltr'><strong>inDcoqnelitates,</strong></span> <span class='ocrx_word' id='word_1_380' title='bbox 372 3256 438 3299; x_wconf 88' lang='lat' dir='ltr'><strong>esse</strong></span> <span class='ocrx_word' id='word_1_381' title='bbox 458 3242 564 3298; x_wconf 89' lang='lat' dir='ltr'><strong>tamen</strong></span> <span class='ocrx_word' id='word_1_382' title='bbox 585 3236 670 3315; x_wconf 90' lang='lat' dir='ltr'><strong>prius</strong></span> <span class='ocrx_word' id='word_1_383' title='bbox 690 3241 736 3295; x_wconf 83' lang='lat' dir='ltr'><strong>est</strong></span> <span class='ocrx_word' id='word_1_384' title='bbox 757 3253 836 3313; x_wconf 89' lang='lat' dir='ltr'><strong>quo·</strong></span> <span class='ocrx_word' id='word_1_385' title='bbox 891 3237 1017 3315; x_wconf 90' lang='lat' dir='ltr'><strong>quimnr</strong></span> <span class='ocrx_word' id='word_1_386' title='bbox 1038 3254 1076 3297; x_wconf 83' lang='lat' dir='ltr'><strong>ex</strong></span> <span class='ocrx_word' id='word_1_387' title='bbox 1098 3234 1136 3296; x_wconf 90' lang='lat' dir='ltr'><strong>iis</strong></span> <span class='ocrx_word' id='word_1_388' title='bbox 1154 3252 1223 3312; x_wconf 83' lang='lat' dir='ltr'><strong>quse</strong></span> <span class='ocrx_word' id='word_1_389' title='bbox 1249 3234 1283 3297; x_wconf 91' lang='lat' dir='ltr'><strong>in</strong></span> <span class='ocrx_word' id='word_1_390' title='bbox 1305 3237 1394 3298; x_wconf 89' lang='lat' dir='ltr'><strong>nobis</strong></span> <span class='ocrx_word' id='word_1_391' title='bbox 1408 3244 1490 3315; x_wconf 89' lang='lat' dir='ltr'><strong>sunt,</strong></span> <span class='ocrx_word' id='word_1_392' title='bbox 1507 3240 1663 3318; x_wconf 86' lang='lat' dir='ltr'><strong>majorum</strong></span> 
     </span>
     <span class='ocr_line' id='line_1_33' title="bbox 78 3328 1665 3414; baseline 0.002 -22"><span class='ocrx_word' id='word_1_393' title='bbox 78 3333 225 3396; x_wconf 83' lang='lat' dir='ltr'><strong>dammodo</strong></span> <span class='ocrx_word' id='word_1_394' title='bbox 235 3333 432 3414; x_wconf 85' lang='lat' dir='ltr'><strong>cogitatione,</strong></span> <span class='ocrx_word' id='word_1_395' title='bbox 449 3349 544 3410; x_wconf 88' lang='lat' dir='ltr'><strong>quam</strong></span> <span class='ocrx_word' id='word_1_396' title='bbox 557 3330 652 3390; x_wconf 89' lang='lat' dir='ltr'><strong>talem</strong></span> <span class='ocrx_word' id='word_1_397' title='bbox 668 3347 744 3389; x_wconf 89' lang='lat' dir='ltr'><strong>esse.</strong></span> <span class='ocrx_word' id='word_1_398' title='bbox 758 3348 773 3384; x_wconf 86' lang='grc' dir='ltr'>ο</span> <span class='ocrx_word' id='word_1_399' title='bbox 788 3328 837 3389; x_wconf 90' lang='lat' dir='ltr'><strong>Sic</strong></span> <span class='ocrx_word' id='word_1_400' title='bbox 891 3331 1032 3411; x_wconf 82' lang='lat' dir='ltr'><strong>exempla</strong></span> <span class='ocrx_word' id='word_1_401' title='bbox 1045 3339 1210 3408; x_wconf 89' lang='lat' dir='ltr'><strong>sumentes,</strong></span> <span class='ocrx_word' id='word_1_402' title='bbox 1222 3338 1257 3392; x_wconf 91' lang='lat' dir='ltr'><strong>ut</strong></span> <span class='ocrx_word' id='word_1_403' title='bbox 1270 3332 1325 3411; x_wconf 91' lang='lat' dir='ltr'><strong>qui</strong></span> <span class='ocrx_word' id='word_1_404' title='bbox 1337 3333 1371 3393; x_wconf 92' lang='lat' dir='ltr'><strong>in</strong></span> <span class='ocrx_word' id='word_1_405' title='bbox 1384 3352 1481 3412; x_wconf 86' lang='lat' dir='ltr'><strong>parva</strong></span> <span class='ocrx_word' id='word_1_406' title='bbox 1489 3334 1597 3395; x_wconf 88' lang='lat' dir='ltr'><strong>tabula</strong></span> <span class='ocrx_word' id='word_1_407' title='bbox 1605 3354 1665 3396; x_wconf 80' lang='grc' dir='ltr'><strong>οω-</strong></span> 
     </span>
     <span class='ocr_line' id='line_1_34' title="bbox 78 3422 1661 3504; baseline 0.004 -20"><span class='ocrx_word' id='word_1_408' title='bbox 78 3426 155 3504; x_wconf 85' lang='lat' dir='ltr'><strong>igitur</strong></span> <span class='ocrx_word' id='word_1_409' title='bbox 174 3428 305 3488; x_wconf 69' lang='lat' dir='ltr'><strong>ementis</strong></span> <span class='ocrx_word' id='word_1_410' title='bbox 329 3425 379 3486; x_wconf 87' lang='lat' dir='ltr'><strong>vel</strong></span> <span class='ocrx_word' id='word_1_411' title='bbox 401 3423 572 3485; x_wconf 89' lang='lat' dir='ltr'><strong>substantia</strong></span> <span class='ocrx_word' id='word_1_412' title='bbox 586 3422 770 3502; x_wconf 87' lang='lat' dir='ltr'><strong>cogitatione</strong></span> <span class='ocrx_word' id='word_1_413' title='bbox 785 3423 834 3482; x_wconf 93' lang='lat' dir='ltr'><strong>di·</strong></span> <span class='ocrx_word' id='word_1_414' title='bbox 891 3424 999 3485; x_wconf 87' lang='lat' dir='ltr'><strong>lestem</strong></span> <span class='ocrx_word' id='word_1_415' title='bbox 1021 3425 1198 3487; x_wconf 84' lang='lat' dir='ltr'><strong>describunt</strong></span> <span class='ocrx_word' id='word_1_416' title='bbox 1220 3426 1371 3487; x_wconf 90' lang='lat' dir='ltr'><strong>circulum</strong></span> <span class='ocrx_word' id='word_1_417' title='bbox 1385 3429 1438 3486; x_wconf 67' lang='grc' dir='ltr'><strong>’.ο</strong></span> <span class='ocrx_word' id='word_1_418' title='bbox 1465 3428 1661 3490; x_wconf 81' lang='lat' dir='ltr'><strong>Manifestum</strong></span> 
     </span>
     <span class='ocr_line' id='line_1_35' title="bbox 77 3516 1662 3602; baseline 0.001 -20"><span class='ocrx_word' id='word_1_419' title='bbox 77 3520 223 3582; x_wconf 81' lang='lat' dir='ltr'><strong>stimtaest</strong></span> <span class='ocrx_word' id='word_1_420' title='bbox 235 3521 383 3599; x_wconf 89' lang='lat' dir='ltr'><strong>priorque</strong></span> <span class='ocrx_word' id='word_1_421' title='bbox 397 3516 646 3598; x_wconf 82' lang='lat' dir='ltr'><strong>proprietatibus,</strong></span> <span class='ocrx_word' id='word_1_422' title='bbox 670 3535 740 3595; x_wconf 83' lang='lat' dir='ltr'><strong>quae</strong></span> <span class='ocrx_word' id='word_1_423' title='bbox 758 3534 836 3595; x_wconf 89' lang='lat' dir='ltr'><strong>qua·</strong></span> <span class='ocrx_word' id='word_1_424' title='bbox 892 3524 938 3579; x_wconf 91' lang='lat' dir='ltr'><strong>cst</strong></span> <span class='ocrx_word' id='word_1_425' title='bbox 955 3524 1060 3580; x_wconf 85' lang='lat' dir='ltr'><strong>autem</strong></span> <span class='ocrx_word' id='word_1_426' title='bbox 1074 3538 1111 3580; x_wconf 86' lang='lat' dir='ltr'><strong>ex</strong></span> <span class='ocrx_word' id='word_1_427' title='bbox 1125 3520 1183 3581; x_wconf 90' lang='lat' dir='ltr'><strong>hac</strong></span> <span class='ocrx_word' id='word_1_428' title='bbox 1211 3520 1316 3599; x_wconf 83' lang='lat' dir='ltr'><strong>Cyrilli</strong></span> <span class='ocrx_word' id='word_1_429' title='bbox 1343 3520 1561 3601; x_wconf 88' lang='lat' dir='ltr'><strong>disputatione,</strong></span> <span class='ocrx_word' id='word_1_430' title='bbox 1590 3541 1662 3602; x_wconf 91' lang='lat' dir='ltr'><strong>pro·</strong></span> 
     </span>
     <span class='ocr_line' id='line_1_36' title="bbox 78 3609 1663 3696; baseline 0.001 -20"><span class='ocrx_word' id='word_1_431' title='bbox 78 3613 181 3675; x_wconf 82' lang='lat' dir='ltr'><strong>buum</strong></span> <span class='ocrx_word' id='word_1_432' title='bbox 203 3615 303 3675; x_wconf 83' lang='lat' dir='ltr'><strong>instar</strong></span> <span class='ocrx_word' id='word_1_433' title='bbox 320 3613 465 3675; x_wconf 87' lang='lat' dir='ltr'><strong>advenire</strong></span> <span class='ocrx_word' id='word_1_434' title='bbox 484 3611 554 3690; x_wconf 87' lang='lat' dir='ltr'><strong>ipsi,</strong></span> <span class='ocrx_word' id='word_1_435' title='bbox 579 3616 609 3671; x_wconf 90' lang='lat' dir='ltr'><strong>et</strong></span> <span class='ocrx_word' id='word_1_436' title='bbox 629 3628 700 3671; x_wconf 92' lang='lat' dir='ltr'><strong>eam</strong></span> <span class='ocrx_word' id='word_1_437' title='bbox 715 3609 838 3669; x_wconf 84' lang='lat' dir='ltr'><strong>afficere</strong></span> <span class='ocrx_word' id='word_1_438' title='bbox 892 3613 1034 3692; x_wconf 82' lang='lat' dir='ltr'><strong>prietates</strong></span> <span class='ocrx_word' id='word_1_439' title='bbox 1050 3615 1170 3675; x_wconf 85' lang='lat' dir='ltr'><strong>divinas</strong></span> <span class='ocrx_word' id='word_1_440' title='bbox 1184 3614 1227 3675; x_wconf 88' lang='lat' dir='ltr'><strong>sic</strong></span> <span class='ocrx_word' id='word_1_441' title='bbox 1245 3615 1366 3675; x_wconf 88' lang='lat' dir='ltr'><strong>anobis</strong></span> <span class='ocrx_word' id='word_1_442' title='bbox 1383 3615 1526 3696; x_wconf 89' lang='lat' dir='ltr'><strong>intelligi,</strong></span> <span class='ocrx_word' id='word_1_443' title='bbox 1541 3622 1576 3677; x_wconf 90' lang='lat' dir='ltr'><strong>ut</strong></span> <span class='ocrx_word' id='word_1_444' title='bbox 1600 3636 1663 3677; x_wconf 89' lang='lat' dir='ltr'><strong>non</strong></span> 
     </span>
     <span class='ocr_line' id='line_1_37' title="bbox 78 3703 1664 3791; baseline 0.002 -22"><span class='ocrx_word' id='word_1_445' title='bbox 78 3707 210 3784; x_wconf 78' lang='lat' dir='ltr'><strong>ridenmr,</strong></span> <span class='ocrx_word' id='word_1_446' title='bbox 232 3714 268 3768; x_wconf 91' lang='lat' dir='ltr'><strong>ut</strong></span> <span class='ocrx_word' id='word_1_447' title='bbox 291 3712 402 3768; x_wconf 76' lang='lat' dir='ltr'><strong>nostra</strong></span> <span class='ocrx_word' id='word_1_448' title='bbox 429 3703 666 3766; x_wconf 87' lang='lat' dir='ltr'><strong>considerationi</strong></span> <span class='ocrx_word' id='word_1_449' title='bbox 692 3704 836 3764; x_wconf 90' lang='lat' dir='ltr'><strong>subsunt.</strong></span> <span class='ocrx_word' id='word_1_450' title='bbox 891 3707 1023 3768; x_wconf 87' lang='lat' dir='ltr'><strong>invicem</strong></span> <span class='ocrx_word' id='word_1_451' title='bbox 1037 3709 1190 3787; x_wconf 73' lang='lat' dir='ltr'><strong>permista</strong></span> <span class='ocrx_word' id='word_1_452' title='bbox 1202 3710 1262 3769; x_wconf 91' lang='lat' dir='ltr'><strong>sint</strong></span> <span class='ocrx_word' id='word_1_453' title='bbox 1273 3728 1382 3770; x_wconf 88' lang='lat' dir='ltr'><strong>earum</strong></span> <span class='ocrx_word' id='word_1_454' title='bbox 1398 3711 1524 3772; x_wconf 74' lang='lat' dir='ltr'><strong>notitia.</strong></span> <span class='ocrx_word' id='word_1_455' title='bbox 1540 3711 1664 3791; x_wconf 77' lang='lat' dir='ltr'><strong>Alioqui</strong></span> 
     </span>
     <span class='ocr_line' id='line_1_38' title="bbox 77 3797 1664 3882; baseline 0.002 -18"><span class='ocrx_word' id='word_1_456' title='bbox 77 3802 150 3874; x_wconf 76' lang='lat' dir='ltr'><strong>oud</strong></span> <span class='ocrx_word' id='word_1_457' title='bbox 161 3804 279 3864; x_wconf 85' lang='lat' dir='ltr'><strong>erudite</strong></span> <span class='ocrx_word' id='word_1_458' title='bbox 299 3820 374 3862; x_wconf 87' lang='lat' dir='ltr'><strong>sane</strong></span> <span class='ocrx_word' id='word_1_459' title='bbox 396 3805 502 3861; x_wconf 89' lang='lat' dir='ltr'><strong>contra</strong></span> <span class='ocrx_word' id='word_1_460' title='bbox 524 3798 650 3859; x_wconf 88' lang='lat' dir='ltr'><strong>eosdem</strong></span> <span class='ocrx_word' id='word_1_461' title='bbox 666 3797 836 3857; x_wconf 81' lang='lat' dir='ltr'><strong>Eunomia·</strong></span> <span class='ocrx_word' id='word_1_462' title='bbox 892 3819 955 3861; x_wconf 89' lang='lat' dir='ltr'><strong>non</strong></span> <span class='ocrx_word' id='word_1_463' title='bbox 978 3807 1056 3862; x_wconf 89' lang='lat' dir='ltr'><strong>esset</strong></span> <span class='ocrx_word' id='word_1_464' title='bbox 1069 3821 1257 3882; x_wconf 87' lang='lat' dir='ltr'><strong>consequens</strong></span> <span class='ocrx_word' id='word_1_465' title='bbox 1277 3804 1346 3865; x_wconf 85' lang='lat' dir='ltr'><strong>illas</strong></span> <span class='ocrx_word' id='word_1_466' title='bbox 1368 3805 1438 3865; x_wconf 92' lang='lat' dir='ltr'><strong>ideo</strong></span> <span class='ocrx_word' id='word_1_467' title='bbox 1461 3805 1664 3867; x_wconf 85' lang='lat' dir='ltr'><strong>substantiam</strong></span> 
     </span>
     <span class='ocr_line' id='line_1_39' title="bbox 77 3895 1663 3977; baseline 0.003 -20"><span class='ocrx_word' id='word_1_468' title='bbox 77 3914 122 3957; x_wconf 88' lang='lat' dir='ltr'><strong>nos</strong></span> <span class='ocrx_word' id='word_1_469' title='bbox 145 3897 273 3977; x_wconf 64' lang='lat' dir='ltr'><strong>Cpr-illus</strong></span> <span class='ocrx_word' id='word_1_470' title='bbox 301 3895 438 3976; x_wconf 79' lang='lat' dir='ltr'><strong>exponit,</strong></span> <span class='ocrx_word' id='word_1_471' title='bbox 475 3910 610 3974; x_wconf 90' lang='lat' dir='ltr'><strong>quorum</strong></span> <span class='ocrx_word' id='word_1_472' title='bbox 643 3896 840 3971; x_wconf 79' lang='lat' dir='ltr'><strong>argumenta·</strong></span> <span class='ocrx_word' id='word_1_473' title='bbox 893 3895 1020 3956; x_wconf 93' lang='lat' dir='ltr'><strong>minime</strong></span> <span class='ocrx_word' id='word_1_474' title='bbox 1039 3897 1329 3976; x_wconf 86' lang='lat' dir='ltr'><strong>signiticarc,netot</strong></span> <span class='ocrx_word' id='word_1_475' title='bbox 1350 3898 1527 3960; x_wconf 77' lang='lat' dir='ltr'><strong>substantiae</strong></span> <span class='ocrx_word' id='word_1_476' title='bbox 1544 3900 1578 3959; x_wconf 92' lang='lat' dir='ltr'><strong>in</strong></span> <span class='ocrx_word' id='word_1_477' title='bbox 1601 3901 1663 3962; x_wconf 85' lang='lat' dir='ltr'><strong>Deo</strong></span> 
     </span>
    </p>
   </div>
   <div class='ocr_carea' id='block_1_3' title="bbox 76 4100 1665 5279">
    <p class='ocr_par' dir='ltr' id='par_1_4' title="bbox 76 4100 1665 5279">
     <span class='ocr_line' id='line_1_40' title="bbox 105 4100 1665 4184; baseline 0.008 -26"><span class='ocrx_word' id='word_1_478' title='bbox 105 4107 185 4162; x_wconf 68' lang='lat' dir='ltr'><strong>alirn.</strong></span> <span class='ocrx_word' id='word_1_479' title='bbox 199 4109 244 4164; x_wconf 77' lang='lat' dir='ltr'><strong>at.</strong></span> <span class='ocrx_word' id='word_1_480' title='bbox 266 4105 396 4160; x_wconf 78' lang='lat' dir='ltr'><strong>Thesaut‘.</strong></span> <span class='ocrx_word' id='word_1_481' title='bbox 406 4105 440 4157; x_wconf 80' lang='lat' dir='ltr'><strong>Tb</strong></span> <span class='ocrx_word' id='word_1_482' title='bbox 454 4102 582 4175; x_wconf 76' lang='grc' dir='ltr'>ἂγίννητνς</span> <span class='ocrx_word' id='word_1_483' title='bbox 595 4100 771 4173; x_wconf 51' lang='lat' dir='ltr'><strong>suggeras,</strong></span> <span class='ocrx_word' id='word_1_484' title='bbox 786 4100 802 4167; x_wconf 73' lang='lat' dir='ltr'><strong>li</strong></span> <span class='ocrx_word' id='word_1_485' title='bbox 815 4119 839 4153; x_wconf 67' lang='grc' dir='ltr'>τι</span> <span class='ocrx_word' id='word_1_486' title='bbox 893 4108 980 4179; x_wconf 77' lang='grc' dir='ltr'>τοιῷδε</span> <span class='ocrx_word' id='word_1_487' title='bbox 993 4109 1101 4180; x_wconf 60' lang='lat' dir='ltr'><strong>opipari</strong></span> <span class='ocrx_word' id='word_1_488' title='bbox 1115 4111 1265 4183; x_wconf 70' lang='lat' dir='ltr'><strong>petaculum</strong></span> <span class='ocrx_word' id='word_1_489' title='bbox 1278 4116 1350 4164; x_wconf 81' lang='grc' dir='ltr'>τινῶν</span> <span class='ocrx_word' id='word_1_490' title='bbox 1364 4116 1413 4165; x_wconf 82' lang='grc' dir='ltr'>τῶν</span> <span class='ocrx_word' id='word_1_491' title='bbox 1427 4113 1473 4165; x_wconf 75' lang='grc' dir='ltr'>ὅσα</span> <span class='ocrx_word' id='word_1_492' title='bbox 1490 4131 1536 4184; x_wconf 83' lang='grc' dir='ltr'><strong>περ</strong></span> <span class='ocrx_word' id='word_1_493' title='bbox 1549 4110 1600 4168; x_wconf 74' lang='grc' dir='ltr'>ἐστὶ</span> <span class='ocrx_word' id='word_1_494' title='bbox 1611 4118 1665 4170; x_wconf 77' lang='grc' dir='ltr'>κατ’</span> 
     </span>
     <span class='ocr_line' id='line_1_41' title="bbox 77 4183 1066 4263; baseline -0.009 -19"><span class='ocrx_word' id='word_1_495' title='bbox 77 4191 234 4260; x_wconf 62' lang='grc' dir='ltr'>παραστατικὸν</span> <span class='ocrx_word' id='word_1_496' title='bbox 247 4195 293 4258; x_wconf 74' lang='grc' dir='ltr'><strong>τῆς</strong></span> <span class='ocrx_word' id='word_1_497' title='bbox 306 4189 389 4251; x_wconf 67' lang='grc' dir='ltr'>οὐσίας</span> <span class='ocrx_word' id='word_1_498' title='bbox 399 4192 443 4242; x_wconf 75' lang='grc' dir='ltr'><strong>τοῦ</strong></span> <span class='ocrx_word' id='word_1_499' title='bbox 456 4188 518 4241; x_wconf 79' lang='grc' dir='ltr'>θεοῦ</span> <span class='ocrx_word' id='word_1_500' title='bbox 527 4187 680 4255; x_wconf 62' lang='lat' dir='ltr'><strong>condietur,</strong></span> <span class='ocrx_word' id='word_1_501' title='bbox 695 4186 710 4252; x_wconf 74' lang='grc' dir='ltr'>η</span> <span class='ocrx_word' id='word_1_502' title='bbox 726 4183 838 4255; x_wconf 74' lang='grc' dir='ltr'><strong>σημαίνει</strong></span> <span class='ocrx_word' id='word_1_503' title='bbox 893 4188 975 4243; x_wconf 62' lang='grc' dir='ltr'>ὠσίαν</span> <span class='ocrx_word' id='word_1_504' title='bbox 984 4190 1066 4263; x_wconf 66' lang='grc' dir='ltr'>αὒπῷ;</span> 
     </span>
     <span class='ocr_line' id='line_1_42' title="bbox 77 4268 1664 4353; baseline 0.008 -28"><span class='ocrx_word' id='word_1_505' title='bbox 77 4277 345 4347; x_wconf 60' lang='grc' dir='ltr'>τισένανγώεδηγότων</span> <span class='ocrx_word' id='word_1_506' title='bbox 355 4274 429 4347; x_wconf 70' lang='grc' dir='ltr'>οὔτῇ·</span> <span class='ocrx_word' id='word_1_507' title='bbox 443 4273 507 4325; x_wconf 74' lang='grc' dir='ltr'><strong>ἀλλὰ</strong></span> <span class='ocrx_word' id='word_1_508' title='bbox 524 4272 572 4344; x_wconf 81' lang='grc' dir='ltr'>μὴν</span> <span class='ocrx_word' id='word_1_509' title='bbox 582 4268 650 4324; x_wconf 67' lang='grc' dir='ltr'>οὐδὲν</span> <span class='ocrx_word' id='word_1_510' title='bbox 665 4274 696 4342; x_wconf 82' lang='grc' dir='ltr'><strong>τῇ</strong></span> <span class='ocrx_word' id='word_1_511' title='bbox 710 4268 763 4338; x_wconf 81' lang='grc' dir='ltr'>θείᾳ</span> <span class='ocrx_word' id='word_1_512' title='bbox 779 4288 839 4340; x_wconf 78' lang='lat' dir='ltr'><strong>aup-</strong></span> <span class='ocrx_word' id='word_1_513' title='bbox 928 4274 948 4328; x_wconf 80' lang='lat' dir='ltr'><strong>d</strong></span> <span class='ocrx_word' id='word_1_514' title='bbox 959 4272 991 4327; x_wconf 76' lang='lat' dir='ltr'><strong>Et</strong></span> <span class='ocrx_word' id='word_1_515' title='bbox 1008 4273 1050 4346; x_wconf 78' lang='grc' dir='ltr'>μὲν</span> <span class='ocrx_word' id='word_1_516' title='bbox 1064 4270 1108 4329; x_wconf 67' lang='grc' dir='ltr'>οὖν</span> <span class='ocrx_word' id='word_1_517' title='bbox 1126 4277 1226 4333; x_wconf 75' lang='grc' dir='ltr'>ἕκαστον</span> <span class='ocrx_word' id='word_1_518' title='bbox 1244 4279 1327 4334; x_wconf 72' lang='grc' dir='ltr'>οὐσίαν</span> <span class='ocrx_word' id='word_1_519' title='bbox 1347 4282 1481 4353; x_wconf 68' lang='grc' dir='ltr'>σημαίνειν,</span> <span class='ocrx_word' id='word_1_520' title='bbox 1498 4280 1524 4335; x_wconf 78' lang='grc' dir='ltr'><strong>ἔκ</strong></span> <span class='ocrx_word' id='word_1_521' title='bbox 1542 4284 1664 4338; x_wconf 70' lang='grc' dir='ltr'>τοσούτων</span> 
     </span>
     <span class='ocr_line' id='line_1_43' title="bbox 76 4353 1665 4442; baseline 0.006 -31"><span class='ocrx_word' id='word_1_522' title='bbox 76 4359 158 4427; x_wconf 67' lang='grc' dir='ltr'>Εέὅηαεν</span> <span class='ocrx_word' id='word_1_523' title='bbox 172 4362 250 4432; x_wconf 61' lang='lat' dir='ltr'><strong>ciria·</strong></span> <span class='ocrx_word' id='word_1_524' title='bbox 266 4361 350 4415; x_wconf 78' lang='grc' dir='ltr'>τελεία</span> <span class='ocrx_word' id='word_1_525' title='bbox 370 4361 416 4433; x_wconf 78' lang='grc' dir='ltr'><strong>γὰρ</strong></span> <span class='ocrx_word' id='word_1_526' title='bbox 437 4357 461 4420; x_wconf 73' lang='grc' dir='ltr'><strong>ἐξ</strong></span> <span class='ocrx_word' id='word_1_527' title='bbox 476 4357 570 4425; x_wconf 77' lang='grc' dir='ltr'>ἒαωτῆς·</span> <span class='ocrx_word' id='word_1_528' title='bbox 597 4355 625 4409; x_wconf 73' lang='grc' dir='ltr'><strong>τὸ</strong></span> <span class='ocrx_word' id='word_1_529' title='bbox 636 4354 767 4426; x_wconf 76' lang='grc' dir='ltr'>ἀγέννητον</span> <span class='ocrx_word' id='word_1_530' title='bbox 789 4353 837 4425; x_wconf 74' lang='grc' dir='ltr'>ἄρα</span> <span class='ocrx_word' id='word_1_531' title='bbox 893 4356 950 4429; x_wconf 75' lang='grc' dir='ltr'>ὑμῖν</span> <span class='ocrx_word' id='word_1_532' title='bbox 965 4358 1053 4411; x_wconf 73' lang='grc' dir='ltr'>οὐσιῶν</span> <span class='ocrx_word' id='word_1_533' title='bbox 1068 4359 1082 4413; x_wconf 83' lang='grc' dir='ltr'>ὁ</span> <span class='ocrx_word' id='word_1_534' title='bbox 1095 4360 1186 4425; x_wconf 77' lang='grc' dir='ltr'>ἁπλοῦς</span> <span class='ocrx_word' id='word_1_535' title='bbox 1195 4364 1345 4436; x_wconf 80' lang='grc' dir='ltr'>σογκείσεται</span> <span class='ocrx_word' id='word_1_536' title='bbox 1358 4366 1428 4437; x_wconf 70' lang='grc' dir='ltr'>Θεὸς,</span> <span class='ocrx_word' id='word_1_537' title='bbox 1441 4367 1542 4441; x_wconf 78' lang='grc' dir='ltr'>ὅσαπερ</span> <span class='ocrx_word' id='word_1_538' title='bbox 1555 4370 1584 4422; x_wconf 74' lang='grc' dir='ltr'>ἂν</span> <span class='ocrx_word' id='word_1_539' title='bbox 1598 4369 1665 4442; x_wconf 83' lang='grc' dir='ltr'><strong>αιίτῷ</strong></span> 
     </span>
     <span class='ocr_line' id='line_1_44' title="bbox 77 4437 1258 4517; baseline 0.004 -20"><span class='ocrx_word' id='word_1_540' title='bbox 77 4445 190 4511; x_wconf 70' lang='grc' dir='ltr'>τῇςοῦσίας</span> <span class='ocrx_word' id='word_1_541' title='bbox 203 4447 272 4501; x_wconf 78' lang='grc' dir='ltr'>ἔσται</span> <span class='ocrx_word' id='word_1_542' title='bbox 285 4446 431 4514; x_wconf 75' lang='grc' dir='ltr'>δηλωτικόν·</span> <span class='ocrx_word' id='word_1_543' title='bbox 442 4444 482 4496; x_wconf 78' lang='grc' dir='ltr'>καὶ</span> <span class='ocrx_word' id='word_1_544' title='bbox 495 4440 518 4495; x_wconf 84' lang='grc' dir='ltr'><strong>εί</strong></span> <span class='ocrx_word' id='word_1_545' title='bbox 527 4462 563 4505; x_wconf 86' lang='grc' dir='ltr'>τις</span> <span class='ocrx_word' id='word_1_546' title='bbox 573 4441 655 4512; x_wconf 77' lang='grc' dir='ltr'>ἕτερος</span> <span class='ocrx_word' id='word_1_547' title='bbox 666 4444 739 4494; x_wconf 82' lang='grc' dir='ltr'>τοῦτο</span> <span class='ocrx_word' id='word_1_548' title='bbox 750 4437 836 4507; x_wconf 56' lang='lat' dir='ltr'><strong>staats,</strong></span> <span class='ocrx_word' id='word_1_549' title='bbox 892 4447 996 4510; x_wconf 78' lang='grc' dir='ltr'>φοσιαῶς</span> <span class='ocrx_word' id='word_1_550' title='bbox 1004 4446 1127 4514; x_wconf 81' lang='grc' dir='ltr'>προσόντα</span> <span class='ocrx_word' id='word_1_551' title='bbox 1135 4446 1258 4517; x_wconf 78' lang='grc' dir='ltr'>φαίνηται.</span> 
     </span>
     <span class='ocr_line' id='line_1_45' title="bbox 78 4525 1663 4611; baseline 0.008 -31"><span class='ocrx_word' id='word_1_552' title='bbox 78 4527 155 4584; x_wconf 79' lang='grc' dir='ltr'>εἴσεται</span> <span class='ocrx_word' id='word_1_553' title='bbox 167 4534 262 4594; x_wconf 68' lang='grc' dir='ltr'>πάντως</span> <span class='ocrx_word' id='word_1_554' title='bbox 275 4532 347 4597; x_wconf 65' lang='grc' dir='ltr'>Θείαν,</span> <span class='ocrx_word' id='word_1_555' title='bbox 362 4531 396 4592; x_wconf 66' lang='lat' dir='ltr'><strong>dre</strong></span> <span class='ocrx_word' id='word_1_556' title='bbox 409 4529 481 4591; x_wconf 65' lang='grc' dir='ltr'>οὗτος</span> <span class='ocrx_word' id='word_1_557' title='bbox 495 4526 590 4581; x_wconf 58' lang='lat' dir='ltr'><strong>ussto.</strong></span> <span class='ocrx_word' id='word_1_558' title='bbox 928 4525 1026 4583; x_wconf 82' lang='lat' dir='ltr'><strong>elbid.</strong></span> <span class='ocrx_word' id='word_1_559' title='bbox 1038 4526 1069 4581; x_wconf 77' lang='lat' dir='ltr'><strong>Et</strong></span> <span class='ocrx_word' id='word_1_560' title='bbox 1077 4530 1156 4584; x_wconf 81' lang='grc' dir='ltr'>τοίνυν</span> <span class='ocrx_word' id='word_1_561' title='bbox 1165 4532 1212 4605; x_wconf 60' lang='lat' dir='ltr'><strong>obp</strong></span> <span class='ocrx_word' id='word_1_562' title='bbox 1221 4536 1267 4587; x_wconf 73' lang='grc' dir='ltr'>ὅσα</span> <span class='ocrx_word' id='word_1_563' title='bbox 1275 4538 1400 4608; x_wconf 78' lang='grc' dir='ltr'>προσεῖναι</span> <span class='ocrx_word' id='word_1_564' title='bbox 1414 4538 1510 4611; x_wconf 83' lang='grc' dir='ltr'>λέγεται</span> <span class='ocrx_word' id='word_1_565' title='bbox 1520 4540 1582 4593; x_wconf 80' lang='grc' dir='ltr'>κατὰ</span> <span class='ocrx_word' id='word_1_566' title='bbox 1594 4539 1663 4611; x_wconf 77' lang='grc' dir='ltr'>φύσιν</span> 
     </span>
     <span class='ocr_line' id='line_1_46' title="bbox 106 4604 1664 4688; baseline 0.009 -22"><span class='ocrx_word' id='word_1_567' title='bbox 106 4612 209 4686; x_wconf 68' lang='grc' dir='ltr'>ὁῖοηὸν</span> <span class='ocrx_word' id='word_1_568' title='bbox 227 4615 272 4688; x_wconf 77' lang='grc' dir='ltr'>μὲν</span> <span class='ocrx_word' id='word_1_569' title='bbox 286 4616 314 4669; x_wconf 75' lang='grc' dir='ltr'><strong>τὸ</strong></span> <span class='ocrx_word' id='word_1_570' title='bbox 333 4614 413 4685; x_wconf 77' lang='grc' dir='ltr'>λέγειν</span> <span class='ocrx_word' id='word_1_571' title='bbox 428 4612 501 4685; x_wconf 79' lang='grc' dir='ltr'>μηδὲν</span> <span class='ocrx_word' id='word_1_572' title='bbox 521 4609 699 4681; x_wconf 62' lang='lat' dir='ltr'><strong>irruptione</strong></span> <span class='ocrx_word' id='word_1_573' title='bbox 718 4612 748 4680; x_wconf 78' lang='grc' dir='ltr'><strong>τῇ</strong></span> <span class='ocrx_word' id='word_1_574' title='bbox 767 4604 839 4678; x_wconf 77' lang='grc' dir='ltr'>οὗσίᾳ</span> <span class='ocrx_word' id='word_1_575' title='bbox 892 4615 928 4683; x_wconf 84' lang='grc' dir='ltr'><strong>τῷ</strong></span> <span class='ocrx_word' id='word_1_576' title='bbox 941 4611 1006 4684; x_wconf 77' lang='grc' dir='ltr'>Θεῷ,</span> <span class='ocrx_word' id='word_1_577' title='bbox 1020 4618 1096 4668; x_wconf 82' lang='grc' dir='ltr'>ταῦτα</span> <span class='ocrx_word' id='word_1_578' title='bbox 1112 4617 1208 4681; x_wconf 79' lang='grc' dir='ltr'>πάντως</span> <span class='ocrx_word' id='word_1_579' title='bbox 1226 4618 1293 4673; x_wconf 80' lang='grc' dir='ltr'>ἔσται</span> <span class='ocrx_word' id='word_1_580' title='bbox 1312 4620 1385 4675; x_wconf 75' lang='grc' dir='ltr'>αὐτοῦ</span> <span class='ocrx_word' id='word_1_581' title='bbox 1398 4623 1437 4675; x_wconf 83' lang='grc' dir='ltr'>καὶ</span> <span class='ocrx_word' id='word_1_582' title='bbox 1455 4623 1534 4683; x_wconf 77' lang='grc' dir='ltr'>οὐσία.</span> <span class='ocrx_word' id='word_1_583' title='bbox 1554 4625 1664 4680; x_wconf 77' lang='grc' dir='ltr'>λείπεται</span> 
     </span>
     <span class='ocr_line' id='line_1_47' title="bbox 77 4688 1663 4780; baseline 0.005 -30"><span class='ocrx_word' id='word_1_584' title='bbox 77 4703 113 4751; x_wconf 63' lang='grc' dir='ltr'><strong>τοῦ</strong></span> <span class='ocrx_word' id='word_1_585' title='bbox 123 4700 188 4769; x_wconf 77' lang='grc' dir='ltr'>Θεοῦ,</span> <span class='ocrx_word' id='word_1_586' title='bbox 203 4700 245 4753; x_wconf 75' lang='grc' dir='ltr'>διὰ</span> <span class='ocrx_word' id='word_1_587' title='bbox 258 4700 288 4753; x_wconf 72' lang='grc' dir='ltr'><strong>το</strong></span> <span class='ocrx_word' id='word_1_588' title='bbox 297 4698 361 4773; x_wconf 80' lang='grc' dir='ltr'>ἔχειν</span> <span class='ocrx_word' id='word_1_589' title='bbox 371 4698 445 4766; x_wconf 67' lang='grc' dir='ltr'>αὐτὴν</span> <span class='ocrx_word' id='word_1_590' title='bbox 459 4697 482 4760; x_wconf 80' lang='grc' dir='ltr'><strong>ἐξ</strong></span> <span class='ocrx_word' id='word_1_591' title='bbox 498 4696 584 4762; x_wconf 71' lang='grc' dir='ltr'>ἑαυτῆς</span> <span class='ocrx_word' id='word_1_592' title='bbox 603 4695 632 4748; x_wconf 80' lang='grc' dir='ltr'><strong>τὸ</strong></span> <span class='ocrx_word' id='word_1_593' title='bbox 648 4688 710 4746; x_wconf 77' lang='grc' dir='ltr'>εἶναι</span> <span class='ocrx_word' id='word_1_594' title='bbox 729 4691 835 4745; x_wconf 84' lang='grc' dir='ltr'>τελείαν·</span> <span class='ocrx_word' id='word_1_595' title='bbox 891 4695 971 4767; x_wconf 80' lang='grc' dir='ltr'>λέγειν</span> <span class='ocrx_word' id='word_1_596' title='bbox 993 4695 1054 4750; x_wconf 73' lang='grc' dir='ltr'>αὐτὰ</span> <span class='ocrx_word' id='word_1_597' title='bbox 1071 4703 1101 4772; x_wconf 80' lang='grc' dir='ltr'><strong>τῇ</strong></span> <span class='ocrx_word' id='word_1_598' title='bbox 1125 4700 1195 4771; x_wconf 54' lang='lat' dir='ltr'><strong>odolei</strong></span> <span class='ocrx_word' id='word_1_599' title='bbox 1216 4703 1383 4775; x_wconf 73' lang='grc' dir='ltr'>σομοεοηαότα</span> <span class='ocrx_word' id='word_1_600' title='bbox 1403 4705 1475 4779; x_wconf 77' lang='grc' dir='ltr'>μέχρι</span> <span class='ocrx_word' id='word_1_601' title='bbox 1490 4710 1566 4780; x_wconf 79' lang='grc' dir='ltr'>μόνης</span> <span class='ocrx_word' id='word_1_602' title='bbox 1583 4716 1663 4780; x_wconf 75' lang='grc' dir='ltr'>φωνῆς</span> 
     </span>
     <span class='ocr_line' id='line_1_48' title="bbox 77 4776 1664 4865; baseline 0.009 -30"><span class='ocrx_word' id='word_1_603' title='bbox 77 4780 158 4854; x_wconf 60' lang='grc' dir='ltr'>δρῶμεν</span> <span class='ocrx_word' id='word_1_604' title='bbox 179 4785 204 4837; x_wconf 72' lang='grc' dir='ltr'><strong>δὲ</strong></span> <span class='ocrx_word' id='word_1_605' title='bbox 227 4787 268 4839; x_wconf 78' lang='grc' dir='ltr'>ὅτι</span> <span class='ocrx_word' id='word_1_606' title='bbox 282 4784 355 4846; x_wconf 61' lang='grc' dir='ltr'>πολὺς</span> <span class='ocrx_word' id='word_1_607' title='bbox 372 4784 437 4855; x_wconf 79' lang='grc' dir='ltr'><strong>ἡμπῖς</strong></span> <span class='ocrx_word' id='word_1_608' title='bbox 450 4781 578 4853; x_wconf 70' lang='grc' dir='ltr'>ἀναγκάζει</span> <span class='ocrx_word' id='word_1_609' title='bbox 596 4780 681 4850; x_wconf 61' lang='grc' dir='ltr'>λόγος,</span> <span class='ocrx_word' id='word_1_610' title='bbox 696 4777 730 4838; x_wconf 80' lang='grc' dir='ltr'><strong>ὣς</strong></span> <span class='ocrx_word' id='word_1_611' title='bbox 745 4776 836 4848; x_wconf 70' lang='lat' dir='ltr'><strong>cupis-</strong></span> <span class='ocrx_word' id='word_1_612' title='bbox 892 4779 956 4833; x_wconf 74' lang='lat' dir='ltr'><strong>otro</strong></span> <span class='ocrx_word' id='word_1_613' title='bbox 969 4781 1094 4853; x_wconf 78' lang='grc' dir='ltr'>νοούμενα·</span> <span class='ocrx_word' id='word_1_614' title='bbox 1111 4782 1154 4836; x_wconf 72' lang='grc' dir='ltr'><strong>οὒκ</strong></span> <span class='ocrx_word' id='word_1_615' title='bbox 1168 4784 1219 4857; x_wconf 78' lang='grc' dir='ltr'>ἔχει</span> <span class='ocrx_word' id='word_1_616' title='bbox 1232 4786 1301 4860; x_wconf 76' lang='grc' dir='ltr'><strong>γὰρὴ</strong></span> <span class='ocrx_word' id='word_1_617' title='bbox 1317 4788 1443 4861; x_wconf 77' lang='grc' dir='ltr'>ἀνθρώπου</span> <span class='ocrx_word' id='word_1_618' title='bbox 1461 4793 1529 4863; x_wconf 70' lang='grc' dir='ltr'>μίσος</span> <span class='ocrx_word' id='word_1_619' title='bbox 1541 4796 1627 4865; x_wconf 73' lang='grc' dir='ltr'>μεῖζόν</span> <span class='ocrx_word' id='word_1_620' title='bbox 1641 4817 1664 4849; x_wconf 88' lang='grc' dir='ltr'>τι</span> 
     </span>
     <span class='ocr_line' id='line_1_49' title="bbox 77 4860 1664 4942; baseline 0.011 -27"><span class='ocrx_word' id='word_1_621' title='bbox 77 4866 155 4934; x_wconf 68' lang='grc' dir='ltr'>ξηιόπα</span> <span class='ocrx_word' id='word_1_622' title='bbox 172 4870 202 4923; x_wconf 69' lang='grc' dir='ltr'><strong>τὰ</strong></span> <span class='ocrx_word' id='word_1_623' title='bbox 224 4874 324 4925; x_wconf 72' lang='grc' dir='ltr'>τοιαῦτα</span> <span class='ocrx_word' id='word_1_624' title='bbox 345 4871 409 4922; x_wconf 78' lang='grc' dir='ltr'>νοεῖν</span> <span class='ocrx_word' id='word_1_625' title='bbox 432 4865 470 4920; x_wconf 78' lang='grc' dir='ltr'><strong>ἐπὶ</strong></span> <span class='ocrx_word' id='word_1_626' title='bbox 491 4866 564 4931; x_wconf 79' lang='grc' dir='ltr'>θεοῦ,</span> <span class='ocrx_word' id='word_1_627' title='bbox 588 4863 628 4916; x_wconf 79' lang='grc' dir='ltr'>καὶ</span> <span class='ocrx_word' id='word_1_628' title='bbox 648 4860 670 4915; x_wconf 85' lang='grc' dir='ltr'><strong>εί</strong></span> <span class='ocrx_word' id='word_1_629' title='bbox 693 4860 726 4933; x_wconf 74' lang='grc' dir='ltr'><strong>μὴ</strong></span> <span class='ocrx_word' id='word_1_630' title='bbox 742 4863 837 4923; x_wconf 82' lang='grc' dir='ltr'>πάντως</span> <span class='ocrx_word' id='word_1_631' title='bbox 892 4869 940 4918; x_wconf 86' lang='grc' dir='ltr'>τῶν</span> <span class='ocrx_word' id='word_1_632' title='bbox 949 4865 1001 4918; x_wconf 67' lang='lat' dir='ltr'><strong>rell’</strong></span> <span class='ocrx_word' id='word_1_633' title='bbox 1017 4864 1101 4935; x_wconf 74' lang='grc' dir='ltr'>ἑαυτὴν</span> <span class='ocrx_word' id='word_1_634' title='bbox 1111 4868 1190 4941; x_wconf 76' lang='grc' dir='ltr'>λέγειν</span> <span class='ocrx_word' id='word_1_635' title='bbox 1205 4867 1244 4923; x_wconf 75' lang='grc' dir='ltr'><strong>ἐπὶ</strong></span> <span class='ocrx_word' id='word_1_636' title='bbox 1256 4872 1328 4926; x_wconf 78' lang='grc' dir='ltr'>θεοῦ·</span> <span class='ocrx_word' id='word_1_637' title='bbox 1340 4873 1379 4926; x_wconf 79' lang='grc' dir='ltr'>διο</span> <span class='ocrx_word' id='word_1_638' title='bbox 1397 4874 1664 4942; x_wconf 61' lang='lat' dir='ltr'><strong>attondeantur</strong></span> 
     </span>
     <span class='ocr_line' id='line_1_50' title="bbox 80 4947 1663 5033; baseline 0.011 -37"><span class='ocrx_word' id='word_1_639' title='bbox 80 4951 164 5019; x_wconf 47' lang='lat' dir='ltr'><strong>&amp;sitq</strong></span> <span class='ocrx_word' id='word_1_640' title='bbox 892 4947 930 5001; x_wconf 78' lang='grc' dir='ltr'><strong>ἐπ’</strong></span> <span class='ocrx_word' id='word_1_641' title='bbox 939 4949 1012 5003; x_wconf 64' lang='lat' dir='ltr'><strong>edroi</strong></span> <span class='ocrx_word' id='word_1_642' title='bbox 1022 4952 1160 5023; x_wconf 66' lang='grc' dir='ltr'>κεχρήμεθα</span> <span class='ocrx_word' id='word_1_643' title='bbox 1170 4954 1201 5007; x_wconf 81' lang='grc' dir='ltr'><strong>τὰ</strong></span> <span class='ocrx_word' id='word_1_644' title='bbox 1214 4955 1267 5007; x_wconf 74' lang='grc' dir='ltr'>καθ’</span> <span class='ocrx_word' id='word_1_645' title='bbox 1281 4955 1377 5021; x_wconf 65' lang='grc' dir='ltr'>ἑαυτοὺς</span> <span class='ocrx_word' id='word_1_646' title='bbox 1392 4960 1509 5030; x_wconf 77' lang='grc' dir='ltr'>μειζόνων</span> <span class='ocrx_word' id='word_1_647' title='bbox 1528 4959 1663 5033; x_wconf 74' lang='grc' dir='ltr'>ίτόδειγμα</span> 
     </span>
     <span class='ocr_line' id='line_1_51' title="bbox 105 5031 1663 5116; baseline 0.005 -25"><span class='ocrx_word' id='word_1_648' title='bbox 105 5037 201 5094; x_wconf 81' lang='grc' dir='ltr'>οίίνίιί.</span> <span class='ocrx_word' id='word_1_649' title='bbox 226 5035 257 5091; x_wconf 83' lang='lat' dir='ltr'><strong>Ei</strong></span> <span class='ocrx_word' id='word_1_650' title='bbox 279 5038 356 5091; x_wconf 84' lang='grc' dir='ltr'>τοίνυν</span> <span class='ocrx_word' id='word_1_651' title='bbox 375 5037 466 5090; x_wconf 72' lang='grc' dir='ltr'>νοεῖται</span> <span class='ocrx_word' id='word_1_652' title='bbox 484 5054 538 5088; x_wconf 84' lang='grc' dir='ltr'>τινα</span> <span class='ocrx_word' id='word_1_653' title='bbox 560 5038 609 5087; x_wconf 85' lang='grc' dir='ltr'>τῶν</span> <span class='ocrx_word' id='word_1_654' title='bbox 637 5032 787 5104; x_wconf 72' lang='grc' dir='ltr'>πραγμάτων</span> <span class='ocrx_word' id='word_1_655' title='bbox 801 5031 836 5093; x_wconf 83' lang='grc' dir='ltr'><strong>ὡς</strong></span> <span class='ocrx_word' id='word_1_656' title='bbox 891 5034 1134 5110; x_wconf 74' lang='grc' dir='ltr'>ποιούμενονίίιοπερ</span> <span class='ocrx_word' id='word_1_657' title='bbox 1152 5039 1175 5092; x_wconf 73' lang='grc' dir='ltr'><strong>οἳ</strong></span> <span class='ocrx_word' id='word_1_658' title='bbox 1189 5037 1213 5093; x_wconf 71' lang='grc' dir='ltr'>ἐν</span> <span class='ocrx_word' id='word_1_659' title='bbox 1228 5047 1306 5113; x_wconf 80' lang='grc' dir='ltr'>μικρῷ</span> <span class='ocrx_word' id='word_1_660' title='bbox 1315 5043 1573 5116; x_wconf 72' lang='grc' dir='ltr'>τίνοηγιτδνοῦράνιον</span> <span class='ocrx_word' id='word_1_661' title='bbox 1587 5065 1663 5101; x_wconf 78' lang='grc' dir='ltr'>κατα·</span> 
     </span>
     <span class='ocr_line' id='line_1_52' title="bbox 78 5114 1403 5198; baseline 0.005 -23"><span class='ocrx_word' id='word_1_662' title='bbox 78 5116 273 5195; x_wconf 48' lang='lat' dir='ltr'><strong>temptantes</strong></span> <span class='ocrx_word' id='word_1_663' title='bbox 285 5123 348 5194; x_wconf 62' lang='lat' dir='ltr'><strong>fied),</strong></span> <span class='ocrx_word' id='word_1_664' title='bbox 363 5123 388 5176; x_wconf 89' lang='grc' dir='ltr'><strong>τί</strong></span> <span class='ocrx_word' id='word_1_665' title='bbox 402 5122 479 5194; x_wconf 75' lang='grc' dir='ltr'>μάτην</span> <span class='ocrx_word' id='word_1_666' title='bbox 493 5120 606 5191; x_wconf 70' lang='grc' dir='ltr'>περὶτοῦ</span> <span class='ocrx_word' id='word_1_667' title='bbox 621 5116 653 5188; x_wconf 63' lang='grc' dir='ltr'><strong>μὴ</strong></span> <span class='ocrx_word' id='word_1_668' title='bbox 669 5117 719 5168; x_wconf 78' lang='grc' dir='ltr'>δεῖν</span> <span class='ocrx_word' id='word_1_669' title='bbox 735 5114 836 5187; x_wconf 76' lang='grc' dir='ltr'>ἔπισυμ·</span> <span class='ocrx_word' id='word_1_670' title='bbox 890 5120 1022 5191; x_wconf 79' lang='grc' dir='ltr'>γράφοντες</span> <span class='ocrx_word' id='word_1_671' title='bbox 1035 5120 1132 5177; x_wconf 74' lang='grc' dir='ltr'>κύκλον.</span> <span class='ocrx_word' id='word_1_672' title='bbox 1149 5123 1217 5180; x_wconf 81' lang='lat' dir='ltr'><strong>Vide</strong></span> <span class='ocrx_word' id='word_1_673' title='bbox 1232 5131 1285 5182; x_wconf 76' lang='lat' dir='ltr'><strong>ele.</strong></span> <span class='ocrx_word' id='word_1_674' title='bbox 1298 5144 1327 5198; x_wconf 82' lang='lat' dir='ltr'><strong>p.</strong></span> <span class='ocrx_word' id='word_1_675' title='bbox 1342 5131 1403 5185; x_wconf 77' lang='lat'><strong>266.</strong></span> 
     </span>
     <span class='ocr_line' id='line_1_53' title="bbox 79 5199 837 5279; baseline -0.009 -19"><span class='ocrx_word' id='word_1_676' title='bbox 79 5203 188 5275; x_wconf 64' lang='grc' dir='ltr'>Εείηιέναι</span> <span class='ocrx_word' id='word_1_677' title='bbox 195 5207 278 5279; x_wconf 76' lang='grc' dir='ltr'>λέγειν</span> <span class='ocrx_word' id='word_1_678' title='bbox 291 5212 325 5279; x_wconf 80' lang='grc' dir='ltr'><strong>τῷ</strong></span> <span class='ocrx_word' id='word_1_679' title='bbox 341 5208 396 5279; x_wconf 77' lang='grc' dir='ltr'><strong>Θεῷ</strong></span> <span class='ocrx_word' id='word_1_680' title='bbox 409 5205 438 5260; x_wconf 66' lang='grc' dir='ltr'><strong>τὸ</strong></span> <span class='ocrx_word' id='word_1_681' title='bbox 447 5204 577 5278; x_wconf 71' lang='grc' dir='ltr'>ἀγέννητον</span> <span class='ocrx_word' id='word_1_682' title='bbox 590 5199 745 5267; x_wconf 66' lang='lat' dir='ltr'><strong>eructuate,</strong></span> <span class='ocrx_word' id='word_1_683' title='bbox 758 5199 782 5253; x_wconf 81' lang='grc' dir='ltr'>ἔν</span> <span class='ocrx_word' id='word_1_684' title='bbox 801 5204 837 5271; x_wconf 80' lang='grc' dir='ltr'><strong>τῷ</strong></span> 
     </span>
    </p>
   </div>
   <div class='ocr_carea' id='block_1_4' title="bbox 107 5437 899 5489">
    <p class='ocr_par' dir='ltr' id='par_1_5' title="bbox 107 5437 899 5489">
     <span class='ocr_line' id='line_1_54' title="bbox 107 5437 899 5489; baseline 0.006 -8"><span class='ocrx_word' id='word_1_685' title='bbox 107 5441 114 5481; x_wconf 89' lang='lat' dir='ltr'><strong>l</strong></span> <span class='ocrx_word' id='word_1_686' title='bbox 127 5440 215 5487; x_wconf 68' lang='lat' dir='ltr'><strong>uult,</strong></span> <span class='ocrx_word' id='word_1_687' title='bbox 230 5454 251 5486; x_wconf 87' lang='lat' dir='ltr'><strong>c.</strong></span> <span class='ocrx_word' id='word_1_688' title='bbox 262 5452 288 5482; x_wconf 85' lang='lat' dir='ltr'><strong>ur</strong></span> <span class='ocrx_word' id='word_1_689' title='bbox 297 5446 369 5487; x_wconf 75' lang='grc' dir='ltr'>σίνιιι,</span> <span class='ocrx_word' id='word_1_690' title='bbox 380 5460 406 5473; x_wconf 86' lang='grc'><strong>-</strong></span> <span class='ocrx_word' id='word_1_691' title='bbox 417 5439 480 5487; x_wconf 82' lang='grc' dir='ltr'>Τοω,</span> <span class='ocrx_word' id='word_1_692' title='bbox 492 5438 530 5486; x_wconf 81' lang='lat' dir='ltr'><strong>lv.</strong></span> <span class='ocrx_word' id='word_1_693' title='bbox 540 5437 639 5485; x_wconf 71' lang='lat' dir='ltr'><strong>attacta.</strong></span> <span class='ocrx_word' id='word_1_694' title='bbox 651 5442 746 5489; x_wconf 74' lang='lat' dir='ltr'><strong>rutrum.</strong></span> <span class='ocrx_word' id='word_1_695' title='bbox 757 5440 799 5488; x_wconf 80' lang='lat' dir='ltr'><strong>col.</strong></span> <span class='ocrx_word' id='word_1_696' title='bbox 810 5440 859 5485; x_wconf 80' lang='grc'><strong>881.</strong></span> <span class='ocrx_word' id='word_1_697' title='bbox 871 5442 899 5487; x_wconf 79' lang='grc' dir='ltr'><strong>Α.</strong></span> 
     </span>
    </p>
   </div>
   <div class='ocr_carea' id='block_1_5' title="bbox 0 0 2008 6165">
    <p class='ocr_par' dir='ltr' id='par_1_6' title="bbox 0 0 2008 6165">
     <span class='ocr_line' id='line_1_55' title="bbox 0 0 2008 6165; baseline 0 0"><span class='ocrx_word' id='word_1_698' title='bbox 0 0 2008 6165; x_wconf 95' lang='lat' dir='ltr'><strong> </strong></span> 
     </span>
    </p>
   </div>
  </div>
 </body>
</html>
