3942 6168
364 406 413 467 DE
434 406 506 466 ΒΕΘ
527 406 670 481 lllilQUE
690 407 1038 479 euoeuluuurlssus,
1062 408 1133 468 LlB.
1157 407 1305 483 tutae.
1329 407 1352 467 l.
1595 407 1647 466 lut

80 569 275 649 suntlapides,
290 570 376 647 ligna
387 578 418 631 et
433 571 465 632 id
477 589 576 649 genus
587 571 664 633 aba:
680 574 832 651 animata,
883 591 1008 635 causam
1031 574 1080 635 sui
1103 572 1197 634 habet
1219 572 1356 651 aliquam
1378 588 1449 651 quae
1473 570 1653 649 partesillos

79 664 187 742 sirpus,
211 667 242 721 et
264 662 423 724 animalia.
452 664 504 723 Est
532 669 638 725 autem
661 666 834 726 animatum
883 667 1036 728 consociet
1055 665 1089 726 in
1107 684 1207 727 unum
1228 671 1320 743 atqure
1341 662 1474 743 copulet.
1487 664 1562 736 Quae
1574 664 1652 724 ratio

79 754 200 815 imoimo
213 755 418 833 praestantius.
433 757 551 816 Rursus
564 757 738 819 ominatum
750 758 835 819 aliud
882 775 947 818 noo
970 776 1008 819 eo
1031 758 1132 820 solum
1155 758 1289 838 pertinet
1312 762 1348 817 ut
1366 774 1408 816 ne
1429 755 1509 815 Deus
1529 773 1652 817 merum

79 845 296 924 atregembile,
310 847 396 907 abad
406 848 560 909 sensibile.
574 850 835 912 Sensibileautem
882 864 994 929 corpus
1012 868 1078 911 esse
1095 850 1253 925 credatur,
1267 850 1322 910 sed
1336 865 1377 910 ne
1388 865 1428 908 ex
1438 865 1566 926 corpore
1577 866 1651 908 cou-

79 936 221 1016 repetaltili
244 939 410 999 antecellit
435 940 513 1000 ltem
531 941 674 1002 sensibile
691 941 835 1004 aliudest
882 946 984 1002 cretus
1007 948 1038 1003 et
1060 942 1186 1022 spiritu,
1215 946 1269 1002 aut
1299 958 1339 1000 ex
1364 939 1502 1019 partibus
1523 938 1652 1000 omnino

78 1028 226 1105 rationale,
240 1029 326 1091 alind
345 1030 474 1092 rationis
492 1034 772 1113 eapcrs,equibus
783 1052 833 1096 ra-
882 1039 1113 1112 eoagmentatus
1142 1050 1213 1114 quse
1240 1033 1342 1112 reipsa
1371 1031 1504 1092 invicem
1526 1029 1649 1091 distent.

78 1120 176 1181 fiouale
197 1121 285 1182 alteri
310 1129 444 1202 praestat.
474 1124 650 1198 Quinetiam
672 1125 835 1188 inanima
882 1124 970 1198 Quod
1003 1131 1172 1206 utrumque
1200 1124 1307 1205 procul
1336 1123 1441 1184 abesse
1464 1121 1503 1181 ab
1525 1122 1652 1182 notione

78 1213 831 1297 rationaliquoniamestvelutcougeriesquaodam,
882 1216 1048 1280 divinitatis
1068 1221 1179 1281 Sentm
1199 1216 1370 1297 Empiricos
1380 1216 1414 1275 in
1425 1218 1532 1275 octavo
1545 1220 1653 1275 contra

77 1302 144 1363 inest
172 1305 330 1367 nutriendi
360 1307 407 1367 ris
435 1312 466 1368 et
494 1309 661 1386 sentiendi,
686 1312 834 1371 movendi
881 1309 1070 1387 dogmaticos
1081 1311 1201 1390 probat.

77 1412 197 1474 posue,
210 1398 350 1476 patiendi
361 1406 393 1459 et
403 1399 608 1479 intelligendi.
628 1402 727 1475 Quam
739 1402 833 1481 igituir
921 1401 986 1462 Xll.
1002 1403 1063 1463 Sed
1074 1403 1266 1478 exteris,boo
1277 1397 1509 1479 estgentilibus,
1520 1396 1649 1473 omissis,
1675 1405 1731 1470 loro
1742 1408 1823 1450 cotho-

77 1487 209 1549 aunem
237 1489 335 1550 most
366 1492 539 1553 mimum
569 1493 609 1554 aa
637 1494 832 1569 sommum,
881 1491 1062 1555 ennomus
1079 1496 1182 1575 poam
1203 1495 1287 1555 taem
1309 1492 1387 1554 rouo
1407 1491 1653 1552 demonstrantes
1691 1460 1806 1569 ,litii

77 1580 422 1644 eumdembabotonima
432 1586 833 1664 mentepraeditaadtotam
880 1584 1041 1666 theologos
1058 1588 1231 1649 audiamus.
1252 1588 1277 1646 E
1296 1584 1409 1664 quibus
1420 1581 1585 1659 Gregorius
1594 1579 1653 1640 Na·
1724 1579 1782 1612 ²⁰¹⁰·

77 1671 210 1735 animam:
243 1675 384 1754 adeoque
413 1677 525 1737 mentm
553 1678 706 1757 particeps
728 1679 834 1740 anima
881 1676 1044 1739 zianzenus
1072 1679 1107 1740 in
1139 1685 1250 1759 quarm
1281 1684 1312 1739 et
1337 1674 1492 1737 triceuma
1513 1672 1652 1733 oratione

77 1764 231 1827 meliorest
256 1785 293 1827 ea
315 1785 386 1847 quae
407 1786 447 1829 ex
471 1769 618 1830 omnibus
640 1773 834 1851 congregatis
881 1768 1038 1847 copiosam
1048 1771 1087 1832 de
1100 1789 1138 1832 eo
1148 1771 1389 1851 disputationem
1407 1764 1549 1827 instituit.
1571 1764 1652 1824 «An

77 1855 253 1918 ornatuum
270 1878 345 1919 vero
361 1878 498 1938 quanm
508 1860 834 1924 illarumomniumin
881 1878 1017 1939 corpus,
1051 1864 1167 1943 inquit,
1199 1881 1272 1925 eum
1297 1880 1362 1922 esse
1385 1857 1487 1920 dices?
1510 1857 1652 1930 Quonam

77 1950 508 2023 parterollocabimuslleum?
521 1953 835 2034 Numiuillaconge·
880 1969 955 2012 vero
966 1955 1059 2016 modo
1070 1973 1182 2036 corpus
1193 1956 1252 2016 erit
1262 1956 1322 2016 hoc
1333 1951 1417 2032 quod
1429 1948 1650 2021 estinfinitum,

76 2038 133 2098 riel
155 2042 196 2100 b'e
218 2044 304 2103 Deus
326 2043 392 2122 ipse
415 2043 531 2105 siverit.
558 2045 661 2105 Restat
683 2046 779 2125 igitur
797 2053 834 2108 ut
880 2043 1119 2122 interminabile,
1132 2049 1242 2127 figtrroe
1254 2064 1374 2126 expers,
1389 2043 1473 2122 quod
1485 2059 1543 2101 nec
1552 2041 1650 2119 tangi,

76 2136 205 2209 unquam
238 2135 323 2195 edita
346 2136 380 2195 in
404 2154 489 2209 arce,
516 2137 615 2197 Deum
639 2138 673 2199 in
695 2140 834 2220 principe
881 2154 938 2197 uec
951 2138 1048 2200 videri
1060 2141 1226 2220 potest⁶to
1242 2142 1336 2202 Item:
1355 2134 1653 2212 «omnamculuiet

77 2227 431 2288 nmteomtionenosoa
443 2228 639 2290 collocemus.
652 2252 669 2287 u
881 2228 1060 2292 adoratione
1093 2233 1223 2313 dignum
1253 2237 1313 2305 est,
1340 2232 1365 2291 si
1388 2226 1653 2306 circumscriptum

108 2314 152 2374 lll.
175 2318 249 2377 llaec
271 2319 425 2380 Maximus
448 2320 536 2399 cujus
554 2325 833 2400 argumentatioab
880 2321 1567 2409 adquddestluutquidcausaeessedicemus
1575 2319 1653 2397 quin

77 2404 222 2469 divinitatis
249 2411 432 2472 excellentia
450 2413 589 2488 dautur,
610 2414 660 2474 cui
677 2415 710 2476 id
721 2416 834 2479 scilicet
880 2430 919 2474 en
930 2414 1091 2477 elementis
1099 2423 1217 2479 constet
1228 2413 1529 2479 etinearesolvatur
1538 2411 1653 2472 iterum
1772 2438 1780 2451 ·

77 2500 199 2559 convenit
210 2502 297 2579 qnod
309 2502 343 2563 in
355 2504 572 2581 cogitationem
584 2512 721 2567 nostrum
734 2514 834 2587 potest
881 2510 913 2566 et
922 2508 1052 2569 omnino
1063 2509 1271 2571 dissolvatur?
1286 2510 1365 2570 Nam
1377 2504 1558 2585 compositio
1570 2503 1653 2583 prin-

77 2588 478 2670 esderepreestantissimum.
500 2596 660 2674 Ejusmodi
671 2605 777 2661 autem
788 2609 834 2663 est
881 2597 996 2677 cipium
1025 2606 1072 2661 est
1088 2619 1230 2681 pugna,
1260 2618 1367 2681 pugna
1389 2603 1494 2658 autem
1516 2593 1649 2671 dissidii,

79 2698 188 2743 «mens
209 2686 356 2763 quaedam
378 2687 480 2748 soluta
500 2693 532 2748 et
556 2687 655 2750 libera
665 2695 832 2754 semetaah
880 2688 1042 2753 dissidirrm
1072 2693 1243 2755 solutionis.
1276 2693 1394 2754 Solutio
1423 2707 1497 2750 vero
1527 2704 1653 2767 prorsus

77 2774 350 2839 omniconeretione
362 2779 488 2854 morali,
511 2781 617 2842 omnia
638 2785 787 2860 sentiens,
802 2792 834 2846 et
880 2781 982 2844 ebena
999 2790 1046 2845 est
1064 2803 1083 2846 a
1101 2786 1165 2846 beo
1183 2786 1346 2865 primaque
1362 2788 1485 2844 natura.
1506 2780 1653 2854 Quocirca

76 2869 354 2948 nonsummum
366 2872 835 2952 ucumapudlugustinumde
880 2873 1004 2935 nullum
1014 2876 1095 2937 inest
1105 2877 1279 2953 dissidium,
1300 2895 1340 2938 ne
1357 2877 1395 2937 sit
1407 2875 1510 2953 adquin
1520 2872 1649 2933 solutio:

76 2953 272 3022 mutim.
287 2964 365 3023 Nam
377 2982 488 3044 corpus
502 2971 533 3026 et
541 2984 724 3045 corporeum
741 2988 834 3033 omne
880 2984 982 3045 neque
1000 2986 1123 3048 pugna,
1150 2987 1191 3029 ne
1216 2968 1376 3030 dimidium
1394 2967 1528 3026 oriatur:
1549 2981 1652 3041 neque

75 3047 168 3127 spirim
178 3070 212 3113 ac
224 3061 332 3116 mente
349 3055 448 3117 multo
466 3058 601 3118 (letemus
619 3064 650 3119 et
667 3060 834 3139 ignobilius
881 3060 1077 3138 compositio,
1097 3079 1138 3121 ne
1156 3078 1262 3141 pugna
1280 3061 1398 3121 cantat.
1416 3058 1461 3118 Ac
1470 3055 1600 3136 proinde
1611 3072 1652 3115 ne

75 3147 122 3201 τά.
881 3168 992 3229 corpus
1010 3151 1137 3230 quridem
1156 3158 1216 3229 est,
1237 3169 1278 3213 ne
1296 3152 1335 3212 sit
1354 3147 1544 3228 compositio.
1565 3168 1581 3203 o
1602 3146 1652 3207 Sic

106 3234 246 3298 Alcinous
265 3257 391 3319 qnoque
410 3258 449 3302 cx
468 3241 577 3303 eadem
597 3243 732 3305 Platonis
743 3246 832 3307 disci·
880 3241 975 3321 igion
985 3260 1025 3303 ex
1035 3243 1254 3305 communibus
1266 3243 1320 3304 Dei
1332 3240 1510 3303 notionibus
1521 3238 1652 3300 efficitur

75 3324 249 3403 plinallenm
261 3340 395 3413 &coprus
409 3334 835 3415 essedemonstrat,primum
881 3352 985 3396 cerere
1015 3353 1143 3415 corpore
1173 3338 1288 3412 Deum,
1320 3335 1393 3415 quia
1421 3334 1521 3394 Deum
1543 3349 1652 3393 ornnes

73 3419 136 3496 qaia
154 3440 265 3502 eorpus
295 3442 390 3485 omne
420 3425 558 3505 partibus
588 3434 706 3489 constat
729 3439 754 3490 ⁶.
782 3431 835 3492 list
880 3425 1039 3488 infinitum
1058 3433 1090 3488 et
1105 3428 1295 3489 immensum
1312 3426 1428 3507 aliquid
1439 3423 1573 3486 nonullo
1584 3423 1653 3484 lini·

73 3510 145 3572 enim
161 3521 325 3592 mantum.
351 3517 424 3577 Pars
441 3523 546 3579 autem
564 3525 677 3581 natura
693 3526 739 3581 est
749 3523 834 3601 prior
881 3523 949 3579 tum
960 3519 1112 3595 termino;
1132 3526 1201 3581 tum
1218 3538 1293 3581 uero
1311 3519 1446 3600 portium
1458 3521 1489 3576 et
1500 3515 1651 3594 composi·

73 3617 104 3661 oo
119 3605 197 3682 quod
215 3625 256 3667 ex
273 3607 414 3687 partibus
430 3610 637 3688 componitur.
651 3612 835 3691 Atquinihil
881 3611 974 3671 tionis
1007 3628 1117 3690 expers
1146 3630 1211 3674 esse
1240 3611 1377 3673 sentiunt
1405 3608 1460 3689 qui
1489 3606 1652 3687 paululum

72 3708 128 3754 cac
148 3697 209 3757 Deo
232 3699 320 3778 prius
332 3700 462 3780 potest¹.
482 3701 598 3763 Deinde
616 3702 642 3763 si
660 3704 741 3764 Deus
756 3712 836 3767 esset
880 3703 1010 3764 rationis
1026 3703 1142 3765 babent
1159 3711 1190 3766 ct
1204 3704 1324 3783 J’udicii.
1343 3702 1430 3765 Adde
1445 3700 1498 3762 illa
1509 3700 1602 3761 etiam
1613 3701 1652 3761 dc

72 3802 183 3866 eorpus,
196 3808 237 3851 ex
248 3794 379 3854 materia
393 3792 555 3873 formaque
568 3801 736 3872 constaret,
749 3799 834 3877 quod
882 3797 945 3857 Deo
957 3793 1098 3874 vidgatu:

72 3876 228 3943 ιὸιιιτάιιιιι
251 3884 333 3944 ow.
359 3884 438 3946 Nam
461 3885 594 3964 simplex
617 3892 663 3948 est
688 3889 770 3950 Deus
804 3895 836 3951 et

71 3971 195 4048 primm
218 3974 379 4051 omnium,
398 3994 464 4037 non
483 3984 562 4039 esset
579 3984 684 4040 autem
695 3981 834 4059 primum
1022 3980 1121 4041 Deum
1133 3997 1269 4059 namque
1280 3980 1325 4040 ire
1337 3996 1392 4058 per
1403 3993 1512 4038 omnes

71 4061 383 4145 amsinplicioribns
400 4067 500 4148 seipso
516 4068 655 4148 partibus
666 4089 833 4151 compone·
881 4071 1065 4151 Terrasque,
1084 4076 1259 4150 murisque
1274 4071 1380 4146 maris,
1393 4069 1568 4147 ccelumque
1578 4084 1650 4146 pro-

72 4158 156 4216 cetur.
169 4158 217 4218 ld
227 4157 297 4218 baec
319 4159 525 4238 corruptibilis
545 4160 594 4221 vel
614 4166 695 4222 certe
706 4161 835 4223 dissolu·
1469 4159 1612 4238 [fiendum
1626 4157 1649 4234 ³,

72 4243 131 4305 bd'u
147 4256 226 4310 esset
243 4250 277 4310 in
296 4268 348 4311 eas
368 4256 470 4330 partes
488 4270 526 4311 er
543 4252 655 4331 quibus
667 4260 831 4316 constaret.

72 4335 141 4400 lium
160 4345 319 4403 auctorem
340 4348 372 4403 et
393 4342 536 4422 opificem
554 4345 601 4404 sui
617 4344 746 4406 haberet
757 4346 833 4407 alte·
881 4364 952 4426 queo
963 4345 997 4406 in
1009 4364 1121 4426 corpus
1137 4346 1267 4408 minime
1286 4350 1473 4427 congruunt.
1491 4344 1651 4417 «Qudnam

71 4445 145 4491 mm.
157 4433 312 4513 Quidquid
324 4435 409 4496 enim
421 4437 618 4515 componitur
629 4456 668 4499 ex
680 4438 832 4518 partibus,
880 4456 971 4515 vero,
996 4440 1097 4519 pergit
1118 4439 1341 4515 Nazianrenus,
1365 4439 1443 4501 illud
1466 4438 1547 4500 tueri
1564 4443 1650 4518 pote·

102 4658 119 4696 u
136 4644 228 4701 imru.
251 4645 343 4720 ’Λρερῇ
356 4666 383 4701 τε
404 4647 445 4702 διὰ
465 4648 495 4702 τὸ
510 4647 553 4721 μὲν
568 4650 622 4722 (μὴ)
637 4644 699 4703 εἶναι
714 4652 832 4725 πρότερόν
917 4667 933 4709 0
951 4653 1079 4712 Nititur.
1099 4655 1207 4725 Πότερον
1221 4660 1310 4727 stupu
1325 4653 1367 4707 καὶ
1381 4659 1435 4717 πῶς
1448 4654 1477 4707 τὸ
1491 4652 1651 4726 άπιιρον,ιιαὸ

70 4743 90 4776 τι
102 4725 182 4780 αὐτοῦ·
198 4728 228 4782 τὸ
239 4729 289 4802 γάρ
309 4731 394 4802 μέρος,
415 4732 456 4784 τισὶ
479 4731 509 4786 τὸ
529 4729 554 4794 ἔξ
575 4728 605 4786 οὗ
619 4735 739 4806 πρότερον
754 4733 831 4808 badp-
881 4735 1007 4810 άάριστον)
1021 4737 1062 4791 καὶ
1077 4738 1271 4811 άσρηράτιστον,
1293 4738 1334 4791 tud
1355 4736 1457 4810 άνοιρὸς,
1471 4736 1512 4790 sal
1526 4735 1651 4809 ddparou3

71 4825 106 4878 χει
118 4810 204 4863 τοῦτω
218 4806 245 4865 οὗ
260 4813 343 4884 μέρος.
881 4826 935 4876 ele.
952 4820 985 4877 Et
998 4835 1063 4876 mox
1080 4841 1087 4877 ι
1104 4827 1156 4884 πῶς
1170 4819 1218 4894 γάρ
1232 4821 1332 4887 σεπτὸν,
1348 4818 1370 4874 sl
1384 4821 1585 4893 reposuerint
1599 4825 1652 4881 πῶς

101 4890 118 4945 ὸ
134 4892 172 4948 ld.
195 4892 224 4947 El
230 4895 278 4967 γάρ
292 4900 367 4967 σῶμα
380 4895 396 4948 ὸ
409 4895 473 4961 θεὸς,
482 4894 506 4959 ἐξ
521 4895 616 4964 ὸληςάν
632 4895 669 4967 εἴη
683 4899 725 4951 καὶ
740 4897 830 4964 sidone·
881 4901 990 4974 ριάξεται
1004 4904 1034 4957 τὸ
1048 4902 1075 4957 lu
1085 4903 1215 4976 στοιχείων
1229 4905 1380 4976 συγκεῖσθαι,
1394 4904 1435 4956 καὶ
1456 4902 1490 4965 εἰς
1502 4901 1565 4955 αὐτὰ
1578 4902 1651 4955 πάλιν

70 4972 205 5028 &imario
219 4982 292 5048 σιῖηιοι
305 4976 446 5050 σννὸάσσριά
459 4998 483 5032 τι
498 4972 561 5032 εἶναι
576 4976 602 5032 ἔτι
619 4999 645 5033 τε
659 4980 775 5050 dium
788 4987 833 5037 τοῦ
882 4984 1035 5050 ἀναλύεσθαι,
1064 4986 1106 5039 uni
1141 4988 1206 5048 ὸλιος
1233 4987 1349 5052 λάεσθοιις
1378 4986 1483 5048 σὸνὸισις
1510 4983 1558 5056 γὰρ
1585 4982 1649 5057 άρχη

70 5054 176 5130 &orriri
192 5056 283 5125 εὶὸους,
299 5065 355 5115 elo.
371 5060 462 5114 ἄτοπον
477 5060 504 5114 dl
518 5061 561 5115 τὸν
576 5063 630 5116 θεὸν
645 5061 669 5125 ἔξ
682 5064 740 5132 ὕλης
755 5058 831 5131 εἶναι,
882 5069 972 5141 μάχης·
1000 5070 1068 5140 μάχη
1090 5067 1116 5122 ol
1138 5070 1298 5132 διαστάσεως·
1328 5067 1380 5137 lbi
1402 5068 1503 5129 λύσεως·
1525 5066 1593 5128 λύσις
1613 5067 1651 5121 δι’

70 5137 105 5188 ul
124 5136 213 5201 ιῐὸως·
232 5140 261 5193 od
285 5142 333 5214 γάρ
352 5141 421 5196 ἔσται
443 5143 538 5211 ἅπλῶς,
560 5144 615 5198 odoi
637 5146 746 5219 άρχιιιάς·
769 5148 833 5202 ὥστε
882 5149 1013 5219 ἀλλότριον
1027 5150 1107 5218 πάντη
1118 5150 1184 5218 θεοῦ,
1205 5153 1246 5204 καὶ
1267 5156 1310 5219 τῆς
1328 5150 1426 5221 πρώτης
1440 5149 1542 5221 φάσεως·
1564 5147 1651 5204 οὔκουν

72 5217 195 5292 &ripaeos
210 5226 235 5276 du
250 5222 288 5293 εἴη
301 5225 317 5278 ὸ
331 5224 384 5287 θεὸς
399 5233 452 5283 etc.
470 5227 516 5280 liei
531 5226 578 5300 γάρ
593 5225 615 5282 εἰ
628 5230 703 5301 σῶμά
717 5227 778 5296 ἔστι,
791 5230 832 5283 καὶ
882 5233 1017 5297 διάστασις,
1030 5231 1117 5305 ἵναμὴ
1132 5233 1208 5296 λύσις·
1232 5232 1288 5286 otor
1310 5232 1389 5304 μάχη,
1402 5232 1445 5285 ἵνα
1466 5232 1499 5305 μὴ
1515 5232 1649 5298 διάστασις·

70 5301 165 5374 φθαρτὸς
178 5304 245 5359 ἔσται
265 5307 306 5360 sal
327 5309 459 5379 γεννητὸς,
480 5311 521 5364 καὶ
545 5310 705 5383 ρεταάλητός·
729 5312 832 5367 ἕκαστον
881 5313 1115 5382 οὗὸὲσὸνθισις,ῖνα
1129 5316 1161 5389 μὴ
1177 5316 1255 5387 μάχη·
1279 5314 1319 5367 διὸ
1340 5317 1413 5369 τοῦτο
1433 5314 1488 5369 stol
1502 5322 1591 5387 σῶμα,
1608 5318 1651 5370 ἵνα

71 5381 94 5434 dt
107 5386 198 5440 τούτων
213 5388 301 5443 άτοκον
317 5388 359 5444 ἔτ’
373 5390 459 5446 edroi.
882 5396 916 5470 μὴ
931 5397 1047 5461 σύνθεσις.

96 5578 106 5618 t
119 5576 165 5619 lit.
179 5590 231 5623 rrrr.
241 5580 267 5625 ie
277 5582 342 5628 rute.
355 5583 403 5628 det.
414 5595 463 5639 cap.
474 5585 565 5630 xa-s
575 5584 628 5642 cap.
641 5598 661 5631 r.
669 5588 717 5632 -s
726 5587 805 5641 virgil.
818 5587 853 5633 rt.
866 5590 942 5644 (tm.
955 5601 1011 5635 ναν.
1022 5590 1071 5643 ast,
1081 5590 1131 5636 m.
