3942 6168
370 345 420 404 DE
440 345 514 406 DEO
534 346 678 421 DEIQUE
698 342 1048 420 murmuratione,
1069 344 1142 405 ΗΒ.
1165 344 1203 419 ll,
1225 344 1308 405 CAP.
1331 343 1398 404 Vll.
1619 344 1675 403 aar

103 510 151 590 qui
171 510 204 570 in
223 508 393 589 appendice
406 528 536 590 opernm
558 510 727 591 Augustini
743 509 859 590 legitur
909 526 974 569 osae
990 514 1092 590 potest
1107 527 1127 568 a
1140 525 1202 588 quo
1216 507 1330 570 differt.
1344 508 1459 569 Namsi
1473 514 1531 585 θεῖ,
1546 525 1611 568 non
1620 508 1680 569 dif-

103 602 152 663 ubi
160 601 195 663 de
202 601 341 677 ueritate,
352 603 515 682 sapientia,
524 603 599 679 vita,
608 602 789 682 eamusque
796 604 859 663 Deo
908 601 977 662 fert.
993 601 1079 662 Nihil
1088 600 1174 662 cuim
1183 600 1222 661 ab
1232 619 1269 662 eo
1279 601 1362 681 quod
1376 606 1432 677 θεῖ,
1444 600 1478 660 id
1492 605 1538 661 est
1551 600 1681 681 aaeipso

102 694 244 756 attributis
256 712 352 773 egens
373 696 419 756 ita
441 696 576 756 scribit:
604 697 711 770 «Quae
732 694 859 775 quidem
908 693 1023 755 differt.
1039 695 1139 767 Quare
1151 693 1236 771 justa
1251 699 1282 755 et
1295 694 1419 774 sapiens
1435 694 1495 754 erit
1508 692 1681 754 substantia

103 787 231 868 quamvis
239 787 398 849 intellectu
407 789 506 850 multa
519 807 586 849 esse
599 789 753 864 dieantur,
764 806 798 849 rc
811 793 858 848 ta-
909 786 976 863 Dei,
993 786 1053 847 hoo
1066 791 1112 847 eat
1131 787 1250 847 hahens
1259 786 1415 866 justitiam
1435 791 1465 846 et
1483 784 1678 865 sapientiam,

103 899 168 943 men
178 885 208 941 et
219 880 391 941 substantia
407 900 509 942 unum
529 887 612 957 sunt,
630 882 665 941 in
683 881 798 960 quihus
815 886 860 941 est
909 884 1002 957 atque
1011 897 1050 939 ex
1063 897 1096 939 se
1109 896 1167 939 nec
1176 878 1262 957 justa
1273 897 1330 939 nec
1340 878 1463 957 sapiens
1477 878 1537 939 erit
1549 895 1607 938 nee
1616 895 1680 938 om·

102 973 248 1054 plenitudo
267 972 473 1034 divinitatia¹.
498 995 514 1031 u
540 975 584 1036 lle
607 979 764 1055 postremo
788 973 859 1034 ideo
909 972 1064 1050 tripotens,
1081 971 1135 1032 scd
1149 970 1299 1050 peraliud
1312 971 1396 1050 quod
1405 975 1526 1031 nonest
1539 970 1618 1049 ipsa,
1629 970 1679 1030 ni—

103 1083 191 1127 unum
202 1065 267 1126 haec
281 1066 390 1126 omnia
402 1084 469 1128 esse
484 1084 556 1128 cum
569 1068 633 1129 Deo
649 1072 753 1128 censet
761 1066 859 1127 Maxi-
908 1064 1027 1124 mirum
1042 1082 1098 1144 per
1107 1063 1262 1143 justitiam
1281 1066 1313 1124 ct
1326 1063 1512 1142 sapientiam
1525 1068 1557 1123 θῖ
1569 1068 1679 1143 poten-

102 1176 174 1233 mus,
187 1175 225 1219 ne
238 1158 427 1237 compositus
444 1159 573 1220 sitetah
589 1159 695 1221 nativa
709 1157 859 1237 simplici·
908 1155 986 1216 tiam
1000 1174 1095 1235 quam
1110 1156 1214 1218 habet.
1234 1156 1266 1217 Si
1283 1155 1410 1234 quidem
1424 1173 1489 1216 esse
1508 1155 1681 1235 sapientem

101 1256 157 1311 tate
171 1249 295 1311 mcidat.
318 1250 356 1310 In
372 1269 436 1330 quo
456 1255 522 1312 tam
536 1251 694 1313 Palamitis
711 1268 807 1330 quam
820 1250 860 1310 iis
910 1254 956 1309 est
973 1250 1088 1310 hahere
1107 1248 1303 1329 sapientiam.
1321 1247 1406 1308 Sicut
1432 1269 1448 1305 a
1467 1266 1541 1309 eum
1566 1247 1681 1308 dieitur

102 1349 240 1422 repugnat
251 1343 411 1419 omnihus,
430 1345 486 1422 qui
500 1344 578 1404 eitra
590 1344 745 1404 rationem
761 1341 861 1404 cousi-
909 1341 1093 1417 animatum,
1110 1348 1156 1402 est
1177 1342 1256 1402 illud
1276 1341 1361 1420 quod
1379 1340 1474 1400 habet
1493 1339 1677 1416 animam»

102 1435 340 1514 durationemque
364 1437 479 1496 mentis
506 1436 653 1497 humanae
682 1454 738 1517 per
765 1454 798 1497 se
825 1455 861 1497 aa
904 1433 1042 1494 sednon
1057 1439 1103 1494 est
1122 1434 1238 1510 anima,
1257 1432 1350 1493 utait
1370 1438 1494 1492 sanctur
1512 1431 1678 1493 Thomm'.

101 1529 191 1607 reipsa
199 1527 332 1588 discerni
340 1528 493 1606 putantiu
503 1528 858 1608 Deoaliquidabaltero.
911 1526 955 1586 lta
977 1527 1059 1587 nihil
1081 1546 1100 1586 a
1121 1526 1216 1587 rebus
1243 1525 1352 1586 creatis
1376 1524 1522 1585 creatoris
1544 1524 1681 1585 conditio

103 1620 252 1681 Noneuim
265 1619 366 1681 vitare
374 1626 504 1699 possunt
514 1621 592 1700 quin
606 1621 633 1681 si
647 1621 738 1701 plura
747 1621 782 1680 in
797 1621 859 1682 Deo
909 1618 1013 1679 distat.
1033 1620 1125 1680 «Nec
1143 1618 1259 1698 ingrati
1272 1618 1386 1697 refugit
1400 1618 1535 1696 culpam,
1552 1616 1598 1677 ait
1613 1616 1681 1677 Ful-

103 1713 156 1773 sint
173 1730 235 1773 non
257 1712 380 1773 ratione
403 1713 479 1789 sota,
505 1713 558 1774 sed
578 1712 682 1793 reipsa
702 1713 858 1790 distincta,
908 1712 1043 1789 gentius,
1064 1712 1118 1791 qui
1140 1711 1286 1771 creatoris
1308 1710 1551 1771 immensitatem
1570 1724 1681 1791 perpe-

103 1803 147 1865 liat
163 1823 200 1864 ex
214 1804 254 1864 iis
276 1805 451 1883 conjunctis
471 1807 606 1867 invicem
620 1811 651 1867 et
669 1806 860 1884 conglobatis
908 1807 996 1864 tuam
1012 1810 1042 1864 et
1058 1804 1296 1883 perpetuitatem
1316 1804 1504 1864 immensam
1525 1806 1680 1862 creatura-

102 1914 189 1957 unum
205 1896 325 1975 aliquid
341 1898 559 1977 compositum.
576 1899 656 1959 Nam
675 1899 738 1958 nisi
750 1897 861 1976 juncta
909 1913 981 1956 rum
999 1898 1155 1977 putaverit
1174 1896 1375 1975 qualitatihus
1397 1891 1677 1955 aestimandam»

101 2006 193 2049 aecrnu
214 1994 247 2049 et
271 1993 384 2050 mutuo
411 1996 484 2069 apta
505 1989 561 2050 illa
583 1995 668 2067 sunt,
692 1990 860 2069 separatim
910 1989 1027 2050 Verum
1043 2009 1107 2051 nou
1125 1990 1234 2050 eadem
1252 1989 1372 2049 ratione
1395 1988 1451 2048 Dei
1473 1992 1585 2046 natura
1596 1985 1681 2064 justa

101 2080 275 2156 cnstanter
287 2086 398 2142 tumet
406 2082 486 2142 Deus
491 2082 606 2160 justus,
615 2082 748 2162 sapiens,
760 2082 860 2142 omni-
909 2081 1024 2143 dicitur
1037 2101 1099 2162 qua
1114 2081 1262 2157 hominis,
1278 2079 1412 2159 exempli
1433 2079 1543 2158 gratie.
1563 2099 1579 2136 a
1598 2079 1680 2152 Quo·

101 2178 197 2252 potens
211 2173 274 2234 crit
289 2189 326 2233 eu
337 2172 470 2251 justitia,
487 2173 651 2253 sapientia,
668 2180 699 2236 et
715 2175 858 2254 omnipo·
909 2175 996 2234 niam
1016 2175 1111 2236 homo
1132 2192 1197 2235 uon
1216 2178 1317 2253 potest
1338 2190 1403 2233 esse
1420 2170 1552 2251 justitia,
1577 2169 1682 2250 inquit

100 2266 185 2325 tentia
197 2283 269 2345 quea
285 2265 326 2326 ab
343 2283 380 2325 eo
397 2266 535 2343 sejuncta
551 2272 612 2342 cst3
628 2267 712 2345 quod
729 2267 860 2347 perinde
909 2266 1246 2346 Anselmus,justitiam
1252 2271 1358 2327 autem
1366 2265 1481 2325 hahere
1489 2268 1600 2343 potest.
1612 2264 1681 2324 Non

101 2357 283 2437 estineptum
290 2376 325 2418 ac
335 2358 361 2420 ai
371 2359 472 2438 paries
480 2377 516 2419 eo
524 2360 703 2420 altcandore
711 2359 860 2420 candidus
909 2359 995 2421 euim
1010 2359 1196 2439 intelligitur
1206 2360 1310 2438 justus
1330 2359 1426 2419 homo
1442 2357 1577 2417 existens
1587 2354 1680 2434 J'usti-
1757 2424 1762 2434 ,

102 2449 148 2528 qui
162 2450 194 2511 in
206 2452 274 2530 ipso
291 2457 427 2525 nonest,
446 2457 482 2511 ut
495 2458 583 2512 acute
599 2453 738 2512 Beeanm
754 2458 861 2513 noster
908 2451 964 2527 tia,
979 2453 1034 2513 sed
1053 2452 1171 2512 habens
1181 2451 1347 2530 justitiam.
1366 2451 1406 2511 At
1426 2466 1550 2510 summa
1569 2454 1682 2510 natura

101 2541 357 2620 argumentatur¹;
374 2545 404 2602 et
425 2543 557 2622 singular
571 2545 639 2604 ista
656 2543 860 2624 proprietates
909 2541 1679 2624 nonpropriediciturjusta,quiahahetjustitiam,

101 2634 217 2696 toddcm
230 2639 323 2695 amnt
335 2634 392 2710 dii,
408 2637 482 2714 quia
495 2635 628 2696 infinitae
643 2640 759 2696 suntet
773 2642 861 2697 aeter-
909 2637 964 2697 sed
979 2637 1085 2697 existit
1094 2636 1227 2716 justitia,
1246 2657 1262 2693 a
1279 2642 1315 2696 ut
1330 2636 1414 2696 idem
1428 2635 1469 2695 sit
1481 2633 1598 2712 justam
1612 2651 1682 2695 eam

101 2727 260 2800 uc.0uare
268 2728 860 2791 neeesseestconsertasimdccmetoo
909 2730 1011 2791 dicere
1034 2729 1118 2808 quod
1137 2747 1203 2789 θεεθ
1214 2727 1379 2806 justitiam.
1403 2728 1502 2801 Quare
1526 2747 1542 2782 a
1562 2726 1617 2787 illa
1635 2732 1682 2787 θεῖ

101 2817 208 2895 palatas
220 2836 320 2879 unum
337 2818 465 2897 aliquod
481 2819 603 2881 efficere
618 2820 713 2898 idque
732 2840 858 2901 compo·
909 2822 1174 2882 summaessentia
1187 2827 1218 2881 et
1230 2837 1354 2881 summa
1366 2821 1441 2893 vita,
1453 2835 1576 2879 summa
1588 2818 1679 2895 ratio,

102 2910 195 2986 ritum,
211 2930 269 2972 nec
293 2933 308 2967 a
329 2929 452 2971 mamm
472 2912 615 2992 simplex,
632 2931 690 2973 nec
706 2913 859 2992 ejusmodi
909 2930 1033 2974 summa
1061 2913 1154 2987 salus,
1179 2930 1303 2973 summa
1322 2912 1454 2991 justitia,
1480 2928 1603 2971 summa
1633 2928 1680 2971 se-

101 3003 271 3080 quomelius
281 3004 411 3082 eogitari
425 3022 489 3065 uon
504 3010 615 3084 potest,
627 3026 642 3063 a
655 3010 691 3066 ut
703 3024 775 3066 cum
789 3008 860 3068 Ber·
909 3005 1037 3085 pientia,
1054 3023 1176 3066 summa
1185 3005 1309 3079 veritus,
1320 3021 1443 3064 summa
1453 3003 1586 3079 bonitas,
1599 3020 1682 3064 sum-

101 3096 314 3175 uardoloquar.
330 3097 537 3157 Meliusenim
547 3099 587 3157 sit
600 3098 686 3177 quod
696 3104 785 3159 «tam
795 3119 859 3161 non
908 3116 961 3158 ma
976 3097 1170 3176 magnitudo,
1186 3114 1309 3157 summa
1330 3095 1540 3177 pulchritudo,
1558 3111 1682 3157 summa

102 3184 183 3248 hahet
200 3188 258 3249 hoe
282 3193 313 3248 et
331 3188 421 3264 illud,
444 3207 539 3267 quum
566 3208 632 3250 non
653 3190 721 3251 hac
743 3198 773 3252 et
793 3191 857 3267 illa,
908 3189 1136 3265 immortalitas,
1155 3206 1278 3249 summa
1290 3187 1579 3267 incorruptibilitas,
1595 3204 1680 3247 sum·

102 3279 233 3359 quodque
245 3298 346 3340 unum
361 3281 548 3342 estsednon
561 3282 730 3342 unitum.»
908 3282 1221 3358 muimmutahilitas,
1237 3298 1360 3342 summa
1372 3279 1541 3357 beatitudo,
1560 3296 1681 3341 summa

11 3432 32 3460 n
133 3370 195 3431 XV.
216 3373 322 3451 ltaque
337 3378 369 3433 et
383 3373 436 3433 hic
449 3373 657 3452 compositum
676 3373 741 3435 tore
760 3377 859 3436 Deum
909 3376 1080 3451 aeterniter,
1101 3392 1224 3436 summa
1244 3379 1392 3455 potestas,
1413 3388 1536 3434 summa
1558 3373 1679 3449 unitas,

101 3461 326 3539 thannataei
340 3464 431 3544 plura
444 3465 479 3525 in
489 3483 526 3526 eo
536 3465 662 3527 collecta
675 3472 749 3527 sunt
762 3486 801 3529 ex
813 3468 860 3529 rai
909 3469 993 3546 qnod
1002 3486 1067 3528 nou
1079 3472 1126 3529 cat
1138 3467 1224 3529 uliud
1238 3484 1333 3546 quam
1348 3484 1470 3528 summe
1480 3482 1546 3543 ens,
1558 3480 1681 3526 summe

101 3556 364 3629 naturadistincta,
376 3562 407 3617 ct
416 3557 581 3618 Anselmus
595 3558 650 3636 qui
658 3558 816 3638 imprimis
825 3561 859 3620 in
908 3561 1018 3621 vivens
1031 3566 1061 3620 θῖ
1070 3560 1132 3620 alia
1141 3559 1333 3639 simpliciter.
1350 3580 1365 3617 a

101 3645 188 3724 capite
200 3647 602 3729 Menologr'iquintodecimo
617 3651 717 3711 Deum
726 3651 860 3713 ostendit
949 3653 1029 3713 XVI.
1052 3651 1441 3732 HaecAnaelmusquieum
1450 3649 1682 3726 asceticarum

101 3752 156 3797 non
168 3740 427 3819 modeimtumet
440 3741 760 3820 honumetmagnum
775 3749 861 3804 etsu-
909 3765 945 3806 ac
957 3746 1155 3806 divinitatem
1174 3746 1233 3806 hoc
1252 3744 1415 3823 essequod
1435 3744 1540 3816 hahet,
1559 3743 1680 3805 Graeoo-

100 3829 225 3907 pientem
234 3833 861 3912 csse,sedetiamjustitiamethouitatem
909 3856 982 3898 rum
1002 3839 1223 3899 Palamitarum
1243 3837 1359 3915 frangit
1380 3836 1548 3897 inscitiam.
1565 3835 1625 3908 Qui
1647 3836 1682 3896 in

100 3926 127 3981 et
143 3924 391 4004 magnitudinem
411 3931 442 3986 et
462 3926 663 4006 sapientiam,
685 3926 779 4005 idque
803 3929 861 3990 hae
883 3930 889 3951 ³
910 3931 1007 3990 Temo
1015 3929 1164 4009 synodico
1171 3930 1260 4007 cujus
1275 3946 1369 4008 supra
1379 3928 1510 3989 memini
1519 3927 1579 3987 hoc
1592 3944 1683 4006 argu-

100 4015 208 4077 utone
220 4017 389 4093 concludit,
401 4018 476 4097 quia
489 4019 517 4078 si
531 4036 595 4079 non
604 4019 673 4079 haec
681 4024 762 4079 esset
774 4038 859 4082 aum·
909 4029 1016 4083 mento
1029 4021 1186 4083 interulis
1200 4023 1414 4082 demonstrant
1427 4027 1512 4081 atalae
1522 4019 1562 4079 ab
1577 4024 1683 4099 ῖνφγιῖᾳ
1725 4035 1836 4082 sauua-

101 4107 862 4190 maillasuhstantia,perulludjustaauthonaaut
910 4114 1012 4194 reipsa
1020 4114 1205 4192 discrepare,
1216 4112 1367 4191 quoniam
1376 4117 1501 4172 canctus
1514 4110 1683 4189 Dionysius
1713 4088 1846 4197 maia,

102 4214 203 4279 magua
215 4208 295 4262 esset
308 4218 374 4262 uon
386 4219 443 4281 per
456 4221 499 4263 se.
515 4203 612 4281 Atqui
632 4223 648 4261 e
661 4220 718 4283 pcr
734 4221 767 4263 se
777 4204 861 4282 justa
910 4207 955 4267 ait
978 4227 993 4263 a
1016 4206 1050 4266 id
1068 4206 1153 4284 quod
1172 4205 1292 4265 nullam
1312 4204 1378 4264 vim
1396 4208 1451 4264 aut
1469 4201 1683 4283 operationem

101 4294 140 4349 eu
153 4311 214 4353 non
227 4309 284 4373 per
296 4293 395 4354 aliud.
411 4294 445 4355 Si
461 4294 558 4373 igitur
571 4311 636 4353 non
650 4299 697 4354 eat
705 4295 861 4373 justanisi
909 4298 1015 4375 hahet,
1030 4315 1132 4377 neque
1152 4316 1218 4359 esse
1230 4314 1333 4376 neque
1348 4296 1468 4375 aliquid
1481 4312 1558 4357 esse.
1574 4294 1681 4373 Atqui,

101 4382 384 4462 perjustitiam,neo
400 4403 523 4447 summa
539 4390 717 4465 potestesse
730 4387 792 4448 nisi
806 4407 862 4468 per
910 4390 1069 4469 inquiunt,
1090 4389 1124 4450 id
1146 4390 1231 4470 quod
1250 4389 1346 4450 hahet
1365 4390 1406 4449 ah
1426 4405 1463 4448 eo
1485 4386 1570 4466 quod
1590 4386 1685 4447 habet

100 4476 323 4557 se,quidmugis
336 4478 551 4557 conspicuum,
563 4478 860 4558 quidmagisneeca·
910 4483 1041 4543 omnino
1060 4500 1095 4544 re
1110 4482 1215 4544 differt
1234 4482 1350 4560 aliqua
1368 4482 1469 4555 Quare
1489 4480 1517 4541 si
1532 4479 1620 4541 nulla
1637 4485 1684 4541 θεῖ

101 4567 310 4648 seriumquam
323 4570 409 4649 quod
416 4571 527 4631 eodem
536 4575 648 4631 natura
661 4572 783 4651 estipsu
791 4573 860 4652 J'us-
910 4574 1086 4635 differentia
1104 4574 1220 4636 divinas
1237 4573 1416 4635 substantia
1435 4577 1467 4633 et
1481 4572 1682 4653 operationis,

101 4656 174 4735 litiu3
184 4679 256 4722 cum
266 4661 352 4740 juste
366 4680 422 4742 per
436 4680 468 4723 se
482 4664 596 4724 dicitur
609 4681 685 4741 esse,
697 4682 762 4724 uon
775 4665 862 4729 aliud
910 4685 976 4726 nou
982 4672 1083 4746 potest
1089 4667 1303 4747 operationem
1311 4666 1426 4727 hahere
1433 4666 1489 4726 Dei
1499 4665 1682 4726 substantia.

102 4746 274 4832 intelligitur
294 4770 390 4833 quam
410 4773 465 4834 per
480 4755 655 4834 justitiam?
676 4776 691 4813 a
716 4756 814 4835 Igitur
834 4759 862 4819 ai
911 4759 999 4832 Quod
1020 4763 1124 4820 autem
1147 4760 1361 4839 operationem
1383 4776 1448 4819 non
1473 4758 1577 4833 hehet,
1603 4757 1685 4817 nihil

102 4845 300 4918 persedilicrt
308 4847 455 4925 ajustitia
462 4848 513 4909 uel
523 4847 675 4927 supientia
685 4848 740 4908 Dei
750 4855 861 4912 natura
911 4851 1033 4930 operari
1054 4856 1174 4931 petest,
1193 4857 1225 4912 at
1238 4852 1322 4931 quod
1341 4851 1421 4912 nihil
1435 4850 1557 4930 operari
1572 4854 1682 4929 potest,

102 4938 128 4991 et
145 4942 222 5014 οῖοῖα,
237 4956 303 5000 non
320 4939 381 4999 erit
401 4939 469 5000 hac
483 4939 616 5018 justitia.
632 4940 702 5001 Non
722 4941 808 5002 enim
828 4943 861 5003 id
910 4943 1041 5003 minime
1051 4944 1156 5022 ipsum
1170 4944 1305 5005 exurite.
1318 4962 1333 5001 u
1346 4945 1392 5003 Ita
1404 4942 1504 5005 Graeci
1512 4942 1682 5021 disputant,

133 5150 150 5189 tt
167 5136 243 5194 Drorr.
261 5140 426 5213 Τῖμηδεμῖαν
436 5141 538 5213 δύναμιν
556 5142 572 5208 ἢ
592 5139 793 5216 ῖῖέργῖιαεέχον,
804 5142 861 5198 odra
909 5144 949 5197 aul
960 5140 1219 5214 ἔνεργεῖας,οὖκέστιε
1230 5140 1295 5215 ἔχειν
1314 5138 1358 5207 τὴν
1377 5136 1461 5191 edelar
1482 5142 1525 5192 τοῦ
1544 5136 1599 5191 θεοῦ
1619 5135 1684 5211 ἐνέρ-

103 5211 231 5284 tenuata
240 5238 264 5277 τι
273 5221 350 5277 ἔστιν·
361 5222 475 5280 Tamus·
493 5222 597 5298 Τῖῖχον
616 5218 658 5279 ota
676 5226 737 5300 ἔχει,
757 5227 820 5281 κατά
838 5246 861 5280 τι
910 5244 987 5298 perer·
999 5226 1029 5279 rh
1039 5224 1109 5299 δὲμὴ
1128 5224 1187 5299 ἔχον
1207 5223 1342 5296 ἐνέργειαν,
1355 5222 1516 5295 ἀνεεῖργητόν
1536 5219 1596 5276 ἔστι·
1608 5222 1638 5277 τὸ
1657 5220 1684 5275 il

103 5298 200 5375 equa
207 5305 313 5368 πάντως·
327 5304 349 5359 sl
358 5301 401 5360 oda
411 5305 456 5361 sta
474 5304 525 5362 ἔστι
535 5308 640 5381 διαφορά
649 5326 685 5372 τις
693 5309 758 5372 θείας
767 5309 861 5375 οὐσίας,
912 5306 1304 5382 ἀνενῖργητον,καῖᾶεῖπαρκτον.

105 5481 331 5605 “waliam
349 5488 407 5543 aug.
419 5488 460 5534 ru.
477 5489 505 5533 ll.
524 5500 571 5545 cap.
588 5490 687 5535 rra-t
701 5490 774 5535 Traut.
788 5490 805 5534 1.
817 5491 844 5535 da
854 5493 909 5535 Alte.
923 5499 972 5546 cup.
982 5502 997 5535 ι.
1005 5502 1026 5545 q.
1045 5489 1122 5535 tall
1132 5487 1199 5534 titre
1214 5490 1240 5534 ts
1255 5491 1311 5535 suu
1322 5493 1429 5535 dunat.
1442 5500 1490 5545 cap.
1503 5490 1589 5535 rr,-l
1601 5489 1649 5535 utu.
1665 5491 1684 5535 1.
