4008 6170
202 333 208 343 ·
315 297 354 357 dl
820 291 1148 367 incommunius
1170 290 1403 357 DOGMATUM.

313 444 440 524 quimus
453 462 491 505 ex
510 444 546 507 iis
568 461 637 523 quse
650 445 684 505 in
706 441 795 505 nobis
815 447 897 519 sunt,
923 442 1012 521 quasi
1030 460 1086 522 per
1142 440 1225 519 qued
1248 459 1286 505 ex
1308 439 1448 513 Hilario‘*
1488 438 1609 498 ridetur
1634 456 1829 519 expressum,
1864 440 1918 520 qui

314 536 465 618 exempla,
481 537 608 618 majore,
621 537 680 599 hoe
694 542 739 599 est
752 533 856 597 divina
866 535 1082 616 intelligentes,
1142 532 1241 595 Deum
1260 532 1303 597 ait
1320 551 1385 609 non
1409 531 1477 608 sibi,
1493 530 1546 592 sed
1567 530 1656 592 uobis
1672 530 1814 592 locutum
1834 537 1866 593 et
1885 533 1919 592 in

313 629 391 693 sieut
404 630 500 709 quiin
512 629 643 701 minima
651 629 757 695 charta
768 628 924 690 eoelestem
934 627 1085 691 circulum
1142 632 1263 695 tautum
1278 626 1315 689 ad
1331 625 1567 705 intelligentiam
1578 631 1716 705 nostram
1730 626 1847 707 eloquii
1871 627 1919 686 sui

312 721 490 787 describunt
502 727 527 783 ⁰.
550 746 563 785 ι
605 723 664 784 Sed
684 721 822 802 apposite
842 721 994 801 imprimis
1015 721 1086 785 Gre
1141 726 1328 801 temperasse
1342 739 1528 796 sermonem,
1549 727 1701 800 quantum
1716 721 1920 800 comprehen-

312 815 417 895 gorius
441 817 619 895 Nysseuus:
642 839 656 870 α
681 814 949 889 Quemadmodum
972 813 1082 887 surdis,
1141 815 1213 883 dere
1227 817 1267 879 ad
1286 817 1482 877 sentiendum
1501 821 1620 876 nature
1634 821 1747 876 nostrae
1758 821 1866 896 posset
1876 816 1920 879 in-

312 910 364 987 ait,
394 910 489 990 signis
509 917 540 972 et
559 927 711 973 manuum
731 909 867 990 gestibus
893 909 968 987 quid
994 926 1085 987 agere
1140 908 1268 970 firmitas
1285 916 1311 973 ,2-
1336 909 1458 985 Etenim
1470 928 1526 990 per
1547 928 1579 969 se
1599 926 1721 987 semper
1738 907 1796 969 sibi
1816 907 1922 968 diviua

312 1004 444 1067 debeant
470 1004 651 1079 indicamus,
676 1022 741 1065 non
763 1004 847 1083 quod
874 1002 1000 1083 propria
1026 1003 1084 1082 ipsi
1140 1002 1306 1077 sufficiunt,
1326 1003 1415 1063 utait
1433 1002 1649 1082 chrysologus,
1667 1003 1720 1062 sed
1734 1001 1774 1062 ob
1788 1002 1853 1062 hoc
1866 1003 1921 1063 bo

311 1116 385 1159 vore
399 1117 568 1175 careamus,
588 1097 641 1159 sed
655 1098 729 1176 qnia
742 1097 870 1159 minime
888 1096 1084 1177 audientibus
1140 1093 1275 1154 minibus
1281 1094 1426 1156 humanis
1432 1095 1811 1174 frequenterinsinuantnr
1817 1113 1921 1156 exem·

309 1191 427 1253 inutilis
440 1192 545 1257 futura
558 1198 650 1255 estes
665 1209 733 1271 quas
746 1190 782 1253 tit
796 1190 897 1253 verbis
912 1192 1080 1265 enarratio;
1139 1186 1208 1266 plis
1225 1188 1297 1267 quia
1316 1188 1446 1249 coelestis
1464 1189 1658 1269 providentia
1674 1208 1738 1249 non
1753 1189 1829 1268 quid
1852 1190 1921 1270 ipsa

309 1286 352 1349 sie
364 1305 436 1347 eum
451 1287 590 1353 hnmana
611 1290 722 1353 namra
742 1285 972 1365 quodammodo
990 1285 1083 1346 stude
1138 1280 1249 1358 dicere,
1267 1281 1320 1342 sed
1339 1282 1414 1363 quid
1434 1282 1557 1343 auditor
1579 1300 1687 1363 capere
1705 1283 1800 1363 possit
1817 1288 1921 1344 atten

307 1379 356 1455 sit,
373 1397 474 1459 neque
498 1380 668 1459 quidquam
692 1377 784 1457 paulo
805 1376 968 1439 sublimius
988 1377 1083 1458 perei-
1137 1372 1183 1434 dit
1196 1380 1220 1432 ³.
1242 1374 1493 1454 »Eleganterque
1508 1373 1717 1437 Tertullianus
1730 1374 1763 1435 in
1776 1377 1920 1451 secundo

308 1471 382 1550 piet,
399 1473 455 1532 Dei
471 1473 602 1551 gratim
616 1472 747 1539 dicimus
760 1468 1019 1551 multipliciterac
1032 1489 1082 1532 ra·
1138 1475 1243 1527 contra
1259 1465 1451 1546 Marcionem,
1465 1466 1564 1548 capite
1578 1485 1686 1530 stru:
1718 1490 1733 1525 ν
1757 1470 1862 1529 Deum
1876 1469 1920 1531 ait

306 1562 359 1624 riis
374 1564 473 1635 mosiis
485 1564 520 1625 in
541 1564 698 1645 prophetis
713 1562 902 1643 loquentem,
918 1581 974 1642 pro
989 1570 1081 1644 captu
1137 1578 1202 1620 nou
1220 1562 1355 1640 potuisse
1374 1560 1529 1622 humanos
1544 1580 1726 1641 congressus
1747 1560 1838 1639 inire,
1859 1564 1919 1624 nisi

307 1661 412 1727 nostro
422 1662 518 1737 eipso
528 1657 657 1737 eoquod
670 1656 820 1718 familiare
839 1655 929 1717 nobis
940 1660 995 1731 est,
1010 1674 1081 1736 san·
1136 1653 1290 1716 humanos
1303 1662 1335 1716 et
1349 1675 1456 1717 sensus
1471 1663 1501 1717 et
1513 1657 1638 1719 affectus
1652 1658 1849 1737 suscepisset,
1862 1677 1919 1739 per

307 1756 427 1817 ciorum
437 1751 660 1831 prophetarum
680 1750 802 1831 linguas
821 1750 1077 1831 conformantem,
1135 1767 1212 1827 quos
1226 1751 1290 1810 vim
1305 1750 1471 1829 majestatis
1484 1771 1546 1812 suae
1564 1750 1790 1812 intolerabilem
1805 1752 1919 1832 utiquc

304 1861 361 1922 per
374 1843 439 1906 heo
451 1864 509 1909 nos
522 1845 561 1906 ad
576 1844 757 1905 sublimium
772 1844 981 1925 cognitionem
994 1842 1080 1905 velut
1135 1842 1280 1905 humanae
1290 1846 1494 1906 mediocritati
1502 1845 1676 1906 humilitate
1685 1851 1915 1926 temperaret.»

303 1956 400 2000 manu
411 1940 572 2016 deducere,
592 1958 658 2000 non
676 1946 712 2001 ut
729 1940 900 2001 secundum
920 1939 1079 2020 propriam
1135 1937 1222 2010 Quod
1259 1938 1345 1999 brevi
1368 1944 1399 1999 et
1420 1945 1562 2000 contorta
1583 1939 1733 2000 sententia
1759 1938 1803 2000 ita
1823 1940 1920 2001 rabbi

303 2032 564 2111 magnificentiam
570 2032 795 2095 institutionem
804 2032 904 2095 iaciat.
916 2031 1078 2105 Quomodo
1134 2032 1233 2093 Moses
1247 2033 1466 2094 Maiemonides
1477 2034 1634 2113 expressit.
1654 2056 1669 2087 ι
1685 2033 1849 2112 loquium,
1860 2034 1916 2107 ait,

303 2125 387 2186 enim
399 2126 434 2186 in
448 2127 560 2206 exiguo
574 2144 724 2206 magnum
737 2125 920 2205 caperetur?
931 2121 990 2185 Sed
1006 2124 1078 2205 quia
1134 2124 1185 2188 lex
1200 2126 1307 2206 lingua
1315 2126 1453 2191 filiorum
1467 2128 1603 2189 hominis
1616 2154 1638 2188 c.
1657 2149 1671 2185 ι

302 2219 533 2298 adpmvitatem
544 2226 683 2283 nostram
691 2238 723 2280 se
735 2219 893 2280 divinavis
908 2217 1011 2296 abjicit
1020 2213 1074 2278 ἰ.»
1173 2220 1229 2282 111.
1253 2221 1289 2281 ln
1313 2219 1368 2283 ilia
1390 2220 1493 2299 itaque
1515 2221 1673 2300 Scriptura
1693 2221 1862 2301 dupliciter
1885 2240 1917 2281 se

302 2312 570 2386 Quemadmodum
589 2313 646 2389 sol,
666 2313 757 2375 nteit
776 2319 893 2393 postea,
917 2311 1076 2390 interjecto
1131 2312 1263 2391 Spiritus
1271 2313 1436 2373 sauctusin
1447 2313 1558 2374 divinis
1566 2312 1659 2377 rebus
1671 2314 1865 2394 explicandis
1875 2314 1918 2375 ad

300 2423 371 2469 sere
388 2412 596 2487 temperatum
611 2406 719 2469 lumen
734 2410 870 2467 suumet
883 2406 984 2466 radios
998 2405 1077 2467 calo
1131 2409 1256 2483 captum
1279 2412 1423 2469 nostrum
1440 2405 1743 2485 imbecillitatemque
1761 2407 1915 2469 demittit.

300 2517 428 2578 remque
447 2499 592 2565 diffundit
607 2499 645 2559 ad
661 2517 769 2560 sensus
783 2504 915 2573 nostros,
931 2517 971 2565 ne
986 2498 1076 2560 rehe-
1130 2498 1210 2559 Nam
1231 2505 1262 2560 et
1279 2499 1380 2560 verbis
1398 2500 1496 2561 utitur
1516 2499 1725 2579 loquendique
1742 2499 1919 2580 generibus

299 2594 450 2662 meistiore
464 2593 591 2659 illorum
603 2592 816 2655 obtundentur
830 2591 973 2673 appulsu.
1130 2609 1199 2668 quae
1219 2591 1396 2653 humanum
1416 2592 1531 2671 aliquid
1545 2598 1576 2653 et
1590 2599 1781 2667 concretum,
1802 2612 1919 2674 corpo

338 2686 422 2747 Licet
439 2686 499 2747 hoc
519 2687 554 2747 in
567 2686 659 2753 tertio
674 2684 729 2747 illo
745 2684 926 2754 instituendi
940 2685 1074 2749 bominis
1129 2682 1231 2763 risque
1252 2685 1414 2765 proprium
1431 2685 1613 2764 significant,
1635 2693 1670 2746 ut
1687 2705 1759 2747 eum
1779 2687 1917 2765 tigilare

297 2778 403 2855 modo,
431 2797 525 2858 quem
547 2778 730 2841 Edmundus
755 2777 868 2858 posuit,
892 2777 952 2838 hoe
974 2784 1019 2838 est
1041 2779 1074 2838 in
1128 2782 1183 2847 ant
1193 2777 1350 2856 quiescere
1364 2798 1400 2840 ae
1410 2779 1556 2855 dormire,
1569 2785 1623 2839 aut
1631 2779 1720 2841 irasci
1731 2785 1786 2841 aut
1799 2779 1918 2851 ambu-

297 2871 471 2950 seu'ptura*
492 2889 627 2934 camere.
649 2873 722 2932 Haee
740 2871 825 2931 enim
848 2870 982 2931 maxime
1010 2889 1074 2935 om·
1128 2869 1192 2934 lare
1213 2872 1325 2936 dicitur
1345 2873 1426 2935 Deus
1444 2892 1479 2935 ae
1500 2878 1610 2934 caetera
1628 2872 1712 2953 talia,
1737 2896 1753 2931 α
1776 2892 1851 2952 quae
1875 2894 1918 2935 ex

297 2965 386 3029 nium
406 2987 420 3023 (ι
442 2966 614 3031 secundum
634 2963 845 3045 inieffigeniiae
866 2970 978 3029 nostrae
1002 2984 1073 3031 con·
1127 2967 1241 3031 nostris
1260 2966 1354 3029 rebus
1373 2968 1406 3027 in
1421 2969 1520 3031 Deum
1541 2967 1761 3045 transierimus,
1779 2988 1795 3025 ν
1813 2974 1853 3028 ut
1868 2969 1917 3031 ait

294 3060 493 3123 suetudinem
503 3066 708 3140 naturamque
722 3078 755 3121 se
768 3065 929 3140 temperat,
942 3065 978 3121 ut
990 3062 1072 3123 Zeno
1127 3060 1336 3125 Nazianzenus
1356 3058 1381 3136 ⁴,
1402 3067 1433 3123 ei
1448 3061 1655 3142 particulatim
1672 3081 1708 3124 ae
1726 3062 1915 3125 minutatim

294 3153 480 3225 Veronensis
513 3154 650 3234 loquitur
675 3161 697 3230 ¹,
718 3152 937 3217 communibus
965 3173 1071 3223 rerum
1126 3159 1208 3214 secat
1222 3172 1291 3234 quae
1301 3154 1385 3217 illius
1396 3156 1522 3234 propria
1535 3161 1618 3231 sunt,
1630 3173 1702 3216 cum
1722 3155 1762 3219 sit
1770 3155 1915 3237 simplex

294 3246 451 3308 vocabulis
469 3246 509 3307 ad
527 3247 783 3327 significationem
797 3247 945 3311 doctrinas
959 3266 1022 3309 suas
1040 3255 1072 3311 et
1125 3246 1207 3307 Deus
1232 3266 1268 3308 ac
1288 3248 1423 3328 partium
1445 3248 1590 3323 emnium
1619 3254 1650 3308 et
1672 3248 1915 3327 compositionis

293 3338 494 3407 institutionis
508 3339 736 3420 aptatisNobis
750 3340 845 3416 enim,
858 3359 923 3402 non
937 3340 995 3401 sibi
1009 3341 1070 3409 elo
1125 3359 1244 3420 expers.
1268 3343 1328 3411 Sed
1348 3361 1406 3404 nos
1420 3342 1509 3405 aliter
1529 3343 1663 3423 cogitare
1677 3342 1735 3403 ista
1757 3362 1915 3425 nonpos

293 3433 399 3511 quitur
412 3439 503 3513 etque
520 3432 590 3494 ideo
606 3432 718 3493 nostris
731 3433 829 3493 utitur
847 3433 880 3493 iu
899 3432 1066 3513 loquendo,
1123 3451 1242 3513 sumus,
1267 3434 1327 3497 nisi
1351 3458 1367 3495 α
1391 3435 1503 3496 divisas
1524 3453 1581 3515 per
1603 3441 1705 3515 parles
1727 3436 1847 3516 species
1879 3444 1914 3499 et

326 3637 345 3676 a
361 3625 453 3675 Ciuis.
464 3634 533 3691 ml,
548 3620 677 3677 itesam.
690 3619 734 3675 tisis
745 3619 774 3687 δὴ
789 3621 841 3682 τοῖς
854 3618 924 3682 ἰδίοις
938 3619 1014 3677 ἔθεσιν
1028 3620 1066 3677 ἐπ’
1122 3640 1167 3676 πον
1180 3621 1243 3692 τινὰ,
1259 3621 1299 3681 καί
1314 3619 1382 3675 ούδὲν
1398 3626 1447 3676 τῶν
1458 3621 1558 3694 ὑψηλῶν
1573 3620 1702 3690 ἐπαϊούαης
1719 3622 1763 3690 την
1776 3626 1821 3677 τοῦ
1836 3622 1910 3679 θεοῦ

293 3703 366 3761 αἰτοῦ
384 3705 531 3779 κεχρήμαύα,
553 3704 585 3758 τὰ
604 3706 656 3759 καθ’
679 3703 775 3766 ἑαυτούς
797 3705 914 3777 μειζόνων
932 3703 1067 3779 ὑπόδειγμα
1120 3706 1191 3778 χάριν
1205 3703 1282 3781 φαμὲν
1300 3705 1454 3779 πολυμερῶς,
1469 3708 1508 3759 καί
1522 3707 1682 3780 πολυτρόπως
1696 3705 1719 3758 ἐν
1735 3710 1787 3768 τοῖς
1801 3708 1911 3779 Προρη·

291 3787 440 3860 ποιούμενοι,
455 3788 538 3862 ὥσπερ
551 3784 575 3842 oi
588 3786 611 3842 ἰν
631 3793 710 3861 μικρῷ
720 3787 801 3842 πίνακι
815 3787 856 3842 τὸν
869 3787 978 3861 ούρᾶνιον
992 3808 1066 3845 κατα·
1119 3790 1173 3850 ταῖς
1189 3788 1321 3859 λαλοῦσαν,
1336 3788 1397 3842 κατὰ
1412 3789 1441 3843 τὸ
1455 3788 1514 3863 ἡμῖν
1534 3789 1677 3844 τύαύνοπτύν
1695 3809 1730 3859 τε,
1748 3790 1787 3843 καί
1803 3791 1913 3859 σύνηθες

289 3875 420 3953 γράρονττς
432 3870 529 3937 κύκλον.
1119 3871 1160 3934 τὰς
1171 3877 1220 3925 τῶν
1234 3870 1310 3944 ἁγίων
1324 3872 1459 3943 Προρητῶν
1470 3874 1709 3947 διαοχηματίζοοσαν
1726 3873 1851 3945 γλώττας,
1866 3876 1914 3929 διὰ

324 3954 478 4013 bGuitioti.
499 3958 581 4027 NySS.
602 3956 651 4013 lib.
668 3955 729 4013 Xll.
749 3960 819 4013 conl.
834 3959 947 4012 Eunoen.
969 3952 1064 4030 Ὥσπερ
1118 3954 1210 4007 τούτων
1229 3955 1292 4026 ἡμᾶς
1310 3953 1343 4016 εἰς
1363 3955 1408 4023 την
1425 3961 1474 4009 τῶν
1494 3956 1595 4029 ίιψηλῶν
1607 3959 1768 4031 χειραγωγῶν
1779 3961 1912 4029 κατανόη·

287 4044 340 4105 τοῖς
358 4044 449 4113 κωφοῖς
469 4043 725 4115 διασχηματιζόμενοι,
752 4040 791 4094 καί
815 4043 1013 4114 χειρονομοῦντες
1034 4038 1063 4093 τδ
1118 4058 1164 4107 σιν,
1181 4037 1210 4091 ού
1223 4038 1285 4092 κατὰ
1297 4038 1341 4106 την
1357 4036 1419 4092 ἰδίαν
1434 4041 1597 4112 μεγαλομνῖαν
1609 4040 1811 4113 ποιοομίνηντην
1823 4043 1910 4096 eisa-

287 4126 404 4200 πρακτέον
423 4125 620 4199 ύποοημαίνομκν
638 4124 694 4197 οἰιχί
723 4130 760 4197 τῷ
778 4124 810 4196 μὴ
826 4122 891 4196 ἔχειν
912 4122 974 4176 ἰδίαν
994 4123 1062 4176 absol
1117 4123 1233 4176 οκαλίαν·
1249 4128 1301 4185 πῶς
1314 4123 1361 4196 γὰρ
1375 4122 1400 4176 ἰν
1413 4129 1450 4196 τῷ
1465 4131 1545 4197 μικρῷ
1557 4126 1680 4199 χωρηθνίη
1695 4125 1724 4179 eb
1739 4124 1817 4197 μέγας
1833 4126 1911 4181 ἀλλὰ

286 4209 377 4279 φωνὴν,
392 4210 452 4263 δταν
466 4211 539 4264 τούτο
552 4213 670 4280 ποιῶμεν·
686 4207 750 4260 ἀλλὰ
765 4212 802 4278 τῷ
817 4208 967 4261 παντάπασιν
981 4208 1062 4279 ὄχρη-
1116 4210 1147 4279 τῇ
1160 4208 1292 4279 βραχύτητι
1306 4212 1349 4275 τῆς
1359 4209 1477 4281 ἡμετέρας
1492 4218 1665 4282 σνγκοιτιοῦααν
1679 4211 1812 4281 δυνάμεως.

286 4312 344 4348 στον
358 4288 418 4347 εἶναι
431 4297 484 4356 τοῖς
496 4294 540 4347 οἰικ
555 4292 667 4346 brodoam
680 4292 724 4359 την
742 4292 848 4345 tristis
866 4291 981 4363 ῥημάτων
998 4290 1061 4361 lipsi·
1151 4308 1164 4347 c
1183 4291 1299 4351 lisuniis
1335 4295 1362 4353 ί.
1389 4295 1464 4351 Mors
1482 4295 1551 4353 tici.
1579 4312 1604 4352 c.
1625 4311 1681 4352 ititt
1710 4301 1787 4355 sitit
1815 4305 1908 4359 nuri

284 4398 369 4453 γησιν·
385 4380 450 4434 οίίτω
463 4379 503 4433 καί
517 4383 561 4446 τῆς
577 4378 726 4449 ἀνθρωπίνης
738 4376 829 4447 φύσεως
844 4376 995 4447 κωρινούοης
1006 4377 1061 4449 τρύ·
1387 4432 1395 4450 γ
1632 4390 1709 4441 ,mg
1728 4389 1776 4442 tu
1786 4364 1907 4467 'ptwffi

315 4577 326 4602 ⁴
343 4575 383 4626 llis
396 4572 617 4626 Patrumsententiis
627 4571 790 4637 psyebelegies
803 4569 905 4636 aperitur
920 4570 985 4636 origo
1004 4570 1058 4620 uui·
1113 4585 1158 4637 qua
1172 4570 1234 4625 Deus
1252 4571 1281 4625 ad
1294 4585 1338 4627 nos
1358 4577 1433 4627 semet
1450 4573 1582 4639 demittens,
1596 4574 1701 4626 humans
1724 4575 1803 4627 serbis
1817 4577 1906 4633 diuina

282 4654 410 4707 ventibus
425 4652 576 4718 mstapbeuei
588 4651 696 4717 loquendi
715 4650 816 4715 genens,
833 4650 895 4714 quod
922 4650 945 4701 iu
968 4650 1058 4703 Veteris
1112 4653 1220 4718 mysteria
1236 4653 1355 4718 patelaoit.
1385 4654 1595 4719 obtemperandum
1612 4668 1681 4721 porro
1700 4658 1736 4707 est
1749 4655 1904 4711 theodorito

282 4732 424 4787 Testamenti
435 4731 498 4784 litiis
506 4732 605 4784 maxime
617 4735 708 4795 regnet,
722 4731 830 4795 quodque
846 4731 1057 4791 disponentibus
1112 4732 1394 4798 (bia1.it.)preeipieuti,
1407 4748 1458 4799 quae
1472 4737 1664 4795 ἀνδρωποπαθῶς
1678 4737 1721 4786 καὶ
1730 4737 1905 4799 οἰκονομικῶς

280 4814 358 4871 dicere
386 4813 557 4864 censuerimus.
577 4812 631 4871 Qus
653 4811 743 4875 quidem
767 4809 890 4881 appellatio
913 4811 999 4861 selecta
1022 4809 1057 4860 id·
1111 4810 1245 4871 efferuntur,
1260 4824 1287 4862 ea
1300 4813 1436 4871 tessaram
1451 4812 1617 4879 intelligantur.
1636 4813 1663 4864 E.
1679 4813 1707 4864 li.

280 4890 406 4958 ebroini,
433 4892 494 4957 quod
516 4904 567 4956 que
596 4891 679 4941 creatis
701 4890 788 4941 naturis
802 4894 825 4941 et
844 4889 954 4955 imprimis
969 4888 1057 4941 bonini
1141 4890 1167 4918 ⁴*
1181 4889 1295 4955 insignem
1309 4891 1385 4956 prodit
1397 4892 1547 4957 sagacitatem
1560 4892 1668 4944 Petreius
1681 4890 1705 4944 u
1725 4897 1793 4946 νιιίοι
1806 4895 1902 4952 videns

281 4990 294 5020 ι
310 4973 402 5041 ριοριὶο
411 4973 498 5031 insunt,
509 4983 537 5022 ea
550 4973 646 5036 psopter
666 4969 787 5033 quemdam
813 4968 967 5021 similitudinis
988 4968 1055 5021 tabi·
1109 4971 1134 5019 et
1146 4971 1214 5019 seue
1228 4982 1334 5031 mouens,
1349 4971 1411 5034 quod
1436 4971 1545 5038 deinceps
1562 4971 1676 5023 Redeunti
1699 4973 1784 5026 irauss
1796 4974 1821 5025 in
1835 4988 1903 5041 peo-

277 5053 503 5116 tamniticam,
525 5040 893 5115 resquedirinsstradiseantur.
920 5049 1053 5109 Quodnam
1108 5047 1234 5112 legonienis
1250 5048 1278 5099 sd
1297 5048 1394 5111 tenonis
1417 5062 1537 5102 sermones
1558 5050 1631 5110 (bias
1657 5051 1680 5111 1,
1699 5066 1753 5117 cap.
1781 5060 1836 5116 mg
1852 5058 1899 5115 s.)

278 5135 313 5195 is,
339 5146 366 5186 ea
380 5135 468 5186 obtinet
482 5133 665 5196 sussexiensis
681 5133 864 5196 emeccasis,
881 5145 949 5196 quam
963 5132 1053 5183 betisi
1108 5128 1327 5190 observatoribus
1341 5128 1412 5180 tuine
1428 5131 1457 5181 si
1486 5131 1591 5196 ejusden
1603 5132 1769 5184 consuendis
1784 5134 1899 5189 alienum

277 5210 394 5273 elegamn
405 5213 490 5262 vocant
507 5220 573 5271 niu
582 5218 633 5272 m
647 5210 895 5297 quietantiarum
909 5209 1017 5263 temtos
1028 5210 1053 5259 et
1107 5210 1156 5259 iam
1170 5207 1323 5272 termium,
1336 5210 1385 5261 tan
1397 5209 1566 5265 Pistoriensem
1580 5210 1691 5265 niarium
1703 5212 1797 5265 imitari
1813 5212 1844 5264 Ε.
1857 5214 1896 5266 u.

304 5412 314 5457 t
331 5411 399 5454 Serra
412 5408 505 5456 deeset
518 5420 598 5457 cxxvi.
612 5431 637 5442 -
648 5409 720 5457 ilii.
731 5410 785 5456 vlit,
797 5429 823 5442 -·
837 5408 955 5456 asemon.
965 5406 1001 5453 39.
1013 5427 1039 5440 -
1049 5403 1063 5450 t
1074 5406 1134 5451 Orat.
1147 5416 1236 5449 xxxvii.
